3436 4352
9 2135 58 2182 un
-3 2169 100 2234 her
-6 2222 102 2278 alid
-10 2265 94 2325 bis
-3 2314 97 2367 ron,
3 2543 110 2592 raff
2 2582 97 2640 WVith
-5 2624 103 2685 (par
2 2677 102 2728 But
2 2717 106 2777 than
2 2768 93 2823 ray.
-3 2804 99 2869 Der
4 2856 109 2907 veen
-3 2895 127 2962 ams
1 2939 104 2995 havo
2 2990 100 3041 east
-10 3024 103 3091 re18
4 3115 99 3180 ing,
6 3165 107 3217 the
2 3205 98 3270 ot to
12 3253 109 3314 ted,
31 3298 102 3353 ent
70 3577 107 3620 „
23 4179 244 4283 A
381 255 434 336 2
564 252 993 363 Zuischen
1238 1125 1293 1189 366
1767 1135 2020 1212 Die Zukunft.
1789 1238 2031 1332 Theater.
1218 1345 2572 1434 Smadens Adams hat eine harte Jugend gehabt. Mit der Sehnsucht, seinem
1194 1416 2585 1488 S Wollentönendes Leben zu entbinden, mit dem leidenschaftlichen Drang
1197 1486 2575 1562 zu freier Schöpferthat auf eigenem Grund mußte er Klavierstümpern die Hand
1201 1521 2584 1600 führen und sich strebsam um Stipendien bemühen. Die lächelnde Tyche, die
1194 1582 2561 1676 sich auch den Kindern Apollons nicht immerversagt, ließ ihn den Fürsten Ma¬
1186 1647 2572 1746 radas=Lohsenstein finden. Auf dem Schloß in Kiumau sollte er den Prinzen
1191 1715 2571 1799 Sigismund vor dessen Eintritt ins Kloster unterrichten; hatauf diesem Herren¬
1187 1776 2572 1868 sitz aber reichliche Muße zu selbständiger Arbeit. Allmählich wird sein Name
1188 1833 2565 1936 bekannt und die wiener Generalintendanz ernemt den jungen Komponisten
1192 1896 2573 1989 zum Kapellmeister an der Hofoper. Frei von Soigen also; nicht frei von lästiger
1197 1959 2570 2033 Pflicht: und nach Freiheit hat er sich seit den Hungerjahren gesehnt. Freiheit
1190 2019 2567 2096 sucht er auch in der Ehe; fordert sie für sich, will sie, als Ganzmoderner, aber
1181 2088 2559 2181 auch der Frau gewähren. Caecilie Ortenburg, die Primadonna, hat sich ihm
1189 2146 2558 2237 vermählt und sie haben einander fürs Leben volle Aufrichtigkeit gelobt; nie
1189 2193 2570 2301 soll in dieser Gemeinschaft Eins vor dem Anderen ein Geheimniß haben. Die
1188 2277 2563 2359 Frau vor dem Mann: Dasginge vielleicht noch (trotzdem einer jungen, schönen,
1186 2331 2566 2421 umworbenen Sängerin das Leben oft seltsame Weisen singt). Der Mann vor
1182 2383 2563 2472 der Frau: Das dünkt nur Kaffeehausartisten auf die Dauer möglich; denn
1182 2433 2559 2543 jeder Mann, der kein Afket ist, hat mal ein Abenteuer, eine Wallung oder doch
1182 2516 2558 2597 ein Gelüsien zu verbergen. Nein, spricht Amadeus; zwischen uns darf es keine
1185 2582 2561 2662 Heimlichkeit noch Heuchelei geben. Verstellung ist ihm widrig (schon weil sie
1181 2634 2563 2726 unbequem ist) und Albertus Rhon, der ihn von der Zigeunerzeit her gut kennt,
1182 2687 2551 2788 sagt zu ihm: „Wenn Du in die Lage kämest, einem Wesen, das Dir nahsteht,
1167 2753 2560 2848 Komoedie zu spielen, sogingest Du daran zu Grunde.“ Geniewahn. Erhaben
1172 2820 2560 2907 über die kleinen Konventionen schwächlicher Alltagsmenschheit. Zunobel, um
1177 2861 2565 2965 sich in eine Nothlüge zu erniedern. Das braucht Unsereins nicht. Das braucht
1174 2941 2549 3001 nur das Gekribbel da unten, in dem die Besten dem guten Albertus gleichen.
1167 2996 2536 3074 Dererträumt sich, im Gleichmaß friedlicher Tage, im Hundetrab eines Pflicht¬
1163 3062 2543 3125 lebens, Drang und Gefahr, wilde Wünsche und grellbunte Laster und ist un¬
1168 3123 2549 3212 gemein stolz, wenn er die Phantasie auf grobem, doch flecklosem Laken in den
1166 3181 2549 3269 Glauben gezwungen hat, die ahnunglos treue Ehegefährtin bringe ihm „lauter
1164 3250 2552 3333 uneheliche Kinder zur Welt.“ Der will nicht im Innersten erkannt sein noch
1171 3300 2550 3390 je verrathen, was der Nebenmensch ihm bedeutet. Der röstet die Speckseite an
1159 3357 2549 3456 der Einbildung, sein Mariechen (das nur die Kinder, die Wirthschaft und das
1169 3413 2547 3517 Gesellschaft veranügen im Kopfhat) sei in die stattlichsten Söhne seiner Poeten¬
