3484 4384
271 163 1167 262 20. Zuischensniel
1325 155 1778 256 box 25/3
1823 404 2862 460 wagte. Im „Zwischenspiel“ aber scheint dem Dichter
1829 465 2854 515 seine Begabung im Stiche gelassen, oder besser ge¬
1824 510 2863 572 sagt, trregeführt zu haben. Das Stück ist zwar ein
1829 554 2865 607 Mustr= und Meisterstück der hohen Schnitzlerschen
1829 604 2859 652 Kuns. des Dialoges. Diese Gespräche zwischen Mann
1826 652 2873 707 und Frau sind der Kern, um den der Dichter das
1833 700 2860 760 Stück mit feiner Kunst gruppiert hat. Die Geliebte
1828 765 2867 811 des Mannes, der Verehrer der Frau, treten nur als
1828 800 2855 861 Episodenfiguren, die eine in der Exposition, der an¬
1839 842 2857 907 dere im letzten Aufzuge, auf. Ein zweites, kontra¬
1838 901 2858 972 stierends Ehepaar begleitet die Handlung, wenn
1826 953 2875 1006 man das, was hier vorgeht oder eigentlich nicht
1838 1013 2863 1056 vorgeht, so nennen kann. In allen Dialogen aber
1841 1047 2873 1109 handelt es sich um Wandlungen, jedes Gespräch
1846 1097 2863 1161 führt zuletzt zu einem ganz anderen Ziele, als es
1840 1151 2877 1208 der Zuschauer von Haus aus erwartet. Im ersten
1831 1195 2861 1268 Aufzige, da die beiden wie man meint, ausein¬
1830 1249 2887 1305 andergehen wollen, beschließen sie, im gemeinsamen
1845 1292 2868 1359 Haushalte zu bleiben; und im dritten Aufzuge
1828 1357 2874 1418 trennen sie sich gerade im Augenblicke, da man
1840 1395 2870 1465 glaubt, daß sie sich wieder gefunden haben. Die
1830 1461 2878 1510 Neigung zum Paradoxen tritt in dem Stücke über¬
1838 1491 2865 1556 haupt durchgehend zutage: Der Gatte will die
1836 1539 2874 1595 Gattin besitzen als „eine, die man dem anderen weg¬
1840 1595 2879 1664 nimmt“, der Verehrer der Frau bittet deren Gatten
1846 1642 2881 1713 um ihre Hand, die Frau holt ihrem Manne von
1856 1701 2866 1767 seiner Geliebten die ihn kompromittierende Kor¬
1850 1739 2875 1800 respondenz. Das alles ist sehr fein, vielleicht zu
1846 1803 2883 1848 fein gemacht und motiviert, so daß es gesucht, um
1844 1835 2871 1901 nicht zu sagen unnatürlich erscheint, und den Ein¬
1850 1881 2885 1952 druck des Gezierten, den schon viele Aeußerlichkeiten
1842 1942 2883 1995 hervorrufen, steigert. Zu welchem spitzfindigen Raf¬
1848 1983 2883 2048 finement aber die neueste Kunst Schnitzlers sich ver¬
1845 2029 2880 2112 stiogen hat, wird eine kurze Inhaltsangabe zeigen:
1844 2087 2887 2162 Der Kapellmeister und Komponist Amadeus Adams
1844 2143 2878 2198 ist mit der Opernsängerin Cäcilie eine Ehe einge¬
1858 2178 2879 2258 gangen auf dem Grundsatze vollster gegenseitiger
1848 2238 2886 2297 Freiheit und Aufrichtigkeit; sie wollen sich auf ihren
1850 2297 2882 2348 Nebenwegen in keiner Weise hinderlich sein. Der
1851 2323 2875 2401 Dichter führt uns das Paar zu einer Zeit vor, da
1844 2374 2878 2458 nach siebenjähriger, glücklicher Ehe, der ein Söhn¬
1843 2427 2889 2497 chen, Peterl, entsprossen ist, die ehelichen Beziehun¬
1854 2496 2884 2553 gen erkaltet und recht locker geworden sind. Sie
1851 2520 2876 2590 beschließen daher im ruhigen, gegenseitigen Ent¬
1851 2566 2889 2643 gegenkommen, ihre ehelichen Bezehungen völlig zu
1848 2633 2888 2689 lösen, aber als gute Kameraden im gemeinsamen
1852 2687 2891 2741 Haushalte auch weiter zu bleiben, sich gegenseitig
1858 2721 2897 2788 zu fördern, und sich nichts, aber auch gar nichts zu
1863 2782 2890 2857 verschweigen, ihrem Grundsatze der Aufrichtigkeit
1854 2820 2887 2885 gemäß. Amadeus hat sich schon früher für eine
1866 2882 2885 2942 gräfliche Schauspielerin interessiert, deren er aber
1863 2918 2889 2987 bald überdrüssig wird; Cäcilie geht auf längere Zeit
1854 2978 2884 3047 an die Oper nach Berlin, wo sie große künstlerische
1861 3015 2893 3090 wie gesellschaftliche Triumphe feiert. In den ge¬
1859 3067 2897 3141 meinschaftlichen Haushalt zurückgekehrt, erscheint sie
1866 3109 2895 3187 dem Gatten als eine ganz andere; er findet sie wie¬
1858 3162 2892 3228 der begehrenswert und ist von Eifersucht erfüllt
1856 3216 2898 3293 gegen ihren vermeintlichen Geliebten, einem jungen
1867 3264 2887 3337 Fürsten: es reizt ihn, die eigene Gattin dem Neben¬
1863 3311 2898 3373 buhler abzugewinnen. Er erreicht auch im Sturme
1869 3367 2901 3439 sein Ziel und wird von dem Fürsten, der ihn in
1861 3411 2886 3484 förmlicher Weise um die Hand seiner Gattin bittet,
1871 3465 2895 3528 darüber aufgeklärt, daß ihre Beziehungen stets nur
1869 3509 2889 3584 platonischer Art und die Liebe eigentlich nur auf
1860 3557 2900 3638 Seite des Fürsten gewesen. Damit scheint nun
1870 3614 2900 3670 alles wieder aufs beste geordnet zu sein, um so
1867 3648 2911 3728 mehr, als auch der kleine Peterl, als einigendes
1865 3717 2900 3775 Band die Ehe zusammenhalten müßte. Aber nun¬
1858 3753 2897 3823 mehr erklärt Cäcilie, daß es Zeit sei, völlig aus¬
1862 3803 2897 3892 einanderzugehen; sie wolle nicht den Ekel abwarten,
1870 3855 2902 3913 der zum Schlusse doch kommen müsse; der Versuch
1869 3907 2897 3975 des kameradschaftlichen Zusammenlebens aber sei
1864 3949 2905 4018 gescheitert. — Die kurze Inhaltsangabe dürfte
1878 3997 2916 4070 wohl genügen, um zu zeigen, daß diese Art und
1874 4045 2902 4117 Weise, das sernelle Problem zu behandeln, nur
1879 4095 2906 4173 einer geradezu pathalogischen, einem gesunden Em
