3580 4352
295 219 1295 324 20. Zuischensniel
1356 212 1814 302 box 25/2
2063 103 2987 155 schen Werth keinen Anspruch erheben kann, an Bühnen¬
2045 148 2799 202 wirtsumkeit ist es ganz gewiß arm, deshalb
2810 184 2943 230 G—h.
2799 199 3114 265 heneweinaunsturre
2298 250 2988 322 lers „Zwischenspiel“ das schon in
2035 278 3002 339 Wienwikde, hat uns gestern in unserem
2043 315 3159 373 Lessing=Theater beglückt. In Wien ist das Stück (8a4
2040 387 2986 439 jusgepsissen worden, was wieder einmal Zeugniß
2038 419 2988 466 ablegt für den munteren Sinn und gesunden
2046 437 3190 512 Menschenverstand des Wiener Publicums in Berlin #### %
2044 496 2995 546 hat man sich die langweiligste Komödie, die je ge¬
2049 544 3004 589 schrieben wurde, zwei Acte lang verständnißinnig
2054 574 3003 625 sangehört; dann wurde auch diesen Wohlwollenden
2052 611 2997 664 des einfältigen Geschwätzes zu viel und man zischte
2044 656 2210 707 dentlich.
2085 675 2999 732 Natürlich ist die Geschichte wieder einmal ein Seelen¬
2044 731 2997 776 gemälde. Endlos stehen zwei Personen sich gegenüber
2116 781 3003 828 sehr selten drei oder mehr — und sagen sich etwas.
2054 819 2995 869 Und wenn sie sich nichts mehr zu sagen haben, ist das
2052 851 2666 909 Stück aus und fällt der Vorhang.
2082 878 2993 931 Amadens Adams ist seit sieben Jahren mit seiner
2046 928 3001 965 Frau Cäcilie vermählt und hat von ihr ein Kindlein,
2046 967 3008 1027 das Bub genannt wird und für die nothwendige
2041 1007 2997 1046 Rührung bei zweifelhaften Actschlüssen zu sorgen hat.
2045 1045 3007 1093 Amadens ist Capellmeister, seine Frau ausübende
2043 1084 3003 1123 musikalische Künstlerin. Und sie erfüllen ihren musi¬
2047 1121 2998 1171 kalischen Beruf jeder so ganz, daß bei beiden das
2055 1157 3001 1214 Interesse für die eheliche Gemeinschaft zu schwinden beginnt.
2052 1215 3004 1263 Sie sind Kameraden, einfach Kameraden, und wissen
2049 1240 3007 1299 nichts mit einander anzufangen. Nur zu sagen haben
2054 1279 2875 1352 sie sich gegenseitig etwas, immer nur zu sagen.
2081 1331 3007 1374 Daß man trotz aller geistigen Kameradschaft immer
2059 1355 3004 1412 noch einen Körper mit sich herumschleppt, ist be¬
2329 1405 3014 1446 ein alter Fluch, den eine spiri¬
2049 1403 2256 1454 dauerlich,
2052 1436 3013 1499 tualistische Religion „Erbsünde“ genannt hat. Dieser
2053 1475 3014 1516 Körper macht sich auch bei Amadeus und Cäcilie
2052 1510 3013 1560 bemerklich, da er aber in ihr eigenes Verhältniß nicht
2063 1559 3002 1605 mit hineinreden darf, sucht er sich eine andere Erregung
2062 1598 3005 1648 und eine andere Bethätigung. Amadeus scharwenzelt
2058 1637 2998 1694 mit der pikanten Opernsängerin Mosheim herum,
2065 1668 3013 1744 Cäcilie aber geht mit dem Fürsten Siegismund auf
2070 1720 2205 1774 Reisen.
2096 1731 3009 1802 Im ersten Act müssen wir — kopfschüttelnd — sehen,
2070 1793 3018 1849 wie Amadeus gegen diese fürstenbegleitete Abreise seiner
2061 1834 3016 1879 Frau nichts Anderes hat, als ironische Worte. Im
2065 1883 3025 1928 zweiten Act kehrt Cäcilie, um manche Erfahrung be¬
2062 1909 3012 1968 reichert, zu ihrem Manne zurück, der unterdessen im
2056 1950 3017 2002 Verkehr mit der Opernsängerin ebenfalls etwas mobiler
2057 1993 3012 2044 geworden ist, nicht mehr der langweilige Peter von
2056 2038 3019 2079 Kamerad sein will. Sinnlich angeregt wirbt er um
2068 2068 3015 2113 die Liebe seiner Frau, um die wirkliche reelle Liebe, wird
2350 2106 2780 2161 und der Vorhang fällt,
2068 2111 2350 2162 erhört und ..
2102 2153 3013 2198 Der dritte Act bringt den Katzenjammer. Das (in
2063 2190 3011 2250 den Zwischenact gelegte) Zwischenspiel, diese allzu reale
2059 2228 3011 2281 und brutale Annäherung war den feinen Leutchen zu
2062 2276 3020 2319 viel. Der Mann glüht zwar noch etwas nach, sie aber
2065 2302 3027 2357 sagt über diese heftige Liebe allerlei Kiuges und
2065 2352 3018 2398 Langweiliges und voll Resignation trennt man sich. Der
2060 2388 3016 2443 gebildete Zuschauer aber citirt in seinem Innern einen
2062 2432 3018 2479 berühmten Spruch des Aristoteles, den man leider nicht
2073 2467 3027 2532 wiedergeben kann, nicht einmal bei Besprechung dieses
2061 2505 2234 2573 Werkes.
2099 2539 3010 2596 Nach der Inhaltsangabe mag der Leser entscheiden,
2065 2591 3011 2647 ob der Vorgang des Stückes ihm sympathisch sein kann
2064 2628 3021 2677 oder nicht. Beträchtlich ist er gewiß nicht, dieser Vor¬
2068 2662 3018 2710 gang, diese entsetzlich langwierige Erörterung darüber, auf
2062 2704 3024 2741 welche Art Amadeus seine Cäcilie lieb haben wird und
2066 2743 3014 2780 auf welche nicht. Ausblicke in größere Allgemeingiltig¬
2065 2780 3023 2834 keiten bietet dieser Zweikampf nicht, und man freut sich
2071 2831 3027 2875 höchstens des eleganten Spieles dieser Apercus und
2072 2874 3020 2912 Repliken, die sich kreuzen und schlagen, elegant und
2073 2908 3025 2952 blitzend, wie die Klingen Französischer Florette. Schnitz¬
2079 2935 3026 2989 ler ist unzweifelhaft der beste Causeur unserer
2073 2989 3026 3039 Bühnen und auch ein Lustspieltaleutchen fehlt ihm
2075 3026 2211 3074 nicht
2078 3057 3033 3113 Episode — aber noch mie ist es ihm gelungen,
2083 3110 3027 3155 uns zu ergreifen, uns an die Nieren zu.
2080 3136 3016 3195 gehen, wie der Berliner sagt, oder uns für längere
2087 3186 3026 3227 Stunden nachdenklich zu stimmen. Die wirkliche Welt
2082 3222 3030 3272 ist leider gar nicht so parfümirt, wie des glücklichen
2083 3264 3022 3308 Herrn Schnitzlers Welt, und schon auf der Straße
2077 3289 3019 3345 draußen beim ersten Schritt weht uns Gottes reiner
2064 3331 3026 3392 Wind die Erinnerung an diesen Salonduft hinweg,
2069 3377 3029 3434 an diese Spitzfindigkeiten und Geistreicheleien, an diese
2068 3418 3029 3460 verdammt unechte, gezierte Erotik, an diese — sagen
2075 3469 3019 3523 wir es heraus — erbärmliche Kleinlichkeit der Welt¬
2068 3502 2316 3550 anschauung.
2117 3520 3028 3576 Bassermann spielte den Capellmeister und war
2075 3576 3028 3629 wieder einmal zu zapplig und zu hastig. Diesen
2078 3612 3027 3661 Zweifler und Grübler, der in den intimsten Scenen
2076 3654 3030 3713 des Lebens nach Spitzfindigkeiten und Nuancen sucht,
2074 3695 3016 3739 diesen Wiener Decadenten hätte man eleganter, leiser,
2072 3731 3018 3784 müder spielen müssen, wenn er hätte glaubhaft werden
2071 3774 3022 3825 sollen. Dem Hitzkopf, den Bassermann da hinstellte, der
2063 3817 3008 3878 mit den Armen herumsuchtelte und auf den Tisch schlug,
