3484 4384
1343 132 1808 227 hox 25/4
270 134 1197 241 20. Zuischensniel
1400 1027 3306 1109 als für den Mann, dessen „rückhaltslose“ briefliche Zuschauer als Zuhörer ist, recht wirtungslos
1405 1082 3311 1158 Freundesoffenheit während seines Verkehrs mit vorüber; das will unmittelbare Ausbrüche der Leiden¬
586 1011 1244 1174 Vier Premieren!
1405 1137 3313 1198 der Gräfin übrigens auch viel zu wünschen übrig schaft in erregender Gegenüberstellung sehen, nicht
911 1140 1376 1229 München, 15. Januar.
1401 1156 3309 1241 läßt. Als er sich schnell von der Unwürdigkeit aber rhetorische Filtrierungen dieser Leidenschaft
729 1209 1156 1299 Zwischenspiel.“
1401 1223 3310 1294 seiner Flamme überzeugt hat und von seiner Aben=[hören. Ein technischer Fehler des Stückes liegt übri¬
1395 1258 3304 1333 teuerlust gründlich geheilt ist, kehrt Cäcilie forschend gens auch darin, daß zwei seiner Nebenfiguren — der
493 1263 1406 1354 * Wer als geistiger Analytiker den Dialog dieses
2338 1312 3310 1378 räsonnierende Librettist des Helden und dessen Gattin
1396 1305 2351 1388 zurück; ihr galt das Zwischenspiel“ in Wahrheit als
442 1339 1407 1389 jüngsten Schnitzler Wendung um Wendung prüft,
2349 1363 3311 1413 — persönlich gar nicht in die eigentliche Handlung
444 1348 2346 1441 findet schwerlich etwas daran auszustellen und kann bloßes Spiel, um sich die ganze Liebe des Gatten
1400 1408 3305 1467 zurückzuerobern: und ald sie entdeckt, daß er sein verwickelt werden. Bei alledem freilich hat sich
437 1422 1419 1496 wohl nur sagen: Sehr fein! Sehr gescheit! Alle Hoch¬
447 1447 3310 1534 achtung! Die prinzipielle Verschiedenheit des männ= Abenteuer realer nahm als sie das ihre, als er sie Sebnitzler auch hier den Dank derer verdient, die
1406 1486 3301 1550 obendrein nicht als die Altvertraute, sondern nur um einen Theaterabend noch nicht für verloren erachten,
454 1516 1408 1572 lichen und weiblichen Empfindens, vor allem die
447 1535 3306 1608 grundverschiedene Auffassung, die der unverbildete der leidenschaftlichen Veränderung willen, die mit ihr wenn sie in irgend einem, wenngleich nicht im dra¬
446 1569 3305 1655 Mann und die unverdorbene Frau von sexuellen vorgegangen scheint, wie eine fremde neue Geliebte matisch=Sichterischen Betracht auf ihre Rechnung ka¬
445 1655 3309 1694 Konflikten und Problemen haben, erfährt hier eine sinnlich begehrt und überwältigt, kommt es zwischen men. Wir haben ja heute soherzlich wenige Pocten, die
455 1701 3308 1736 sehr treffende, auch humorvolle und satirisch witzige den beiden zum ernsthaften und völligen — vielleicht überhauptin der Lage sind, einen, Eindruck“zu machen.
443 1737 3307 1793 Klarlegung. Trotzdem wird besagter Analytiker auch dauernden — Bruche. — Wie gesagt: es treten Interesse hat auch der geistige Zusammenhang, der
450 1761 3316 1829 etwas, ja vieles an dem Stück schmerzsichst vermissen, ungewöhnliche kluge Einsichten in der Komödie zutage, die Komödie mit dem „Grünen Kakadu“, auch mit
1417 1791 3315 1860 durch welche sie sich dem Gedankengehalt nach weit dem „Paracelsus“ verbindet: Ich meine das dichte¬
438 1801 1432 1879 sobald er nicht bloß intellektueller Feinschmecker ist:
448 1879 3304 1925 denn die Subtilität Schnitzlers war bei diesem Werk über den Durchschnitt erhebt. Aber, aber! Schnitzler rische Spiel mit Spiel und Ernst, Vorstellung und
445 1886 3312 1967 eben eine rein verstandesmäßige und genügte deshalb zeigt den Mann und das Weib, er bringt die leben= Wirklichkeit; eserscheint hier u. a. auch dadurchsymbo¬
452 1957 3309 2006 wohl zur Herstellung eines geistreichen Gedanken= digen Einzeleremplare nicht nahe genug, und zudem lisch betont, daß der kleine Adams von seiner Ko¬
2343 1973 3308 2055 mödie spielenden Mama mit einem Puppentheater
441 1980 2356 2053 präparates, nicht aber zur Darstellung und Kenn=zeigt er die beiden Geschlechtsrepräsentanten fast nur
2342 2020 2683 2094 beschenkt wird. —
447 2012 2353 2089 zeichnung lebendiger, glaubhaft sich benehmender von der Seite scharf=verstandesmäßiger Entscheidung,
2388 2043 3307 2117 Die von Regisseur Lützenkirchen geleitete, von
1406 2051 2354 2122 wie sie im wirklichen Leben sehr ausnahmsweise das
441 2085 1420 2146 Menschen. Um was die Komödic sich dreht,
2339 2085 3311 2156 hochmodernen Dekorationen umrahmte Wiedergabe
454 2108 2359 2182 haben schon auswärtige Referenten unseren Wort hat und fast niemals den Ausschlag gibt. Zu¬
1420 2142 3304 2214 mal seine Cäcilie spricht ihren Standpunkt fast durch= des Stückes im Residenztheater war im ganzen recht
456 2163 1433 2229 Lesern verraten. Der für unbedingte Wahrhaf¬
448 2200 3315 2255 tigkeit schwärmende Kapellmeister und Komponist weg in ernüchternd wohlgesetzter Rede aus, in einer gut. Fräulein Swoboda konnte zwar nicht allen
2341 2225 3314 2300 Anforderungen der Cäcilie gerecht werden, doch war
449 2231 2351 2305 Adams und seine schöne Frau Cäcilie, eine ge= intellektuellen Pointierung, die spezifisch männlich ist
2347 2265 3298 2339 sie unter den Kräften, die der Hofbühne gegenwärtig
1414 2290 2354 2354 und jedem Psychologieprofessor Ehre machen würde,
451 2298 1423 2377 feierte, mit ihrem Gatten in glücklicher, doch oft be¬
2346 2296 3297 2387 zur Verfügung stehen, ohne Frage die verhältne
1410 2333 2346 2391 kaum aber einer enttäuschten liebenden Frau. Zu
449 2349 1422 2403 ruflich getrennter Ehe lebende Opernsängerin, machen
2351 2355 3313 2428 mäßig geeignetste und bot eine anerkennenswerte.
1409 2380 2353 2433 diesen dichterischen Bedenken kommen rein bühnen¬
455 2396 1420 2446 sich in ihrer gewohnten restlosen Aufrichtigkeit auch
2333 2407 3313 2478 zum Teil auch durchaus treffende Leistung. Die Rolle
1419 2420 2355 2475 mäßige, die nun einmal auch ins Gewicht fallen.
459 2433 1424 2490 kein Hehl aus Abenteuerneigungen, die ihn zu einer
461 2485 3314 2531 lockeren Theatergräfin, sie — offenbar nur infolge= Gewiß ist die Verinnerlichung des dramatischen Vor= des Kapellmeisters gab Herr Monnard sehr ver¬
459 2490 3318 2580 dessen — zu einem blutjungen Fürsten ziehen. Auf gangs löblich, vornehm und modern: sie darf aber ständnisvoll und auch so mensch“ lebendig und
454 2552 3321 2605 Grund der gemeinsamen „höheren“ Lebensanschau= nicht dahin ausarten, daß die Leute auf der Bühne künstlerisch eindringlich, als #e überhaupt möglich
457 2609 3321 2659 ung schlägt der abwechslungslüsterne Mann, der aber lediglich vom Gegenwärtigen, Künftigen und Ver= sein dürfte; nicht minder gut wor Herr Lützen¬
461 2666 3321 2719 doch auch die Vorzüge des chelichen Gedankenaus= gangenen reden, reden und wieder reden; eine Auf=kirchen als behaglich=überlegener Poet und Räson¬
453 2664 3326 2751 fausches nicht enthehren möchte, für die Zukunft volle raffung zu sinnenfälliger „Tätlichkeit“ in allen be= neur. Herr Waldau vermochte in her Rolle des
463 2747 3326 2801 sexuelle Ungebundenheit für beide Teile vor, unter deutsameren Momenten bleibt denn doch eine iungen Fürsten zwar nicht im wünschenswerten
454 2767 3314 2850 Aufrechterhaltung eines Freunbschaftsverhältnisses Grundbedingung der Bühnenwirksamkeit. Mit allei= Maße zu repräsentieren, bot aber im übrigen gleich¬
461 2797 3310 2886 mit unbedingt offener Aussprache. Cäcilie willigt ein: niger Ausnahme etwa des zweiten Aktschlusses, wo falls ganz Entsprechendes; auch Fräulein v. Hagen
456 2882 3323 2925 und der Gatte ist, die Gattin scheint glücklich. In der Adams die Heimgekehrte in neuerwachter Begehrlich= blieb der Gräfin, Fräulein Lossen der Gattin des
455 2897 3328 2971 folgenden Trennungszeit bricht wohl er die eheliche keit mit sich fortreißt, enthält aber die Komödie keinen Dichters nichts Wesentliches schuldig. Inden kleineren!
466 2924 3318 3020 Treue, nicht aber sie, da eben für die Frau Auftritt, in welchem die wirkenden Kräfte auch äu=Nebenrollen waren die Damen Menge und Kolbe
1422 2982 3317 3047 ßerlich ganz in Erscheinung träten: ein Mangel, und die Il. Forstner beschäftigt. Das gutbesuchte
460 3008 1436 3064 volles Vertrauen und seelisch=geistige Gemeinschaft
458 3040 3314 3123 ganz anderes bedentet und praktisch mit bedingt der selten verziehen wird. Bloß ausgesprochene Ge= Haus spendete freundlichen Beifall, der seinen Höhe¬
1415 3078 3025 3136 danken, in bloßen Worten angedeutete Empfindungen punkt nach dem zweiten Alt erreichte.
472 3108 585 3157 —
2676 3100 3279 3193 Hanns von Gumppenberg.
503 3138 2412 3219 Als Buch erschienen Berlin 1906 bei S. Fischer. gehen dem großen Theaterpublikum, das stets mehr!
2096 3176 2274 3305 7
441 3209 1365 3401 NunineS
2244 3240 2621 3410 4006
