3484 4256
258 135 440 218 20
1319 128 1772 213 box 25/4
420 124 1170 238 Zuischensniel
1889 753 3198 805 sind, worauf die Menge Beifall klatscht. Die Zahl der Voraus¬
3174 771 3254 848 3
1898 782 3188 848 setzungen in der Wirklichkeit aber ist für das Lehen des Menschen
919 693 1596 849 Sheate und Inneik.
1905 824 3195 884 unendlich groß. Treiben wir also nicht niedere dramatische Mathe¬
969 837 1560 904 Deutsches Schauspielhaus.
1904 874 3206 932 matik mit etlichen plumpen Zahlen, treiben wir dramatische
585 874 1901 966 Zwischenspiel, Komödie in drei Akten von Arthur Schnitzler.
1907 900 3161 950 Differenzialrechnung, um der Wirklichkeit näher zu kommen. —
667 942 1899 992 Nach Sudermann Schnitzler. Nach dem Mann der groben Bühnen¬
1902 929 3179 992 Wiederum eine große Sache, deren sich der Dichter unterfängt.
3171 965 3250 1015 si
598 980 1891 1032 effekte der sensivle Künstler des feinen, seelischen Geschehens. Nach
1907 981 3168 1034 Es fragt sich nur, ob die große Wandtafel der Bühne, auf
3178 1001 3247 1046 al
599 1018 1905 1077 einem polternden Theaterdonner soll man das Gras wachsen kören.
1894 1018 3177 1083 der man anscheinend nur mit groben, dicken Kreidestrichen den
593 1043 1902 1125 Fast zu rasch kam Schnitzter im Deutschen Schauspielhause auf Sudermann
1899 1072 3169 1117 Zuschauerschülern etwas klar machen kann, der gegebene Raum
3169 1003 3240 1087 45
601 1092 1898 1152 Die Empfänglichkeit war noch auf laute und derbe Einwirkungen
1902 1089 3175 1151 für so feine Seelenmathematik ist. Sollte sie nicht besser auf
3178 1118 3244 1162 kr
595 1138 1895 1208 gestimm; das Verständnis war auf Muteilungen gefaßt, die in ihrer
1907 1136 3177 1187 den weißen Blättern des Romans oder der Novelle zu fixieren
3172 1152 3263 1209 tä
600 1172 1908 1237 vulgären Zudringlichkeit beiahe beleidigend und abstoßend wirkten.
1906 1183 3189 1231 sein? Sollte dem Publikum gegenüber der mit einem gewaltigen
3180 1195 3263 1243 vi
1907 1210 3184 1266 Stück Kreide bewehrte Sudermann recht behalten gegenüber dem
601 1208 1904 1263 Empfindliche Geister rollen sich einem Sudermann gesenüber zusammen
3185 1232 3255 1280 m
1899 1243 3182 1309 mit einem feingespitzten Silberstift seine mysteriösen Zahlenreihen
606 1253 1896 1309 wie ein Ige', wollen lieber gar nicht berührt sein, als daß sie
3177 1274 3253 1320 hi
603 1293 1899 1357 mit unzarten Händen an sich herumtasten, herumkneten lassen.
1902 1293 2426 1369 aufschreibenden Schnitzler?
1816 1334 1908 1379 ein
1961 1334 3200 1395 Lassen wir ihn rechnen, und sehen wir uns das Resultat
606 1319 1793 1397 Dagegen verlangt Schnitzler in seinem „Zwischenspiel“
603 1373 1896 1425 weites Oeffnen von Auge und Ohr. Grelle Lichter und schrille Klänge
1905 1362 3191 1422 an. Aus den langen Kolonnen feiner Zeichen entwickeln sich
603 1399 1906 1480 sind nicht zu fürchten. Zarte Nuancen wollen liebevoll gesehen, leise,
1905 1411 3191 1472 einige stärker geschriebene Hauptzahlen, die wichtigen Stationen
3185 1366 3261 1474 n
602 1445 1902 1502 ganz leise, kaum hörbare Oberiöne wollen vernommen sein. Man
1905 1455 2825 1516 auf dem Wege zur Auflösung kennzeichnend.
3201 1465 3261 1513 be
606 1477 1912 1547 darf und muß die Tore weit aufmachen, durch die das Kunst¬
1946 1486 3257 1543 Der Kapellmeister Amadeus, als solcher eine komplizierte Künstler=te¬
606 1531 1905 1585 werk in die Seele einzieht; kein Pförtner braucht an der Tür zu
1901 1526 3251 1587 natur, ist auf dem Wege von seinem Heim und seiner Frau zu einersn
608 1565 1894 1639 stehen, um groben, ungebetenen Gästen den Eingang zu wehren.
1912 1576 3207 1628 Andern, der Gräfin Friederike. Sein Frau Cäcilie empfindet die
607 1597 1903 1662 Es ist eine zarte, stille, ätherische Gesellschaft von Empfindungen und
1906 1611 3268 1675 allmähliche Trennung des Mannes, das Divergieren der beiden Lebens¬B.
610 1645 1903 1694 Gedanken, die Einlaß heischend draußen steht: silberne, kristallhelle, von
1905 1646 3236 1711 prozesse stärker als der Gatte. Wahrheit soll in der Ehe herrschen. d'
617 1692 1909 1745 traumhafter Dämmerung umwobene, von seidenen Falten weich um¬
1902 1694 3265 1745 Seit Ibsen ganz besonders. Ist das eheliche Zusammenleben keinelk
608 1720 1904 1786 flossene Gestalten. Alle in dem hochzeitlichen Kleide, das ein feiner und
1906 1728 3262 1786 vollkommene Einheit, so dürfen den zwei besonderen Leben keinein
608 1759 1910 1815 liebenswürdiger Geist in Stunden gesegneter Muße und Zurückgezogenhen
1906 1773 3195 1825 Freiheitsbeschränkungen auferlegt werden. Jeder von den Ehegatten
614 1801 1903 1857 für sie gewoben hat. Im Gewande des weichen, graziösen Schnitztei'schen
3177 1813 3248 1866 6
1908 1812 3191 1857 kann tun und lassen was er will, obgleich ein fünf Jahre altes Kind
611 1836 1910 1897 Dialogs, der dahinfließt wie ein ruhiges Gewässer, mit leichtem
1903 1853 3193 1898 da ist. Wenn man näher zusieht, so muß dieser Freiheit ein schranken¬
609 1884 1911 1947 zitterndem Wellenspiel unter dem Hanche des Abendwindes. Den
1903 1894 3199 1935 loser Individualismus zugrunde gelegt werden, den es in der Wirk¬
617 1913 1913 1971 großen Stürmen der Leidenschaft ist in den Landen der Schnitzter'schen
1910 1926 3193 1973 lichkeit gar nicht gibt. Und hier stößt uns das vollkommen Erkünstelte,
604 1958 1523 2015 Dichtung das Brausen und Zerstören untersagt.
1903 1967 3203 2025 das fundamental Falsche in den Schnitzlerschen Suppositionen ab. Es
673 1975 1905 2042 Zwischen zwei Menschen spielt die Komödie Schnitzlers: Ein Duett
1904 2001 3200 2045 ist Niemand allein auf der Welt, und es handelt keiner für sich allein,
618 2032 1902 2089 seelischen Erlebens. Zwischen Mann und Frau. Es heben sich im
1911 2041 3194 2091 ohne daß andere tangiert werden. Der Pflichtbegriff ist ein Unsinn,
615 2083 1907 2129 Lauje der Zwiegespräche, aus denen diese Komödie wesentlich zusammen¬
1913 2083 3199 2134 wenn er nur als Pflicht gegen sich selbst aufgefaßt wird, wie es ein
617 2116 1913 2183 gesetzt ist, die Schleier von verhüllten Seelenzuständen. Es findet eine
1903 2114 3221 2166 absoluter Individualismus tut. Und Schnitzler bleibt auch nicht bei
622 2153 1905 2201 chemische Anaiyse statt, die die Elemente zweier scheinbar fest ver¬
1904 2160 3206 2219 der absoluten Freiheit des Einzelnen stehen. Ganz leise und unver¬
614 2189 1396 2253 bundenen Naturen von einander scheidet.
1902 2194 3198 2248 merkt schleicht sich der übliche Pflichtbegriff ein, und er ermöglicht
666 2219 1913 2280 Die Trennung ist möglich, weil die Naturen nicht im tiefsten Kern zu
1913 2229 3190 2285 erst das Drama. Amadeus und Cäcilie treffen das Abkommen, daß
624 2258 1910 2325 einer unlöslichen Einheit verbunden sind. Oder gibt es keie unlösliche
1913 2280 3200 2327 jeder für sich ganz frei handeln darf. Amadeus handelt frei, das
1815 2309 1894 2360 I
615 2312 1828 2376 Einheit in dem Verhältnis zweier Menschen zu einander?
1907 2306 3203 2360 heißt er bricht seine Ehe mit der Gräfin Friederike, um mit dürren
615 2354 1905 2408 diese Einheit, von der die Dichter singen, und von der Liebende
1915 2350 3201 2404 Worten das zu sagen, was in der Komödie mit weichen Schleiern
621 2387 1905 2438 auf dem Gipsel ihres Glückes überzeugt sind, nur eine innige
1914 2393 3191 2438 verhüllt ist. Cäcilie fühlt sich nur versucht, frei zu handeln, sie em¬
622 2426 1905 2472 Berührung zweier wesensverschiedener Körper? Eine Berührung.
1913 2423 3197 2484 pfindet die Verlockungen dazu. Die Erde scheint ihr voll von Aben¬
620 2443 1919 2528 die die Zeit und die äußeren Einwirkungen wieder aufheben?
1910 2468 3196 2513 teuern, der Himmel wie von Flammen strahlend, sie steht mit aus¬
626 2507 1915 2566 Steht in Wahrheit nicht vielmehr jeder allem? Eine schmergliche,
1910 2502 3205 2559 gebreiteten Armen und wartet. Und Amadeus, der de sacto Untreue,
1914 2549 3203 2594 benutzt dieses Warten, und er wird in einer Nacht der Geliebte seiner
613 2545 1912 2609 milde Skepsis spricht aus der Schnitzter'schen Dichtung. Sind
615 2577 1911 2647 wir nicht ein Spiel von jedem Druck der Luft? Leben und
1921 2581 3191 2638 Frau. Er vermeint dadurch wieder der Ehegatte Cäciliens geworden
616 2616 1915 2685 wachsen wir nicht? Hat nicht jeder sein eigenes Leben und sein eigenes
1922 2619 3199 2671 zu sein. Ein Wahn! Denn Cäcilie stößt ihn von sich, dekretiert ewige
619 2653 1909 2709 Wachstum? Und ist es möglich, daß sich Leben und Wachstum zweier
1918 2652 3207 2714 Trennung. Warum in Wahrheit? Weil ihr Amadeus durch ein
1919 2699 3202 2752 wirklich erlebtes Abenteuer mit der Gräfin untreu geworden war. Der
611 2696 1910 2762 Meuschen in vollkommener Einheit vollzieht? Daß Hassen und Lieben
1909 2725 3211 2791 ganz ordinäre Pflichtbegriff von Liebe undTreue reitet in die Schranken
608 2738 1419 2802 immer auf die gleichen Ziele gerichtet ist?
1918 2774 3211 2825 und wirft alle superfeine Individualitätskünstelei leblos in den Sand.
680 2755 1915 2828 Wo beginnt die Untreue bei seelischen Divergenzen? Wo sind
1919 2815 3205 2867 Sieht man sich die Schnitzlersche Komödie unter dem Mikroskop an, so
616 2813 1919 2871 die Punkte, von denen aus das voneinandergerichtete Seelenleben
1923 2839 3216 2902 erblickt man Launen und Augenblicksgelüste als Grundmotive alles
613 2849 1916 2929 zweier nicht zusammengehöriger Menschen sich nicht wieder zu
1918 2884 3210 2946 menschlichen Handelns. Und auf solchen Motiven läßt sich wohl ein
608 2891 1084 2973 sammenfinden kann?
1918 2919 3205 2973 dramatisches Hin und Her, aber kein Drama aufbauen. So kommt es,
691 2906 1923 2979 Es gibt kein wahres Leben ohne Aufrichtigkeit, sagen sich der
1923 2959 3203 3013 daß bei aller wunderfeinen Detailarbeit die Komödie als Ganzes voll¬
615 2962 1924 3024 Kapellmeister Amadeus und seine Frau Cäcilie. Und sie wollen
1915 2998 2617 3059 kommen kühl und gleichgültig läßt.
623 3002 1923 3058 aufrichtig gegen einander sein. Sie sind es auch, so weit sie
1962 3026 3203 3093 Allen zarten Nuancen der Schnitzlerschen Detailmalerei wurde Frl.
626 3046 1922 3102 sich über sich selbst klar sind. Wer aber ist sich über sich selbst
1915 3079 3210 3131 Hönigsvald in bewundernswertem Maße gerecht. Die Künstlerin
620 3073 1920 3151 vollkommen klar? Es ist eine große Kunst, sich selbst zu erkennen,
624 3112 1907 3176 sagt ein alter Denker. Vielleicht ist es eine unmögliche Sache.
1927 3112 3219 3183 gehört zu den bedeutendsten Darstellerinnen moderner Frauencharaktere.
1923 3160 3206 3208 Schon um dieses Spiel zu sehen, das für jede kleinste seelische Regung
624 3148 1924 3213 Mit einer Situation, in der sich Mann und Frau über sich
1929 3197 3209 3247 leicht und mühelos den wirksamten Ausdruck findet, lohnt ein Besuch
629 3190 1923 3251 selbst nicht klar sind, fängt das Drama an. Wer wollte leugnen,
1918 3233 3213 3285 des „Zwischenspiels“. Herr Wagner war der Künstlerin ein wür¬
623 3235 1922 3303 daß es solche Situationen gibt? Vielleicht besteht das ganze
1925 3265 3218 3322 diger Partner. Ein ganz vollkommener konnte er nicht sein, da seine
632 3277 1925 3327 Leben aus einer Folge von solchen Situationen. Und Schnitzler
1926 3318 3209 3360 Natur für die feinnervigen Gestalten Schnitzlers zu wuchtig und schwer¬
622 3300 1922 3361 schildert die traumhafte Unsicherheit einer solchen Lage mit feinster
1915 3345 3204 3407 blütig ist. In den Nebenrollen, die die Hauptfiguren nur stützen und
626 3353 1918 3423 Künstlerschaft. Aber sind unsichere seelische Verhältnisse geeignet,
1695 3376 1926 3444 Versuchen
1931 3368 3208 3435 erläutern, leisteten die Herren Gebhardt und Keller=Nebri,
625 3386 1672 3452 die sichere Grundlage für ein Drama abzugeben?
1916 3418 3209 3483 sowie Frl. Westhoven Löbliches. Frl. Kühnert gab die Gräfin
628 3421 1931 3494 wir es — sagt Schnitzler. Wir hätten dann ein Drama, das
628 3456 3210 3520 der Realität näher käme, als eure ordinären Dramen mit den] Friederike etwas zu geziert. Die Inszenierung, für die Freiherr
633 3490 3203 3564 siebenunddreißig oder neununddreißig ganz bestimmten Voraus-svon Berger verantwortlich zeichnete, zeugte von vollkommener Ein¬
3011 3532 3190 3597 H. O.
620 3559 2635 3622 setzungen, aus denen ganz bestimmte Schlüsse leicht zu ziehen fühlung in die Schnitzlersche Eigenart.
2390 3569 3043 3749 SEnd.
1663 3586 2313 3778 Ja#kuse
610 3632 1495 3788 #re Jawat der
2797 3736 3178 3895 70 80
