3580 4352
1309 209 1814 280 box 2572
272 205 1276 314 20. Zuischensniel
458 1017 3296 1085 nie den Ausdruck gesunden. (Von der kleinen! der Untreue die Herrschaft in ihrem Herzen ein= wohl doch zu sehr auf den Ehemann der französi¬
2339 1059 3283 1117 schen Komödie. Er brachte seine Vonmots mit
1409 1064 2349 1116 zuräumen. Die unvermeidliche Aussprache zwi¬
457 1063 1411 1116 Groteske vom „Grünen Kakadn“ vielleicht abge¬
2345 1099 3285 1154 einer drollig trockenen Naivität und freute sich zu
1419 1093 2342 1145 schen den Erkaltenden bringt Klarheit. Sie sparen
472 1109 1412 1155 sehen, die allerdings auch mehr ein sehr geistreiches
2347 1138 3298 1184 sohr der scherzhaften, kleinen Nummern, die ihm
1413 1132 2340 1183 die großen Worte. Ein spät erkannter, langer
462 1139 1406 1189 Spiel mit der Leidenschaft, als die Leidenschaft
1402 1157 2349 1223 Irrium virft nur eine leise zitternde Bitterkeit
2344 1176 3281 1229 die Rolle erlaubte. Im Schlußakt war er auf der
474 1177 1408 1233 selbst darstellt.) Unter der Oberfläche spinnen
1406 1209 2342 1259 in manchen Satz. Aber sie wahren sich die Ach¬
2347 1216 3291 1269 Höhe. Nur mit der allzu saloppen Behandlung der
483 1224 1412 1279 sich gern in seinen Dichtungen die Fäden der Ge¬
1407 1240 2350 1296 tung, versprechen sich die Freundschaft, die schon
2356 1250 3282 1299 Sprache, die dem Dialekt zu willig Konzessionen
470 1251 1403 1301 fühle, des Humors, einer gewissen lächelnden Ver¬
1410 1285 2351 1342 zur reihten Erziehung des unschuldigen Söhnchens
2340 1290 3291 1347 macht, kann man sich auch hier nicht einverstanden
477 1290 1410 1344 achtung. Von den Tragödien der grellen Taten
1403 1329 2350 1371 nötig ist. In Freiheit gehen sie auseinander, in
479 1334 1409 1384 und rauschenden Worte trennt sein weiches, müdes
2350 1328 3290 1387 erklären. Irene Triesch als Cäcilie sah sehr
1397 1358 2341 1415 Freiheit bleiben sie sich verbunden. Das Weib, die
481 1367 1411 1420 Wienertum mit der blasierten Note eine ganze
2350 1352 3294 1426 gut aus und ließ die vom Stolz gebändigte Junig¬
1409 1390 2346 1453 Geliebte will Amadens verlieren, nicht die Künst¬
477 1393 1413 1463 Welt. So schreibt er heute die Tragödie der Ehe
2352 1409 3292 1461 keit dieser künstlerischen Natur mit feinsten. Takt
1407 1436 2351 1492 lerin, die beratende Freundin, die Kameradin
477 1449 1400 1502 (oder besser: die Komödie der Ehe) als Künstler,
2352 1454 3296 1504 durchschimmern. In der Aussprache am Schluß
1406 1463 2350 1526 seiner schöpferischen Arbeit. Und Cäcilie ist's zu¬
477 1482 1417 1526 als Wiener, als heimlich lächelnd Verachtender, der
2342 1488 3296 1548 glitt sie meisterhaft über die mancherlei Sophismen
1947 1501 2344 1565 Wohlgemerkt: das
1420 1520 1967 1572 frieden; weil sie stolz ist.
481 1516 1414 1569 im „Anatol“=Zyklus und im „Reigen“ die Liebe
2355 1522 3299 1569 ihrer Rede hinweg. Ihre großen ernsten Augen
1413 1548 2349 1613 laute Drama von einst hätte hier den splittern¬
477 1552 1404 1602 schon als töricht, käuflich, spielerisch erweisen
2359 1566 3293 1615 und ihr zuckender Mund spiegelten die tiefe Er¬
1402 1587 2346 1633 den, laut knackenden Bruch verlangt. Im Namen
465 1590 1416 1644 wollte. Und seine Ehetragödie arbeitet nicht mit
2352 1594 3310 1662 regung ihrer Seele, während der beheirschten Geste
1408 1626 2348 1683 eines rhetorischen Stolzes der beleidigten Gattin.
468 1617 1426 1685 lautem Geschrei: „Ha, Ungetreue ...“ nicht mit
2351 1639 3305 1693 jede Hast, jedes Ungestüm fehlte. Eine Bühnen¬
1407 1651 2347 1720 Der Schnitzlersche Weibesstolz leidet und deklamiert
474 1674 1411 1719 Kniefall und Dolch und großer Geste. Seine Hel¬
2361 1677 3301 1734 künstlerin, die die leidende Bühnenkünstlerin spielt.
1403 1684 2350 1751 f nicht. Innerlich fremd geworden und gebrochen,
469 1707 1420 1763 den sind Menschen von hoher Kuktur, die alles ver¬
2362 1706 3302 1781 In einer kleinen Charge (als Dichter älterer
1407 1742 2347 1805 verzichtet die Enttäuschte auf die große Arie:
468 1745 1412 1794 stehen, manchmal sogar sich selbst; die vielen ver¬
2344 1742 3291 1815 Schule mit ein paar sehr hübschen Einfällen)
2208 1772 2349 1827 “ oder
1409 1772 2166 1841 1 „Mich verli—ieß der Undankba—are
2177 1778 2237 1835 80
476 1786 1409 1835 zeihen, manchmal sogar denen, die ihnen am
2354 1784 3301 1845 wirkte Emannel Reicher verdienstvoll. Willy
1512 1815 2354 1865 Sie ist's schlicht zufrieden: für sich, für den
837 1822 1409 1888 Mit drei Worten ließe sich der
479 1833 861 1881 wehsten getan....
2354 1821 3308 1887 Grunwald war fein und diskret in der kleinen,
1409 1855 2349 1917 1 Treulosen, für das Kind. Auch den Abgang
471 1860 1414 1917 Fall Adams erzählen: die Eheirrung eines
2347 1878 3301 1928 aber nicht leichten Rolle des jungen Fürsten. Hed¬
1413 1885 2357 1943 der „Nora“ spart sie sich. Allerdings spart sie ihn
474 1900 1421 1946 Musikers, die sich als irteparabel erweist. Kommt
2353 1907 3304 1972 wig Pauly verdard nichts und konnte nichts
1551 1915 2358 1971 für den dritten Akt. Denn über das
1402 1927 1530 2001 nur
475 1925 1408 1993 tausendmal vor, interessiert keinen Menschen;
2354 1937 3305 2001 fördern. Eise Schiff hat das Unglück, konsequent
1408 1959 2356 2019 „Zwischenspiel“ — das eingestandene Zwischenspiel
465 1970 1412 2026 höchstens die Anwälte, die bei der Scheidung ver¬
2368 1988 3308 2051 falsch herausgestellt zu werden. Eine reife, ver¬
1463 2002 2361 2049 — kommt, und das will wohl Schnitzler beweisen,
477 2014 1413 2068 dienen, und ein paar emsige Klatschbasen beiderlei
2371 2015 3304 2083 führerische Gräfin und Operndiva zugleich — das
1410 2040 2361 2099 wenn er überhaupt etwas „beweisen“ will, kein
465 2043 1412 2106 Geschlechts, die „es ja längst kommen sahen“. Aber
2360 2067 3312 2129 liegt ihr nicht. Die talentvolle sunge Künstlerin
1409 2069 2370 2135 Weid hinaus. Ein flüchtiges Sich=Finden im
472 2087 1416 2140 Schnitzler macht den heufig erlebten, ost von der
2357 2110 3308 2162 soll statt der kleinen „Racker“, die sie vielleicht nicht
1416 2114 2360 2174 Augenblick des Wiedersehens, dann ein ehrliches
468 2120 1412 2176 Mittelmäßigkeit in Romanform erzählten Fall
2369 2144 3313 2203 ohne Pilanterie geben könnte, immer die Ver¬
1420 2152 2361 2213 Scheiden, das die Frau in einer Aussprache er¬
471 2163 1418 2219 interessant durch die Beleuchtung, die er aus dem
2358 2185 3313 2253 führerinnen großen Stils spielen; und ein eigen¬
1408 2186 2365 2257 j zwingt. Wohl ist das Verhältnis des Komponisten
487 2200 1417 2253 stillen Winkel seiner Weltanschauung auf diese
2358 2232 3309 2281 artiges Mißgeschick zwingt sie auch noch, zu singen.
1423 2242 2370 2290 zu der oberflächlichen Gräfin erledigt, als Irrium,
485 2233 1422 2285 Menschen fallen läßt, die sich finden und verlieren.
2440 2265 3311 2321 Der Erfolg der Komödie war der im Lessing¬
1415 2275 2366 2321 Episode erkannt; wohl ist der junge Fürst, der die
476 2276 1416 2324 Alles Glück ist ein Freisein von Leiden. Die Ehe
2361 2307 3312 2360 Theater übliche. Am Schlusse heftig wogender
1319 2312 1416 2360 die
1416 2309 2356 2369 halb befreite Cäcilie umwarb, in die Welt gezogen,
466 2317 1272 2373 1 des Kapellmeisters Adams war glücklich
2361 2347 3316 2399 Kampf zwischen denen, die sich mehr als drei geist¬
478 2345 1418 2401 berühmten sieben Jahre lang, die schen #n alten
1418 2356 2362 2412 zu vergessen — aber die Kluft, die das Zwischen¬
2354 2391 3305 2445 reiche Dialoge über Künstlérehen und Zwischen¬
474 2389 1421 2442 Volksliede stets für Treue und Untreue das Maß
1416 2394 2363 2440 spiel riß, ist unüberbrückbär. Nicht scheiden lassen
481 2409 1425 2472 abgeben — glücklich, weil sie keine rechte Gelegen¬
2364 2420 3319 2489 spiele erwartet hatten, und den anderen, die den
1419 2426 2369 2495 sich die beiden. Sie scheiden. Sie geht nicht
472 2465 1415 2522 heit hatte zu erweisen, das sie es nicht war. Das
2355 2462 3324 2527 klugen Plauderer mit all seinem weichen Wiener¬
1428 2466 2372 2533 von ihm, sie zwingt ihn, von ihr zu gehen. „Später
469 2505 1420 2570 Vindeglied für gelangweilte Herzen hält die
2367 2513 3321 2563 tum, seiner heimlichen Sentimentalität und seiner
1726 2517 2371 2562 Achnlich hat Nora geurteilt.
1416 2513 1746 2569 vielleicht...“
470 2531 1424 2600 beiden zusammen, das Kind. Daneben der Respelt
2358 2538 3309 2591 I ein bißchen koketten Ironie auch in diesem etwas
1419 2550 2370 2613 Weder der Norweger noch der Wiener aber glauben
472 2585 1423 2627 des einen für das andere und der dankbare
2366 2564 3324 2648 sophistisch konstruierten Problem dankbar wieder¬
1418 2571 2148 2657 an dies „Vielleicht“ ihrer Heldinnen.
477 2616 1417 2676 Glaube an die geforderte und geübte Aufrichtigkeit.
2367 2606 3328 2670 sanden. Nach dem zweiten Akt aber hatte Schnitz¬
1489 2624 2373 2684 Ich habe mir erlaubt, die Komödie ein wenig
473 2660 1424 2716 Aus der ehelichen Gewöhnung, in der das Herz
2353 2650 3332 2728 ler mehrfach, ohne Widerspouch zu wecken, an der
1427 2657 2364 2732 ernster zu erzählen, als sie gespielt wurde. Ge¬
474 2690 1421 2750 „hingeduselt, erwacht der Komponist mit dem Mozart¬
3109 2692 3316 2771 K. P.—
2366 2701 2876 2771 Rampe erscheinen dürfen.
1418 2713 2372 2758 wiß, es zucken allerlei Humore durch diese drei
2866 2724 2953 2785 SRRN
474 2725 1425 2798 Namen Amadeus zuerst; erwacht zu einer heftigen
1423 2744 2371 2801 Akte, die nur drei (kaum unterbrochene) geistreiche
487 2771 1427 2825 Leidenschaft für die Sängerin Gräfin Moosheim.
242 2750 452 2849 920
1426 2792 2373 2845 Dialoge sind. Aber mir scheint. der Untergrund
478 2796 1436 2867 Er traut der Dauerstärke dieser Flamme soohl
1421 2811 2390 2885 ist ernst und diese Menschen sind mehr wunderlich, #
226 2836 491 2899 henspiel“,
479 2844 1426 2909 selbst nicht allzusehr; aber sie zu löschen vermag er
1424 2863 2389 2918 als komisch, mehr dem Alltag entfremdet, als zum
220 2878 484 2943 Echnitzler.
479 2881 1426 2943 nicht; sie auf die Dauer in Angst zu verbergen ist
1422 2907 2383 2964 Spaß erwachsen. Hierin versah's für einen Eng¬
478 2929 1432 2972 1er zu ehrlich. Die kunstreiche Gattin, deren ge¬
232 2920 497 2983 Stück, dieses
230 2941 2394 3014 Schnitzler setzlich ihm zugeteilte eheliche Liebe ihn kangweilt,I länder die Darstellung ein wenig. Albert Basser¬
225 2982 2389 3053 te, Polternde, wied unterdessen von einem jungen Fürsten heißf mann, in einzelnen ernsten Momenten vortreff¬
223 3034 2401 3109 g gehabt und umworben, den sie gerne sieht, ohne dem Gedanken? lich, spielte im ganzen die Figur des Amadeus
