3436 4352
885 106 934 157 1
298 86 1186 186 20. ZuiSahler
1360 97 1804 208 box 25/2
1626 1006 1885 1101 Die Zukunft.
1071 1103 2449 1165 gerade deshalb. Dürfte der Fürst ihr sein, waser ihrallmählich geworden ist?
1061 1166 2456 1232 Und sie, die sich doch streng gehütet hat, soll nun sehen, wie der Mann, für
1061 1221 2444 1279 den sie mit ihrem Leib, mit ihrer Seele selbst geizt, sich an ein dummes Lust¬
1064 1285 2459 1344 thierchen vergeudet? Daß er mit der Beichte vollbrachter That ihr Ohrquälte,
1058 1354 2449 1429 war schon schwer zu ertragen; daß er sie jetzt gar, vor der Ausführung noch,
1067 1392 2458 1476 in seine erotischen Pläue blicken läßt, ist unerträglich. Hat ein Liebender je
1069 1477 2455 1539 so gehandelt? Eine letzte Probe mag erweisen, was sie ihm heute noch ist. Ob
1070 1534 2453 1616 sie den Fürsten liebe, fragt er. Sie leugnets nicht; sagt nur, das Gefühl sei
1069 1601 2449 1668 anders als vor sieben Jahren, da ihr Herz sich zum ersten Malgab; und neben
1057 1661 2450 1724 ihr lebe jetzt Etwas, „das zurückhalten könnte, wenn es nur wollte.“ Sagt
1065 1723 2448 1781 ohne lange Worte genug für ein feines Ohr. Läßt ernun sie entgleiten, dann ists
1057 1775 2452 1840 nicht nur Stolz, der ihm den Kampf wehrt: dann ist das Feuer verprasselt, das
1064 1839 2445 1925 ihr Mädchenreiz einst entfacht hatte. Und er hält sie nicht. Will sie nicht halten;
1064 1900 2450 1959 nicht mit einem Anderen um sie kämpfen und zitternd sich selbst und ihr Auge
1055 1975 2444 2029 täglich fragen, auf welcher Seite der nächste Morgen den Sieg finden wird.
1066 2025 2449 2080 Das wäre ein erbärmlicher Ausklang so hohen Glückes. Lieber die Trennung.
1059 2095 2442 2163 Aufrichtigkeit bis aus Ende. Immer haben sie ja mit dem Gedanken an solche
1057 2140 2452 2210 Stunde gespielt. Jetzt ist sie gekommen; und ihr großer Ernst darf die in Freiheit
1067 2213 2440 2282 Vereinten nicht in die Schlupfwinkel feiger Kleinbürger scheuchen. Ausunerfüll¬
1057 2272 2438 2328 ten Wünschen ist die Heimkehr häßlicher als aus bestandenen Abenteuern. Drum
1058 2325 2432 2390 soll Caecilie sich die Erfüllung ihres Wunsches nicht versagen. Die Sommer¬
1066 2390 2452 2445 ferien sind vor der Thür. Da hätte das Paar sich doch getrennt. Mag Jeder
1061 2437 2455 2524 seinen Weg gehen: sie mit Sigismund, er mit der Gräfin. Mag Freundschaft
1062 2521 2449 2590 werden, was so lange Liebe war. Am Ende vielleicht nur schien? Nach den
1064 2565 2449 2645 bangen Stimmungen der letzten Zeit athmet man jetzt freier. Noch dünkt es
1061 2640 2448 2704 ihn nur ein Zwischenspiel in der Symphonie des Erlebens; capriccio dolo¬
1054 2694 2441 2756 roso freilich: doch auf das traurige folgt bald wohl wieder ein heiteres Thema.
1060 2756 2446 2811 Ist der Starke aber nicht stark genug, sein Schicksal sich selbst zu komponiren?
1063 2818 2437 2882 Trennung, nicht Scheidung. Wenn das Eheband reißt, bleibt noch die Ge¬
1054 2873 2447 2947 meinsamkeit künstlerischer Interessen. Auch herzlicher: dem kleinen Peter darf
1056 2942 2449 3003 Papa und Mama nicht fehlen. Eigentlich kann Allesbleiben, wie es ist, sieben
1068 2993 2432 3070 frohe Jahre lang war; zusammen wohnen, studiren, nichts einander verbergen;
1056 3074 2445 3136 nur zwischen den Leibern wird die Distanz noch etwas erweitert. So träumt
1066 3133 2442 3195 ers; träumt nur Gewinn. Hofft, Caecilie, die gleichgestimmte Kameradin,
1061 3190 2437 3242 nicht zu verlieren und noch länger künftig, wenn die Lust ihn anwandelt, und
1069 3245 2434 3314 noch sorgenloser bei einem heißen Liebchen weilen zu können. Doch die Frauen¬
1065 3304 2464 3377 stimme klingt anders. Was er für ein Zwischenspiel hält, ist ihr das Finale.
