3484 4352
1325 269 1754 346 box 25/1
263 266 1201 368 20. Zuischenspiel
651 1508 1078 1653 che
520 1660 857 1707 Telephon 12891.
1391 1746 1451 1806 9
701 1734 1383 1863 „OBSERVER'
505 1842 1621 1919 I. österr. behördi. konz. Unternehmen für Zeilungs-Ausschaltte
707 1908 1436 1985 Wien, I., Concordiaplatz 4.
919 1973 1238 2034 Vertretungen
504 2023 1630 2081 in Berlin, Budapest, Chicago, Christiania, Genf, Kopenhagen.
505 2074 1630 2125 London, Madrid, Mailand, Minneapolis, New-York, Paris, Rom,
698 2106 1458 2180 San Francisco, Stockholm, St. Petersburg.
871 2147 1287 2213 (Ouallenangabe ohne Gewähr.)
511 2219 1538 2291 Ausschnitt aus: BOHEMIA, PRAG
753 2283 1270 2383 13 GKIOUEN 1905
518 2331 668 2389 vom:
760 2401 1621 2485 Dr. P. Wr. Schnitzlers „Zwischenspiel
676 2461 1611 2530 im Burgtheater. Aus Wien, 12. d., wir
686 2519 1623 2571 uns berichtet: Im Burgtheater fand heute di
677 2546 1623 2615 Erstaufführung eines neuen dreiaktigen Stücke¬
682 2587 1619 2652 Arthur Schnitzlers, der seit dem bekannten Kor
685 2624 1615 2701 flikte durch Jahre an der Hofbühne nicht gespie“
686 2673 1626 2748 wurde, unter Zeichen starker, nur zum Schluf
691 2717 1625 2790 durch einigen Widerspruch getrübter Stimmun
690 2759 1625 2830 statt. Schnitzlers „Zwischenspiel“ das sich Komi
698 2803 1613 2864 die nennt und harmlosen Theaterwirkungen diskr
684 2847 1621 2897 aus dem Wege geht, spielt in Wiener Musiker
691 2888 1634 2963 kreisen und behandelt ein Eheproblem in psycht
696 2933 1615 2998 logischer, sehr subtiler, stellenweise wohl langa
690 2959 1631 3030 miger und überglühter, von Ibsen allzusehr über
690 3019 1626 3091 hauchter Weise. Schnitzler wurde nach jedem Akt
688 3073 1632 3122 wiederholt gerufen. Die Darstellung war besor
691 3096 1642 3183 ders durch Kainz und Frl. Witt eine glät,
697 3165 844 3220 zende.
694 3171 1624 3272 (Die übrigen Theaternachrichten befinde
936 3237 1422 3313 sich in der Beilage.)
2190 678 2807 781 USSERVEN
2109 772 3044 852 ##nördl. konz. Unternehmen für Zeilungs-Ausschnitte
2126 827 2847 920 Wien, I., Concordiaplatz 4.
2340 892 2633 959 Vertretungen
1913 942 3054 990 in Berlin, Budapest. Chicago, Christiania, Genf, Kopenhagen,
1915 994 3038 1048 London, Madrid. Mailand, Minneapolis, New-York. Paris, Rom,
2101 1029 2869 1073 San Francisco, Stockholm, St. Petersburg.
2282 1067 2701 1128 (Quellenangabe ohne Gewähr.)
1905 1145 2250 1219 Ausschnitt ar
2256 1164 3024 1279 Deutsche Zeitung, Wien
1922 1258 2070 1312 vom:
1937 1322 3082 1436 Theater, Kunst und Literatur.
1997 1407 3095 1494 Hofburgtheater. Mit seiner jüngsten Schöpfung, der
1911 1474 3095 1543 dreiaktigen Komödie „Zwischenspiel“, hat Artur Schnitzler
1924 1528 3098 1594 heute selbstverschuldetes Unglück gehabt. Sein eigenstes
1930 1570 3101 1631 Publikum ließ das vielrednerische, aus einem Apereu¬
1924 1631 3101 1688 unstatthaft ausgedehnte Stück fallen und lehnte den Schluß
1923 1661 3101 1722 sogar mit Unwillen ab. Schnitzler will die auch in Sven
1923 1698 3110 1782 Langes „Stillen Stuben“ erörterte These, diß eine auf
1930 1770 3106 1826 absolute gegenseitige Wahrhaftigkeit gegründete Ehe leichter
1928 1808 3101 1879 dem Ruin verfällt als jene, in welcher die Ehegatten ihre
1928 1858 3101 1922 Kämpfe ausfechten, an einem Beispiel demonstrieren. Ein
1923 1903 3112 1973 Künstler, der Kapellmeister und Komponist Amadens Adams,
1927 1956 3107 2032 führt mit der gefeierten Opernsängerin Cäcilie Adams¬
1928 1997 3106 2074 Ostenburg eine solche Ehe und löst ihr intimes
1926 2060 3107 2115 Band beim ersten Anfalle, durch den sie ihm er¬
1927 2081 3116 2181 schüttert und gefährdet scheint. Die Gatten leben
1918 2152 3120 2225 trotzdem nebeneinander weiter als gute Kameraden und in
1919 2193 3112 2278 Künstlergemeinschaft, aber jeder Teil in voller Freiheit. Diese
1936 2241 3109 2321 Freiheit läßt dem Musiker seine umworbene Frau als eine
1932 2295 3104 2366 andere und von neuem begehrenswert erscheinen und er will
1929 2339 3118 2423 sie sich wieder erobern. Umsonst. Obwohl an keinen anderen
1934 2391 3031 2448 Mann gefesselt und ihrem ersten treu, versagt
2357 2442 3116 2515 flüchtigen Rückfalle die Wieber¬
1932 2448 2355 2518 ihm nach einem
2366 2482 3111 2560 Denn was er bei der ersten
1922 2501 2367 2561 aufnahme der Ehe.
1922 2525 3121 2615 Trennung irrtümlich auf Grund ihrer vereinbarten über¬
1922 2576 3115 2652 triebenen Aufrichtigkeit annahm, ist inzwischen Wahrheit
1924 2631 3118 2715 geworden: heute kann sie, die frei gewordene, ihm keine
1929 2692 3115 2751 Sicherheit für die Zukunft ihrer Gefühle geben. Das Publi¬
1923 2726 3124 2789 kum hatte schon die ermüdenden Auseinandersetzungen der
1929 2780 3120 2839 ersten zwei Akte mit steigender Ungeduld vernommen und
1934 2818 3124 2906 sich nur von dem erotischen Schlußeffekte des zweiten Aktes
1941 2875 3128 2938 ein wenig aus seiner Apathie rütteln lassen. Die unmögliche
1938 2922 3123 2989 Erscheinung eines jungen Fürsten, der bei dem Kapellmeister
1937 2989 3129 3050 um die Hand seiner Frau anhält, im letzten Akte wurde nicht
1931 3015 3117 3097 mehr ernst genommen, sondern verlacht, so vorsichtig und
1940 3068 3117 3138 diskret Herr Korff auch die Rolle gab; die umständlichen,
1934 3117 3119 3191 trotz ihrer Mühsamkeit nichts beweisenden Erörterungen, mit
1943 3160 3122 3245 welchen das Ende vorbereitet wurde, ohne es glaubhafter
1939 3210 3125 3280 zu erklären als etwa das Gegenteil, wurden kaum mehr zur
1937 3279 3121 3333 Kenntnis genommen. Die Darstellung hatte wenig Gelegen¬
1942 3313 3120 3374 heit, rühmlich aufzufallen; Herr Kainz konnte als
1948 3359 3126 3431 Adams nicht mehr zeigen als die übliche und landläufige
1941 3408 3131 3478 Technik des Konversationellen und Frau Witt wenig mehr als
1939 3455 3127 3526 das Reizvolle ihrer Persönlichkeit. So hat also der Verfasser
1951 3505 3134 3573 des „Reigen“ und des „Lentnant Gustel“, der nach dem
1945 3555 3126 3620 zweiten Akte einige Male dankend erschien, keinen Vorteil
1956 3599 3136 3666 davon gehabt, daß ihn Direktor Schlenther nach seiner Ver¬
1952 3650 3127 3715 bannung wieder in Gnaden aufnahm; einen ärgeren Miß¬
1951 3699 3133 3780 erfolg hätte er auch mit seinem abgewiesenen „Schleier der
2849 3747 3095 3806 A. L—ch.
1951 3761 2582 3826 Beatrice“ nicht erfahren können.
