<?xml version="1.0" encoding="UTF-8" standalone="yes"?>
<PcGts xmlns="http://schema.primaresearch.org/PAGE/gts/pagecontent/2013-07-15" xmlns:xsi="http://www.w3.org/2001/XMLSchema-instance" xsi:schemaLocation="http://schema.primaresearch.org/PAGE/gts/pagecontent/2013-07-15 http://schema.primaresearch.org/PAGE/gts/pagecontent/2013-07-15/pagecontent.xsd">
    <Metadata>
        <Creator>prov=University of Rostock/Institute of Mathematics/CITlab/Gundram Leifert/gundram.leifert@uni-rostock.de:name=ONB_Newseye_GT_M1+(htr_id=10810)::::v=2.4.2
prov=University of Rostock/Institute of Mathematics/CITlab/Tobias Gruening/tobias.gruening@uni-rostock.de:name=de.uros.citlab.module.baseline2polygon.B2PSeamMultiOriented:v=2.4.2
prov=University of Rostock/Institute of Mathematics/CITlab/Tobias Gruening/tobias.gruening@uni-rostock.de:name=/mnt/transkribus/LA/DEA/URO/LA_news_onb_att.pb:de.uros.citlab.segmentation.CITlab_LA_ML:v=2.4.2
Transkribus</Creator>
        <Created>2019-10-07T11:20:34.342+02:00</Created>
        <LastChange>2019-10-08T05:58:48.915+02:00</LastChange>
        <TranskribusMetadata docId="223968" pageId="9497606" pageNr="280" tsid="16503951" status="IN_PROGRESS" userId="40391" imgUrl="https://files.transkribus.eu/Get?id=VGJXIHZNOUPROIUNNUROGJGH&amp;fileType=view" xmlUrl="https://files.transkribus.eu/Get?id=NAYKHRGNVZXOXJILACIRLBDW" imageId="6187833"/>
    </Metadata>
    <Page imageFilename="223968_0280.jpeg" imageWidth="3436" imageHeight="4352">
        <ReadingOrder>
            <OrderedGroup id="ro_1711439697750" caption="Regions reading order">
                <RegionRefIndexed index="0" regionRef="r1"/>
                <RegionRefIndexed index="1" regionRef="r2"/>
            </OrderedGroup>
        </ReadingOrder>
        <TextRegion orientation="0.0" id="r1" custom="readingOrder {index:0;}">
            <Coords points="242,119 242,299 1108,299 1108,119"/>
            <TextLine id="r1l1" custom="readingOrder {index:0;}">
                <Coords points="233,241 369,207 444,261 1116,263 1103,170 845,196 533,168 426,200 296,154 235,170"/>
                <Baseline points="242,219 285,224 328,228 371,232 415,235 458,237 501,240 545,242 588,244 631,245 675,246 718,247 761,247 804,248 848,248 891,248 934,248 978,248 1021,248 1064,248 1108,249"/>
                <TextEquiv>
                    <Unicode>20 Zuischensniel</Unicode>
                </TextEquiv>
            </TextLine>
            <TextEquiv>
                <Unicode>20 Zuischensniel</Unicode>
            </TextEquiv>
        </TextRegion>
        <TextRegion orientation="0.0" id="r2" custom="readingOrder {index:1;}">
            <Coords points="1086,203 1086,3562 2500,3562 2500,203"/>
            <TextLine id="r2l1" custom="readingOrder {index:0;}">
                <Coords points="1288,267 1354,257 1406,276 1476,254 1534,274 1601,255 1712,257 1714,186 1673,173 1622,200 1583,171 1531,161 1443,198 1291,179"/>
                <Baseline points="1298,232 1323,233 1348,233 1374,234 1399,235 1424,236 1450,238 1475,240 1501,241 1526,242 1551,243 1577,244 1602,244 1627,244 1653,244 1678,243 1704,241"/>
                <TextEquiv>
                    <Unicode>box 25/2</Unicode>
                </TextEquiv>
            </TextLine>
            <TextLine id="r2l2" custom="readingOrder {index:1;}">
                <Coords points="1631,1140 1666,1153 1735,1132 1775,1152 1817,1137 1834,1146 1860,1132 1900,1132 1898,1063 1868,1055 1822,1088 1787,1080 1734,1104 1683,1083 1659,1100 1629,1092"/>
                <Baseline points="1639,1132 1664,1132 1689,1132 1714,1132 1739,1131 1765,1130 1790,1130 1815,1129 1840,1127 1865,1126 1891,1125"/>
                <TextEquiv>
                    <Unicode>Die Zukunft.</Unicode>
                </TextEquiv>
            </TextLine>
            <TextLine id="r2l3" custom="readingOrder {index:2;}">
                <Coords points="1079,1168 1103,1170 1108,1164 1113,1170 1127,1173 1141,1170 1157,1156 1193,1158 1194,1094 1159,1085 1136,1085 1126,1078 1110,1079 1095,1088 1079,1084"/>
                <Baseline points="1088,1141 1120,1140 1152,1141 1184,1141"/>
                <TextEquiv>
                    <Unicode>376</Unicode>
                </TextEquiv>
            </TextLine>
            <TextLine id="r2l4" custom="readingOrder {index:3;}">
                <Coords points="1083,1236 2369,1240 2472,1220 2472,1180 2058,1142 1082,1194"/>
                <Baseline points="1091,1231 1159,1231 1228,1230 1296,1230 1365,1229 1434,1229 1502,1228 1571,1227 1639,1226 1708,1225 1777,1224 1845,1223 1914,1222 1982,1221 2051,1220 2120,1219 2188,1217 2257,1216 2325,1215 2394,1214 2463,1213"/>
                <TextEquiv>
                    <Unicode>den. Die Frau eine husterische Dirne, die unter jedem schönen Kerl ihre Gier</Unicode>
                </TextEquiv>
            </TextLine>
            <TextLine id="r2l5" custom="readingOrder {index:4;}">
                <Coords points="1080,1319 2471,1274 2435,1219 1079,1259"/>
                <Baseline points="1089,1296 1157,1295 1226,1294 1294,1293 1363,1292 1432,1291 1500,1290 1569,1289 1638,1288 1706,1287 1775,1286 1844,1285 1912,1284 1981,1283 2050,1283 2118,1282 2187,1282 2256,1281 2324,1281 2393,1280 2462,1280"/>
                <TextEquiv>
                    <Unicode>sättigen möchte und sich entweiht fühlt, weil der Mann, dem sie sieben Jahre</Unicode>
                </TextEquiv>
            </TextLine>
            <TextLine id="r2l6" custom="readingOrder {index:5;}">
                <Coords points="1080,1365 2397,1359 2475,1328 2474,1271 1080,1327"/>
                <Baseline points="1089,1359 1157,1358 1226,1356 1295,1355 1364,1354 1433,1352 1502,1351 1571,1351 1640,1350 1709,1349 1778,1348 1846,1347 1915,1346 1984,1346 2053,1345 2122,1344 2191,1343 2260,1342 2329,1341 2398,1340 2467,1339"/>
                <TextEquiv>
                    <Unicode>gehörte, im achten sie noch einmal an sich riß; einmal noch, wie vorhersooft.</Unicode>
                </TextEquiv>
            </TextLine>
            <TextLine id="r2l7" custom="readingOrder {index:6;}">
                <Coords points="1079,1408 2355,1423 2450,1410 2483,1355 1079,1382"/>
                <Baseline points="1088,1420 1157,1418 1226,1417 1296,1416 1365,1414 1434,1413 1504,1412 1573,1412 1642,1411 1712,1410 1781,1409 1850,1409 1920,1408 1989,1407 2058,1407 2128,1406 2197,1405 2266,1404 2336,1403 2405,1401 2475,1400"/>
                <TextEquiv>
                    <Unicode>Gehts so in der Ehe zu? Reden so Menschen mit einander, die sieben Jahre</Unicode>
                </TextEquiv>
            </TextLine>
            <TextLine id="r2l8" custom="readingOrder {index:7;}">
                <Coords points="1077,1488 2401,1482 2465,1466 2464,1410 1076,1436"/>
                <Baseline points="1086,1482 1154,1481 1223,1480 1291,1479 1360,1478 1428,1477 1497,1476 1565,1475 1634,1474 1702,1472 1771,1472 1840,1470 1908,1469 1977,1468 2045,1467 2114,1467 2182,1465 2251,1465 2319,1464 2388,1463 2457,1462"/>
                <TextEquiv>
                    <Unicode>lang Tag und Nacht vereint waren und aus deren Umarmung ein Kind ge¬</Unicode>
                </TextEquiv>
            </TextLine>
            <TextLine id="r2l9" custom="readingOrder {index:8;}">
                <Coords points="1091,1557 2479,1526 2478,1475 1091,1501"/>
                <Baseline points="1100,1544 1168,1541 1237,1539 1305,1537 1374,1536 1442,1534 1511,1533 1579,1532 1648,1532 1716,1531 1785,1530 1854,1530 1922,1530 1991,1529 2059,1529 2128,1528 2196,1528 2265,1527 2333,1527 2402,1526 2471,1525"/>
                <TextEquiv>
                    <Unicode>boren ward? Die würden über höheres Hinderniß hinwegkommen, würden</Unicode>
                </TextEquiv>
            </TextLine>
            <TextLine id="r2l10" custom="readingOrder {index:9;}">
                <Coords points="1087,1610 2313,1605 2456,1593 2478,1551 1086,1560"/>
                <Baseline points="1095,1605 1163,1603 1232,1601 1301,1600 1369,1599 1438,1597 1507,1597 1575,1596 1644,1596 1713,1595 1782,1595 1850,1595 1919,1594 1988,1594 2056,1593 2125,1592 2194,1591 2262,1590 2331,1589 2400,1587 2469,1584"/>
                <TextEquiv>
                    <Unicode>sich des Kindes wegen nach ernsterem Zwist versöhnen und Herrn Albertus</Unicode>
                </TextEquiv>
            </TextLine>
            <TextLine id="r2l11" custom="readingOrder {index:10;}">
                <Coords points="1091,1683 2484,1644 2386,1593 1090,1610"/>
                <Baseline points="1100,1667 1168,1665 1237,1663 1306,1662 1375,1661 1443,1660 1512,1659 1581,1658 1650,1657 1718,1657 1787,1657 1856,1656 1925,1656 1993,1655 2062,1655 2131,1654 2200,1653 2268,1652 2337,1651 2406,1650 2475,1648"/>
                <TextEquiv>
                    <Unicode>Rhon auslachen, wenn er solchen Abschluß banal fände; denn so banal, so</Unicode>
                </TextEquiv>
            </TextLine>
            <TextLine id="r2l12" custom="readingOrder {index:11;}">
                <Coords points="1089,1713 2079,1743 2479,1697 2478,1646 1089,1680"/>
                <Baseline points="1098,1725 1166,1724 1235,1723 1303,1722 1372,1722 1441,1721 1509,1720 1578,1720 1647,1719 1715,1718 1784,1718 1853,1717 1921,1716 1990,1715 2059,1715 2127,1714 2196,1713 2265,1711 2333,1710 2402,1708 2471,1706"/>
                <TextEquiv>
                    <Unicode>wundervoll vernünftig ist das Leben. Mag sein, erwidert der Dichter;nur das</Unicode>
                </TextEquiv>
            </TextLine>
            <TextLine id="r2l13" custom="readingOrder {index:12;}">
                <Coords points="1084,1783 2389,1798 2473,1728 1083,1745"/>
                <Baseline points="1092,1786 1160,1786 1229,1785 1297,1784 1366,1783 1435,1783 1503,1782 1572,1782 1641,1781 1709,1781 1778,1780 1847,1780 1915,1779 1984,1778 2053,1777 2121,1776 2190,1775 2259,1773 2327,1771 2396,1769 2465,1767"/>
                <TextEquiv>
                    <Unicode>Leben der Abnormen nicht, die ich auf die Bretter stelle. Deren Kind ist das</Unicode>
                </TextEquiv>
            </TextLine>
            <TextLine id="r2l14" custom="readingOrder {index:13;}">
                <Coords points="1091,1870 2458,1852 2477,1789 1090,1811"/>
                <Baseline points="1100,1846 1168,1846 1236,1845 1305,1845 1373,1844 1442,1844 1510,1843 1579,1842 1647,1842 1716,1841 1784,1840 1852,1839 1921,1838 1989,1837 2058,1836 2126,1835 2195,1834 2263,1833 2332,1832 2400,1832 2469,1831"/>
                <TextEquiv>
                    <Unicode>Gedicht, die Symphonie, das Bild, das ihr Geist gebiert. Deren Leben ist,</Unicode>
                </TextEquiv>
            </TextLine>
            <TextLine id="r2l15" custom="readingOrder {index:14;}">
                <Coords points="1083,1894 2389,1912 2469,1898 2469,1859 1082,1873"/>
                <Baseline points="1091,1905 1159,1905 1228,1905 1296,1905 1365,1905 1433,1904 1502,1904 1570,1904 1639,1903 1707,1903 1776,1902 1844,1901 1913,1900 1981,1899 2050,1898 2118,1897 2187,1895 2255,1894 2324,1892 2392,1890 2461,1888"/>
                <TextEquiv>
                    <Unicode>weil sie Narren der Phantasie sind und mit Bewußtsein die Heerstraße mei¬</Unicode>
                </TextEquiv>
            </TextLine>
            <TextLine id="r2l16" custom="readingOrder {index:15;}">
                <Coords points="1083,1960 1163,1998 2407,1972 2478,1955 2477,1898 1082,1915"/>
                <Baseline points="1092,1970 1160,1969 1229,1968 1298,1967 1367,1966 1436,1966 1505,1965 1574,1964 1643,1963 1712,1963 1781,1962 1849,1961 1918,1961 1987,1960 2056,1959 2125,1959 2194,1958 2263,1958 2332,1957 2401,1957 2470,1956"/>
                <TextEquiv>
                    <Unicode>den, verkünstelt (wie Ihrs nennt), jedenfalls anders als das Euch bekannte.</Unicode>
                </TextEquiv>
            </TextLine>
            <TextLine id="r2l17" custom="readingOrder {index:16;}">
                <Coords points="1097,2034 2344,2038 2381,2030 2380,1962 1096,1996"/>
                <Baseline points="1106,2026 1169,2026 1232,2027 1295,2027 1359,2027 1422,2026 1485,2026 1549,2026 1612,2026 1675,2025 1739,2025 1802,2024 1865,2024 1928,2023 1992,2023 2055,2022 2118,2022 2182,2021 2245,2021 2308,2020 2372,2019"/>
                <TextEquiv>
                    <Unicode>Sucht Ihr Euresgleichen, so blättert die alten Biblia pauperum auf.</Unicode>
                </TextEquiv>
            </TextLine>
            <TextLine id="r2l18" custom="readingOrder {index:17;}">
                <Coords points="1201,2097 2468,2086 2467,2025 2413,2019 1201,2062"/>
                <Baseline points="1210,2094 1272,2092 1334,2091 1397,2089 1459,2089 1522,2088 1584,2088 1647,2087 1709,2087 1772,2087 1834,2087 1896,2087 1959,2087 2021,2086 2084,2086 2146,2085 2209,2083 2271,2082 2334,2079 2396,2076 2459,2072"/>
                <TextEquiv>
                    <Unicode>Ich hoffe (und fürchte für Schnitzler): sie werdens thun; werdens bei</Unicode>
                </TextEquiv>
            </TextLine>
            <TextLine id="r2l19" custom="readingOrder {index:18;}">
                <Coords points="1091,2145 1346,2177 2474,2139 2463,2089 2104,2121 1091,2090"/>
                <Baseline points="1099,2154 1167,2152 1235,2151 1303,2150 1372,2149 1440,2148 1508,2148 1577,2148 1645,2147 1713,2147 1782,2147 1850,2147 1918,2147 1986,2147 2055,2146 2123,2146 2191,2145 2260,2144 2328,2143 2396,2141 2465,2139"/>
                <TextEquiv>
                    <Unicode>all der überfeinerten Feinheit nicht lange mehr aushalten. Unsliterati können</Unicode>
                </TextEquiv>
            </TextLine>
            <TextLine id="r2l20" custom="readingOrder {index:19;}">
                <Coords points="1096,2239 2484,2189 2473,2137 1096,2170"/>
                <Baseline points="1105,2218 1173,2216 1242,2214 1310,2213 1379,2212 1447,2211 1516,2210 1584,2210 1653,2209 1721,2209 1790,2209 1858,2209 1927,2208 1995,2208 2064,2207 2132,2207 2201,2206 2269,2204 2338,2203 2406,2201 2475,2199"/>
                <TextEquiv>
                    <Unicode>solche Zwischenspiele amusiren. Wir kennen diese Welt und freuen uns, wenn</Unicode>
                </TextEquiv>
            </TextLine>
            <TextLine id="r2l21" custom="readingOrder {index:20;}">
                <Coords points="1094,2295 2347,2292 2483,2255 2483,2206 1093,2238"/>
                <Baseline points="1102,2280 1170,2278 1239,2276 1307,2274 1376,2273 1445,2271 1513,2271 1582,2270 1651,2269 1719,2269 1788,2269 1857,2268 1925,2268 1994,2268 2063,2267 2131,2267 2200,2266 2269,2266 2337,2264 2406,2263 2475,2261"/>
                <TextEquiv>
                    <Unicode>Herr Amadeus, der sich den Wahrhaftigsten dünkelt, sich selbst belügt und</Unicode>
                </TextEquiv>
            </TextLine>
            <TextLine id="r2l22" custom="readingOrder {index:21;}">
                <Coords points="1089,2344 2479,2324 2435,2266 1089,2301"/>
                <Baseline points="1098,2339 1166,2338 1235,2337 1303,2337 1372,2336 1441,2336 1509,2335 1578,2335 1646,2334 1715,2334 1784,2333 1852,2332 1921,2332 1989,2331 2058,2330 2127,2329 2195,2328 2264,2327 2332,2325 2401,2324 2470,2322"/>
                <TextEquiv>
                    <Unicode>die Lüge, die er sie so lange gelehrt hat, aus dem Munde der Schülerin zurück¬</Unicode>
                </TextEquiv>
            </TextLine>
            <TextLine id="r2l23" custom="readingOrder {index:22;}">
                <Coords points="1093,2399 2342,2404 2487,2375 2487,2338 1092,2381"/>
                <Baseline points="1102,2400 1170,2399 1239,2399 1308,2398 1377,2397 1446,2397 1514,2396 1583,2395 1652,2395 1721,2394 1790,2394 1858,2393 1927,2392 1996,2392 2065,2390 2134,2389 2202,2388 2271,2387 2340,2385 2409,2383 2478,2382"/>
                <TextEquiv>
                    <Unicode>erhält. Freuen uns all der Phrasengewitter, die niederprasseln, und nehmen die</Unicode>
                </TextEquiv>
            </TextLine>
            <TextLine id="r2l24" custom="readingOrder {index:23;}">
                <Coords points="1095,2474 2488,2434 2470,2398 2256,2394 1094,2427"/>
                <Baseline points="1103,2461 1171,2460 1240,2459 1309,2459 1378,2459 1447,2458 1515,2458 1584,2457 1653,2457 1722,2456 1791,2456 1859,2455 1928,2454 1997,2453 2066,2452 2135,2451 2203,2450 2272,2449 2341,2447 2410,2446 2479,2443"/>
                <TextEquiv>
                    <Unicode>Donnerschläge nicht allzu ernst. Die Anderen, die der Zufall des Erlebens nie</Unicode>
                </TextEquiv>
            </TextLine>
            <TextLine id="r2l25" custom="readingOrder {index:24;}">
                <Coords points="1104,2541 2303,2532 2471,2505 2471,2471 1104,2475"/>
                <Baseline points="1113,2523 1180,2522 1248,2521 1315,2520 1383,2520 1450,2519 1518,2519 1585,2518 1653,2518 1720,2517 1788,2517 1855,2516 1923,2516 1990,2515 2058,2514 2125,2514 2193,2512 2260,2511 2328,2509 2395,2508 2463,2506"/>
                <TextEquiv>
                    <Unicode>in dieses Welteckchen führte? Noch machen sie die Mode mitz glauben, das Unver¬</Unicode>
                </TextEquiv>
            </TextLine>
            <TextLine id="r2l26" custom="readingOrder {index:25;}">
                <Coords points="1104,2605 2386,2581 2472,2563 2472,2514 1103,2541"/>
                <Baseline points="1113,2583 1180,2583 1248,2582 1315,2582 1383,2581 1450,2581 1518,2580 1585,2579 1653,2578 1720,2577 1788,2576 1855,2575 1923,2574 1990,2573 2058,2572 2125,2571 2193,2570 2260,2569 2328,2568 2395,2567 2463,2566"/>
                <TextEquiv>
                    <Unicode>ständliche nur sei vornehm. Lange aber werden sie die muffige Luft nicht mehr er¬</Unicode>
                </TextEquiv>
            </TextLine>
            <TextLine id="r2l27" custom="readingOrder {index:26;}">
                <Coords points="1106,2655 2494,2639 2493,2592 2365,2573 1105,2606"/>
                <Baseline points="1114,2647 1182,2645 1251,2644 1319,2643 1388,2642 1456,2641 1525,2640 1593,2640 1662,2639 1730,2639 1799,2638 1868,2637 1936,2637 2005,2636 2073,2635 2142,2634 2210,2633 2279,2631 2347,2630 2416,2628 2485,2626"/>
                <TextEquiv>
                    <Unicode>tragen. Auch in der Bibel der Einfältigen stehen lesenswertheGeschichten. Faust</Unicode>
                </TextEquiv>
            </TextLine>
            <TextLine id="r2l28" custom="readingOrder {index:27;}">
                <Coords points="1105,2724 2491,2684 2490,2638 1104,2655"/>
                <Baseline points="1114,2708 1182,2706 1250,2704 1319,2703 1387,2702 1456,2701 1524,2700 1593,2700 1661,2699 1730,2698 1798,2698 1866,2697 1935,2696 2003,2696 2072,2695 2140,2695 2209,2694 2277,2693 2346,2693 2414,2692 2483,2690"/>
                <TextEquiv>
                    <Unicode>und Hamlet haben dem friesischen Landmann und dem Kulturkünstler Etwas zu</Unicode>
                </TextEquiv>
            </TextLine>
            <TextLine id="r2l29" custom="readingOrder {index:28;}">
                <Coords points="1109,2772 2490,2748 2423,2702 1108,2728"/>
                <Baseline points="1117,2771 1185,2769 1253,2767 1321,2765 1389,2764 1458,2763 1526,2762 1594,2761 1662,2761 1730,2761 1799,2760 1867,2760 1935,2760 2003,2759 2071,2758 2140,2758 2208,2757 2276,2755 2344,2753 2412,2751 2481,2749"/>
                <TextEquiv>
                    <Unicode>sagen, dem Schlichtesten und den: Rafsinirtesten. Was Amadeusspricht und ver¬</Unicode>
                </TextEquiv>
            </TextLine>
            <TextLine id="r2l30" custom="readingOrder {index:29;}">
                <Coords points="1111,2857 2375,2841 2493,2819 2493,2772 1110,2788"/>
                <Baseline points="1119,2829 1187,2829 1255,2828 1323,2827 1392,2827 1460,2826 1528,2825 1597,2824 1665,2823 1733,2823 1802,2822 1870,2821 1938,2820 2006,2819 2075,2818 2143,2817 2211,2816 2280,2815 2348,2814 2416,2813 2485,2812"/>
                <TextEquiv>
                    <Unicode>schweigt,tönt nur im Ohr einer kleinen Sekte wider. Hört Herr Arthur Schnitzler</Unicode>
                </TextEquiv>
            </TextLine>
            <TextLine id="r2l31" custom="readingOrder {index:30;}">
                <Coords points="1108,2897 2095,2911 2400,2895 2490,2840 1107,2855"/>
                <Baseline points="1116,2891 1184,2889 1252,2888 1320,2887 1389,2887 1457,2886 1525,2885 1593,2885 1662,2884 1730,2884 1798,2883 1866,2883 1935,2882 2003,2882 2071,2881 2139,2880 2208,2879 2276,2878 2344,2877 2412,2875 2481,2873"/>
                <TextEquiv>
                    <Unicode>wirklich nur noch das Gesumm des eitlen Artistenhäufleins? Ich bewundere</Unicode>
                </TextEquiv>
            </TextLine>
            <TextLine id="r2l32" custom="readingOrder {index:31;}">
                <Coords points="1110,2962 2488,2949 2487,2900 2395,2891 1109,2896"/>
                <Baseline points="1118,2951 1186,2951 1254,2950 1322,2950 1390,2949 1458,2949 1526,2948 1594,2947 1662,2946 1730,2946 1798,2945 1866,2944 1934,2943 2002,2942 2070,2941 2138,2940 2206,2939 2274,2938 2342,2937 2410,2936 2478,2936"/>
                <TextEquiv>
                    <Unicode>den ernsten Fleiß, mit dem er sein von Ibsen übernommenes Thema immer</Unicode>
                </TextEquiv>
            </TextLine>
            <TextLine id="r2l33" custom="readingOrder {index:32;}">
                <Coords points="1109,3010 2207,3019 2452,3008 2493,2965 1108,2972"/>
                <Baseline points="1117,3012 1185,3012 1253,3012 1322,3011 1390,3011 1459,3010 1527,3009 1595,3008 1664,3008 1732,3007 1801,3006 1869,3004 1937,3003 2006,3002 2074,3001 2143,2999 2211,2997 2279,2996 2348,2994 2416,2992 2485,2991"/>
                <TextEquiv>
                    <Unicode>wieder varürt, wünsche seinem Mühen endlich aber einen reicheren Acker. Lockt</Unicode>
                </TextEquiv>
            </TextLine>
            <TextLine id="r2l34" custom="readingOrder {index:33;}">
                <Coords points="1102,3077 2449,3068 2493,3015 1102,3035"/>
                <Baseline points="1111,3076 1179,3073 1248,3072 1317,3070 1385,3069 1454,3068 1523,3067 1591,3067 1660,3066 1729,3066 1798,3065 1866,3065 1935,3065 2004,3064 2072,3063 2141,3062 2210,3061 2278,3060 2347,3058 2416,3056 2485,3054"/>
                <TextEquiv>
                    <Unicode>ihn das Leben der Thätigen gar nicht, nur das der Thatsimulanten, denen wir</Unicode>
                </TextEquiv>
            </TextLine>
            <TextLine id="r2l35" custom="readingOrder {index:34;}">
                <Coords points="1099,3140 2494,3134 2478,3063 1099,3090"/>
                <Baseline points="1107,3135 1175,3134 1244,3134 1313,3133 1382,3132 1451,3132 1520,3131 1589,3131 1658,3130 1727,3129 1796,3129 1864,3128 1933,3127 2002,3127 2071,3126 2140,3125 2209,3125 2278,3124 2347,3123 2416,3122 2485,3121"/>
                <TextEquiv>
                    <Unicode>ohne Beweisglauben sollen, daßsie Geniessind? Der Titel seinesneusten Dramas</Unicode>
                </TextEquiv>
            </TextLine>
            <TextLine id="r2l36" custom="readingOrder {index:35;}">
                <Coords points="1110,3204 2418,3196 2485,3135 1109,3161"/>
                <Baseline points="1118,3197 1189,3196 1261,3195 1332,3194 1404,3193 1475,3193 1547,3193 1618,3192 1690,3192 1761,3192 1833,3191 1904,3191 1976,3191 2047,3190 2119,3189 2190,3188 2262,3187 2333,3186 2405,3184 2477,3182"/>
                <TextEquiv>
                    <Unicode>läßt mich hoffen. Die feine, doch flüchtig gezimmerte Komoedie, aus der man</Unicode>
                </TextEquiv>
            </TextLine>
            <TextLine id="r2l37" custom="readingOrder {index:36;}">
                <Coords points="1101,3245 2212,3277 2453,3253 2491,3209 1101,3214"/>
                <Baseline points="1111,3257 1179,3257 1248,3256 1316,3256 1385,3255 1454,3255 1522,3254 1591,3254 1659,3253 1728,3252 1797,3252 1865,3251 1934,3250 2002,3250 2071,3248 2140,3247 2208,3246 2277,3244 2345,3243 2414,3241 2483,3239"/>
                <TextEquiv>
                    <Unicode>cher Fleck, manches allzu witzige Wort zutilgen wäre, warihm selbstwohl nur</Unicode>
                </TextEquiv>
            </TextLine>
            <TextLine id="r2l38" custom="readingOrder {index:37;}">
                <Coords points="1104,3312 2010,3344 2496,3305 2446,3250 1104,3274"/>
                <Baseline points="1113,3319 1181,3318 1250,3318 1319,3317 1387,3316 1456,3316 1525,3315 1593,3314 1662,3313 1731,3312 1800,3311 1868,3310 1937,3309 2006,3308 2074,3307 2143,3306 2212,3305 2280,3305 2349,3304 2418,3303 2487,3303"/>
                <TextEquiv>
                    <Unicode>ein Zwischenspiel; Füllsel einer zu Wichtigerem untauglichen Stunde. Ueber</Unicode>
                </TextEquiv>
            </TextLine>
            <TextLine id="r2l39" custom="readingOrder {index:38;}">
                <Coords points="1114,3390 2351,3395 2500,3383 2500,3333 1113,3331"/>
                <Baseline points="1123,3380 1191,3379 1259,3378 1328,3378 1396,3377 1465,3376 1533,3375 1602,3374 1670,3373 1739,3373 1807,3372 1875,3371 1944,3371 2012,3370 2081,3369 2149,3368 2218,3368 2286,3367 2355,3366 2423,3365 2492,3364"/>
                <TextEquiv>
                    <Unicode>seinem neuen Werk steht: „Der Ruf des Lebens“. Und seine besten Freunde</Unicode>
                </TextEquiv>
            </TextLine>
            <TextLine id="r2l40" custom="readingOrder {index:39;}">
                <Coords points="1115,3443 1935,3460 2504,3445 2504,3409 2214,3372 1114,3401"/>
                <Baseline points="1123,3440 1191,3440 1260,3440 1328,3439 1397,3438 1466,3437 1534,3437 1603,3436 1671,3435 1740,3434 1809,3433 1877,3433 1946,3432 2014,3431 2083,3430 2152,3430 2220,3429 2289,3428 2357,3428 2426,3427 2495,3427"/>
                <TextEquiv>
                    <Unicode>wünschen, dieser Ruf möge dem Ohr des Dichters nie wieder verhallen. M. H.</Unicode>
                </TextEquiv>
            </TextLine>
            <TextLine id="r2l41" custom="readingOrder {index:40;}">
                <Coords points="1121,3529 2509,3522 2508,3450 2458,3436 1120,3456"/>
                <Baseline points="1129,3520 1197,3518 1266,3515 1334,3514 1403,3512 1471,3510 1540,3509 1608,3508 1677,3507 1745,3506 1814,3506 1883,3505 1951,3504 2020,3504 2088,3504 2157,3503 2225,3503 2294,3502 2362,3502 2431,3501 2500,3500"/>
                <TextEquiv>
                    <Unicode>Herausgeber und verantwortlicher Redakteur: M. Harden in Berlin. — Verlag der Zukunft in Berlin.</Unicode>
                </TextEquiv>
            </TextLine>
            <TextLine id="r2l42" custom="readingOrder {index:41;}">
                <Coords points="1525,3546 1584,3570 1639,3550 1725,3568 1778,3554 1857,3584 1962,3553 2060,3566 2059,3509 1887,3525 1525,3520"/>
                <Baseline points="1534,3552 1559,3551 1585,3551 1611,3551 1637,3551 1663,3551 1689,3551 1714,3551 1740,3551 1766,3551 1792,3551 1818,3551 1844,3551 1870,3550 1895,3550 1921,3549 1947,3548 1973,3547 1999,3546 2025,3545 2051,3543"/>
                <TextEquiv>
                    <Unicode>Druck von G. Bernstein in Berlin.</Unicode>
                </TextEquiv>
            </TextLine>
            <TextEquiv>
                <Unicode>box 25/2
Die Zukunft.
376
den. Die Frau eine husterische Dirne, die unter jedem schönen Kerl ihre Gier
sättigen möchte und sich entweiht fühlt, weil der Mann, dem sie sieben Jahre
gehörte, im achten sie noch einmal an sich riß; einmal noch, wie vorhersooft.
Gehts so in der Ehe zu? Reden so Menschen mit einander, die sieben Jahre
lang Tag und Nacht vereint waren und aus deren Umarmung ein Kind ge¬
boren ward? Die würden über höheres Hinderniß hinwegkommen, würden
sich des Kindes wegen nach ernsterem Zwist versöhnen und Herrn Albertus
Rhon auslachen, wenn er solchen Abschluß banal fände; denn so banal, so
wundervoll vernünftig ist das Leben. Mag sein, erwidert der Dichter;nur das
Leben der Abnormen nicht, die ich auf die Bretter stelle. Deren Kind ist das
Gedicht, die Symphonie, das Bild, das ihr Geist gebiert. Deren Leben ist,
weil sie Narren der Phantasie sind und mit Bewußtsein die Heerstraße mei¬
den, verkünstelt (wie Ihrs nennt), jedenfalls anders als das Euch bekannte.
Sucht Ihr Euresgleichen, so blättert die alten Biblia pauperum auf.
Ich hoffe (und fürchte für Schnitzler): sie werdens thun; werdens bei
all der überfeinerten Feinheit nicht lange mehr aushalten. Unsliterati können
solche Zwischenspiele amusiren. Wir kennen diese Welt und freuen uns, wenn
Herr Amadeus, der sich den Wahrhaftigsten dünkelt, sich selbst belügt und
die Lüge, die er sie so lange gelehrt hat, aus dem Munde der Schülerin zurück¬
erhält. Freuen uns all der Phrasengewitter, die niederprasseln, und nehmen die
Donnerschläge nicht allzu ernst. Die Anderen, die der Zufall des Erlebens nie
in dieses Welteckchen führte? Noch machen sie die Mode mitz glauben, das Unver¬
ständliche nur sei vornehm. Lange aber werden sie die muffige Luft nicht mehr er¬
tragen. Auch in der Bibel der Einfältigen stehen lesenswertheGeschichten. Faust
und Hamlet haben dem friesischen Landmann und dem Kulturkünstler Etwas zu
sagen, dem Schlichtesten und den: Rafsinirtesten. Was Amadeusspricht und ver¬
schweigt,tönt nur im Ohr einer kleinen Sekte wider. Hört Herr Arthur Schnitzler
wirklich nur noch das Gesumm des eitlen Artistenhäufleins? Ich bewundere
den ernsten Fleiß, mit dem er sein von Ibsen übernommenes Thema immer
wieder varürt, wünsche seinem Mühen endlich aber einen reicheren Acker. Lockt
ihn das Leben der Thätigen gar nicht, nur das der Thatsimulanten, denen wir
ohne Beweisglauben sollen, daßsie Geniessind? Der Titel seinesneusten Dramas
läßt mich hoffen. Die feine, doch flüchtig gezimmerte Komoedie, aus der man
cher Fleck, manches allzu witzige Wort zutilgen wäre, warihm selbstwohl nur
ein Zwischenspiel; Füllsel einer zu Wichtigerem untauglichen Stunde. Ueber
seinem neuen Werk steht: „Der Ruf des Lebens“. Und seine besten Freunde
wünschen, dieser Ruf möge dem Ohr des Dichters nie wieder verhallen. M. H.
Herausgeber und verantwortlicher Redakteur: M. Harden in Berlin. — Verlag der Zukunft in Berlin.
Druck von G. Bernstein in Berlin.</Unicode>
            </TextEquiv>
        </TextRegion>
    </Page>
</PcGts>
