3580 4352
59 2578 126 2633 ten
-16 2620 136 2678 betung
-16 2667 127 2720 ler be¬
-16 2705 149 2768 seelen,,
-5 2750 149 2814 Form
-9 2800 144 2851 n ver¬
9 2839 152 2896 zeiden,
13 2886 171 2965 heiter
1376 169 1849 287 box 25/2
326 221 1327 312 20. Zuischensniel
1672 1310 3452 1460 armeemedizinische Drpartement teilt mit, daß die japani= einzuaenden Gesang die A
2915 1375 3463 1449 hinriß. Nicht minderen Be#
1117 1365 1672 1448 Fnverbindung mir
2918 1422 3463 1484 der ebenfalls vortrefflich bei
1689 1421 2915 1506 schen Verluste an Toten und Verwundeten 218 429, an
419 1424 1682 1510 Dalmatien erörtert. Kriegsminister Pitreich soll mit
2930 1470 3457 1533 Hoditz mit seinen gelunge
430 1475 1680 1536 Rücksicht auf die Rückständigkeit der Artilleriebewaffnung und
1673 1465 2921 1567 Kranken 221 136 Mann betrugen. — Die Russen schaffen
2920 1512 3465 1566 hervorgehoben der von H#
423 1527 1688 1581 anderer Ausrüstungsgegenstände auf Flüssigmachung der von den
1675 1515 2928 1590 [Dampfer an, um unverzüglich einen planmäßigen Dienst
426 1556 1685 1636 Delegationen im Vorjahr bewilligten Kredite drängen. Wie ver¬
2933 1600 3476 1659 steige, dagegen nichts wenn
1693 1596 2921 1688 stürmischen Wärmegrad. Erst als zum Schluß das Zischen recht
2929 1635 3464 1697 Dumas, der sich immer in
430 1641 1687 1693 nehmen soll. So kommt ein in der Chavakteristik verschwommenes,
1683 1637 2924 1720 energisch ward, steigerte sich auch der Beifall zu tatkräftigem Wider¬
2925 1671 3473 1736 Abends ziemlich spät ins The
436 1686 1683 1744 in der Dchnik unbeholfenes Gemächte heraus. Zu Beginn des
1686 1686 2921 1778 spruch. Der Dichter mit dem wohlgepflegten Haar und Bart und
2920 1720 3466 1785 haben wieder kein Glück,“ sa
429 1724 1689 1797 dritten Aktes hält der Kapellmeister sogar einen Monolog. Lieber
1698 1726 2929 1812 dem weltschmerzlichen Ausdruck in den weichen Zügen konnte sich
2933 1759 3469 1837 Sie nichts, hier ist der Kasseh
439 1770 1689 1838 Himmel, wie die Berliner Kritik vor 10 Jahren mit einem Dichter
1689 1773 2931 1854 etliche Male dankbar verneigen. Gerhardt Hauptmann, der bei
2927 1809 3466 1881 an und ging dann fort. In
429 1821 1693 1890 iumgesprungen wäre, der seinen Helden im modernen Stücke hätte
1689 1814 2924 1896 keiner Premiere im Lessingtheater sehlen darf, schien mit dem Erfolge
2934 1838 3480 1915 und sagte: „Möchten Sie nic
441 1870 1056 1939 einen Monolog sprechen lassen!
1687 1883 2290 1965 seines Konkurrenten zufrieden.
2928 1901 3469 1957 Sie müssen mir 1000 Franc
2440 1887 2900 1983 Dr. Paul Harms,
527 1894 1698 1968 Aber wie gesagt: wenn man hier leiden mag, der hat einen
2937 1942 3473 2017 das ich mir soeben für drei
443 1947 1700 2022 Freibrief, zu tun und zu lassen was er will; man wird alles schön
2943 1989 3454 2062 nahme 3000 Francs und
451 1993 1702 2064 finden, so lange man ihn leiden mag. Albert Bassermann
3095 2033 3451 2086 Von der hohen
448 2030 1708 2117 soh einem modernen Wiener Kapellmeister so ähnlich, wie die Holz¬
2040 2038 2606 2135 Tagesnensakzesten.
2935 2068 3452 2149 warum weinst Du denn? —
453 2080 1709 2148 anktion einem Walzer von Lanner oder Strauß. Alles an Basser¬
1848 2075 2938 2172 *Der Abonnent. In dem in Ha=noi (Hauptstadt von Tang¬
2946 2109 3480 2182 unartig; sie wollen den Mi
445 2123 1704 2192 man widerstrebt der oberflächlichen, zappeligen, leichtlebigen,
1701 2147 2938 2226 king) erscheinenden „Petit Tonkinois“ war jüngst folgendes zu
2939 2160 3481 2230 Was hat er Dir denn get#
457 2168 1700 2230 spielerischen Wiener Art und sicher hat sich Schnitzler den Amadeus
1703 2181 2935 2276 iesen: „Der Herausgeber des „Petit Tonkinois“ bittet seine
2944 2199 3461 2278 nichts, aber er ist so fleißig
450 2214 1703 2274 Adams anders vorgestellt, vom Dialekt, den Bassermann nimmer
1703 2232 2947 2319 Freunde und Gönner, ihm als Ersatz für den vortrefflichen Kun¬
3115 2238 3478 2307 Aus den „Flie
449 2253 1703 2326 zwingt ganz abgesehen. Tut nichts, man findet, Bassermanns große
1705 2263 2940 2364 den, den er in Herrn Bernhard verloren hat, einen Abonnenten
2952 2285 3470 2361 „Fräulein, ich liebe Sie!“
452 2306 1705 2380 Kunst habe das Stück getragen. In Wahrheit mühte sich Basser¬
1715 2313 2943 2415 zu verschaffen.“ Hoffentlich ist die bescheidene Bitte erfüllt worden!
2956 2322 3467 2397 schon betrogen haben?!“
449 2335 1712 2418 manns wirklich große Kunst ium eine Aufgabe die ihr weltenfern
2947 2360 3471 2445 schwöre Ihnen: Sie si
1842 2362 2945 2450 = Verfrühte Thronrede. König Georg II. von England ai¬
450 2394 1715 2453 liegt und die ein glücklicheres Naturell mit weit geringerer Kunst
2954 2414 3477 2496 aus. „Aber, Franzl, was
1712 2422 2947 2513 fuhr, daß ein Zeitungsredakteur bestraft werden sollte, weil er,
460 2431 1713 2509 ##rfolgreicher gelöst hätte. Ehre wem Ehre geböhrt: getragen ward
2956 2465 3482 2528 den zerrissenen und beschmt
1717 2466 2948 2551 um die Thronrede des Königs möglichst früh geben zu können, selbst
457 2475 1714 2553 das Stück von der scharf beobachtenden und doch so temperament¬
2953 2516 3485 2584 weiß ich schen! Er sagt: „W#
1720 2494 2948 2596 eine Thronrede geschrieben hatte. „Ich hoffe,“ sagte der König
462 2512 1712 2581 vollen Kunst der Frau Irene Triesch. Sie machte aus einer
3104 2550 3492 2616 Aus den „Meggen
1719 2544 2953 2638 zu dem vortragenden Minister, „daß der Mann sehr milde behan¬
459 2570 1710 2625 mit allerlei Flitterkram behängten Antitheie, die nur der These zu
2959 2596 3473 2669 Frau (zum Gast, einem St
1719 2584 2957 2661 delt wird. Ich habe sein. und meine Rede verglichen und finde,
464 2606 1721 2679 Lieb auf zwei Beinen umherläuft, ein Wesen von Fleisch und Blut.
2968 2637 3479 2707 Gesicht, als wenn Sie glei
1718 2628 2942 2740 soviel ich davon verstehe, daß die seinige bei weitem besser ist.“
472 2648 1716 2718 Sie orachte mit gekämpften Leidenschaftsausbrüchen und gebrochener
2960 2681 3477 2749 antragen wollten!“ — „G5
1859 2670 2965 2770 * Der listige Dumas. Der in Paris sehr bekannte Theater¬
466 2701 1726 2784 Ec#aerzenslauten Farben in die Gemälde, die man auf der Palette
3024 2716 3487 2789 Rekrutenauzbil
472 2735 1728 2809 des Dichters vergebens sucht. Was sie in ihrer Toilette, besonders
1723 2714 2961 2824 direktor Dolignn erzählt in seinen „Erinnerungen“ von einem
2967 2767 3468 2835 „Ihr müßt bedenken, daß
545 2774 1732 2853 8. Akt. von Farben vereinigte, war nicht minder gewählt, und gab
1729 2776 2961 2869 Zusammentreifen mi dem älteren Dumas, das so recht ein Zeugnis
2956 2811 3473 2878 bedacht sind und  flets das
1729 2831 2970 2904 von der Verschlagenheit dieses großen Schriftstellers ablegt. Dolignyj.
479 2825 1710 2911 zusammen mit der geschmeidigen Figur, dem schwarzen Haar à In
2962 2846 3485 2924 wenn du von Hause ein P
1732 2859 2973 2949 hatte Dumas „Keau“ unter der freilich enwvas sonderlaren Beding¬
481 2863 1728 2940 Maria Manini und den großen Märchenungen ein entzückendes Bild,
2972 2897 3486 2965 Leste, Herr,=Unteroffizier.“
469 2910 1748 3000 Reicher hatte die dankbare Charge des Raisonneurs, der Rest ist
1732 2907 2967 2994 ung zur Aufführung angenommen, daß Tumas von der Bruttoein¬
483 2981 726 3050 Schweigen
564 2932 3114 3100 Die Schnitzler=Gencinde applandierte prompt, doch ohne nahmne den dritten Teil erhalten solle, wenn jie 3000 Francs über das!“
