3484 4352
239 234 1773 373 20. Zuischenspiel box 25/1
182 941 1604 1045 seit Jahren in der Situation,ommen wolen, so müssen sie dir 2
178 994 3274 1099 zu können: Wir kennen zwar! Wenn sie ein Minister einladet, in sein Kabinett zu kom= die Redaktion der „N. F. P.“ verirren. Hoffentlich wird
182 1052 3270 1141 wir mißbilligen sie. Herr Pro=men, so dürfen sie nicht ablehnen, weil einer dem anderen sein Wort nicht so schwer in die Wagschale fallen, daß die
2036 1101 3091 1187 Dummheit, die er predigt, auch ausgeführt wird.
825 1106 2049 1176 den Bissen nicht gönnt, der dabei abfallen könnte, sondern
204 1129 842 1195 des Abgeordnetenhauses und
834 1149 2054 1235 sie müssen die Bedingungen hören, die man ihnen vorlegt,
202 1181 826 1250 sagt es in seinem Leibblatte,
2033 1244 3275 1327 dann kommt die „Rote Robe“; zum Schluß erscheinen
922 1259 2039 1334 Direkior: Einmal feststehende Dinge lassen sich
2711 1301 3281 1388 und ich habe die ganze
2042 1306 2635 1379 Sie mit Ihrem „Schleier“
160 1287 535 1391 gefunden.
829 1315 2049 1392 schwer ändern. Man muß aus pädagogischen Rücksichten
2048 1340 2664 1431 „Wiener Mode“ beisammen.
835 1364 2005 1445 schon sehr häufig „Flachsmann als Erzieher“ spielen ..
171 1369 668 1453 belei“ in zwei Szenen.
2138 1381 3270 1465 Schnitzler: Gegen Bekleidungsstücke haben Sie
942 1412 2055 1492 Schnitzler (einfallend): Besonders in der Di¬
189 1428 389 1525 Szene.
2029 1450 3276 1515 einen begreiflichen Widerwillen; denn das Unheil
821 1456 1555 1552 rektionskanzlei des Burgtheaters.
2030 1492 3280 1565 ist bekanntlich immer — im Anzuge. Und aus einem
171 1505 505 1594 gtheater.
925 1494 2056 1607 Direktor: Es ist ja unheimlich schwer, es allen
2026 1543 3276 1635 derartigen „Anzuge“ kann sich sehr bald der Auszug
830 1559 1206 1647 recht zu machen.
178 1547 847 1634 nther sitzt im bequemen
2045 1595 2772 1675 aus dem Burgtheater entwickeln.
945 1591 2050 1698 Schnitzler: Aber dafür ist es sehr leicht, Herr
169 1624 842 1689 beiden Achillesfersen auf die
2131 1634 3102 1725 Direktor: Daran denke'ich absolut nicht.
827 1657 1653 1756 Direktor, sich mit allen zu verfeinden.
247 1684 844 1742 Der Dichter des „Süßen
209 1689 275 1740 .
2126 1694 3280 1782 Schnitzler: Wer kann Sie denn, Hern Direktor,
927 1714 1768 1782 Direktor: Viel Feind — viel Ehr!
171 1723 844 1798 Herr Direktor sieht sich genötigt,
2728 1754 3271 1837 — haben Sie mein neues
924 1736 2749 1823 Schnitzler: Aus irgend einem Grunde muß man zum Denken zwingen! Apropos -
180 1767 845 1841 en Erdboden zu stellen. Mit
2040 1804 2529 1880 Stück bereits gelesen?
182 1819 2040 1902 sch seinen hundert Pfund=Körper doch seine Ehre ableiten. Uebrigens kommen wir zur
2134 1830 3277 1908 Direktor: Warten Sie, warten Sie! Ich werde
826 1849 2042 1932 Sache. Herr Direktor haben die Liebenswürdigkeit gehabt,
2036 1883 3138 1965 den Rosenbaum fragen, ob ich es schon gelesen habe.
188 1899 2043 1979 (mit einem ironischen Seiten=lmich zum Friedensschluß einzuladen. Also tragieren wir
2128 1940 3291 2027 Schnitzler: Ach Gott! Im Burgtheater blühen
184 1961 2054 2040 des Direktors): Herr Direktor ein wenig Portsmouth. Schütteln wir uns die Hände
2037 2010 3283 2076 jetzt dem Dichter nicht bloß Rosen, sondern ganze Rosen¬
178 2011 2040 2085 Infang Ihre Tätigkeit wieder und sagen wir wie nach einer Novität des Burgtheaters:
2028 2052 3279 2113 bäume, und den „Schlenthrian“ bekommt man noch gratis
842 2070 1217 2147 „Es war nichts!“
2045 2105 3269 2183 darauf. Sie sehen also, daß ich zum Frieden bereit bin.
932 2091 1792 2178 Direktor: Also doch zurückgekehrt?
192 2097 853 2189 lieber Doktor, Sie ahnen gar
2137 2142 3288 2206 Direktor: So ist's recht. Ich bin entzückt, daß
929 2140 1821 2228 Schnitzler: Zum Franzensringelspiel.
180 2166 846 2243 ktor schwitzen muß. Inszeniert
929 2203 3276 2280 Direktor (indigniert): Bezeichnen Sie das mir die Verständigung geglückt ist. Bin ich nicht ver¬
187 2203 860 2294 ann rinnen dickflüssige Tropfen
2040 2262 2454 2344 söhnlich gestimmt?
184 2268 2057 2351 die Kritiker meinen dann, daß Burgtheater deshalb mit dieser Titulatur, weil es sich un¬
2136 2281 3276 2375 Schnitzler: Herr Direktor begehen nun seit Ihrer
175 2322 1265 2403 n der Enttäuschten bedeuten. aufhörlich bewegt?
2034 2334 3277 2426 Verheiratung mit dem Burgtheater einen neuerlichen
925 2337 2057 2453 Schnitzler: Nein, Herr Direktor, deshalb, weil
195 2383 845 2436 Stück, dann transpiriert man
3152 2404 3280 2488 der
2020 2394 3056 2497 kleinen Fehltritt mit Ihrer früheren Geliebten
839 2404 1493 2495 Sie sich so gut drehen können.
184 2422 861 2501 äß, wie eine österreichische Erz¬
2038 2458 2282 2542 Literatur.
924 2440 2041 2532 Direktor: Zugegeben! Ich habe Ihnen einstens
179 2471 849 2545 rd. Will man wieder ein
2484 2492 2821 2587 Zweite Szene.
833 2504 2011 2587 den Rücken gekehrt und zeige Ihnen nun mein Gesicht.
181 2522 854 2586 witzt man abermals, weil man
925 2543 2061 2623 Schnitzler: Dieser Unters“ d, Herr Direktor,
176 2577 854 2646 gentlich die Karten verschenken
2191 2557 3083 2668 Im Deutschen Volkstheater.
189 2615 2063 2678 Burgtheaterdirektor, der nicht ist wahrhaftig nicht merklich. Aber Lenn schon einmal!
2125 2630 3287 2725 Bahr (hereinstürzend): Servus, Direktorl! Sie
186 2644 2068 2739 Beruf a limine verfehlt. Biesem! Frieden geschlossen werden soll, so verzichte ich selbst auf
186 2707 2763 2796 sie Körperkonstitution seyr zu=den mir schon so gewohnten Anblick Ihrer geschätzten wissen doch, weshalb ich erscheine.
2128 2723 3291 2824 Direktor (sehr würdevoll): Herr Bahr kommen
835 2766 1115 2848 Reversseite.
939 2791 3287 2888 Direktor: Sie werden doch einsehen, daß ich den wahrscheinlich, um sich über das Geschick Ihres Stückes zu
187 2802 856 2898 Direktor, es freut mich unge¬
2036 2858 2350 2942 erkundigen?
837 2867 1850 2950 „Schleier der Beatrice“ nicht aufführen konnte.
183 2878 841 2947 n Ihrer idealen Mission so sehr
2137 2875 3292 2986 Bahr: Das geben's gut, Direktorl! Geschick meines
936 2891 2064 2981 Schnitzler: Ich finde es durchaus begreiflich.
180 2927 846 2994 für uns heimischen Dichter hat
2042 2952 3277 3025 Stückes? Es ist doch selbstverständlich, daß Sie mein
174 2973 2055 3053 genehme, daß wie im Nachtrain Herr Direktor haben alle Hände voll zu tun, um das Fiasko
2042 3005 3277 3070 Stück geherzt, geküßt und an Ihre Brust gedrückt haben.
192 3008 1759 3090 1 Vortrain Herr Otto Ernstsanderer Stücke entsprechend vorzubereiten.
943 3050 3286 3132 Direktor: Ich kann doch nicht lauter Toilettestücke Der Bahr ist wieder im Volkstheater. Das ist doch ein
196 3077 858 3174 wahrhaftig mein fürchterlicher
836 3096 3298 3195 bringen! In „Monna Vanna“ dominiert ein Mantel; Ereignis, ja, gelinde gesagt, eine Sensation. Warum so
