3436 4352
-13 2137 48 2192 pc
5 1656 63 1719 un
-4 1689 82 1762 urch
-3 1749 81 1810 on
1 2498 83 2585 isten
-10 2656 87 2718 eili
19 2698 93 2760 rn
-13 2987 95 3056 acht
-13 3134 91 3198 lück
3 3177 97 3244 ichti
21 3374 84 3432 1
20 3469 91 3530 ihr
48 3566 96 3623 0
1331 291 1719 388 box 25
264 287 1210 403 20. Zuischenspiel
196 1074 1995 1214 flenzen erblühten aus den! Bedenken. Die warme Herbstsonne hat ein wenig Farbe und
192 1151 2002 1277 machten Staatsmännern] Leben auf die sonst ach so blassen, schier anämischen Wangen
196 1192 2012 1332 #tere. Der Minister für unserer Stadiphysiognomie gezaubert. Mit einigem guten Willen
208 1250 2001 1359 und sein Gegenteil, hat können wir sogar daran glauben, daß der vielberufene, oft und
700 1290 2012 1392 heiß herbeigesehnte Fremde in unseren Mauern weile. Ach, was
204 1333 707 1414 schöner Beweis für die
204 1331 2014 1455 plitik den Charakter ver= haben wir dieses schmerzlich vermißten Fremden wegen nicht schon
206 1388 2010 1499 #ich Ihren Lesern dieses alles ausgestanden! Der Fremde spielt bei uns zu Hause die Rolle
237 1434 2013 1538 bei dem die deutsche; des chier sagenhaften=Erbonkels aus Amerika. Unser Leben und
701 1475 2011 1576 Treiben, unser Tun und Lassen richten wir nach ihm ein, und das
198 1524 701 1604 vische und klerikale Rechte
697 1531 2010 1629 ganze Jahr hindurch spielen wir das ein wenig ermüdende Gänse¬
205 1569 703 1646 rrock war ihm zeitlebens
708 1602 2028 1687 bkümchenspiel: Kommt er — von Herzen — mit Schmerzen ——
200 1626 696 1709 ks öfteren während seines
701 1632 2034 1721 ein wenig — oder gar nicht?? Kaum lassen wir es uns ein wenig
202 1678 701 1755 egenheit, die alte Melodie
705 1675 2028 1768 gut sein, lümmeln ein wenig wienerisch hin oder strecken sorglos die
213 1713 709 1789 Euch sagen, der Kultus
209 1716 2022 1823 man bitter Unrecht, dem Beine von uns, flugs tritt irgend ein sorgenschwerer Weiser an uns
707 1769 2019 1883 heran, klopft uns gedankenschwer und vorwurssvoll auf die Schulier
207 1811 716 1889 feines Kuliurverständnis
718 1816 2024 1913 und spricht die bedenkliche Mahnung: Was wird der Fremde dazu
205 1871 713 1939 her von Theaterpremieren
713 1863 2032 1954 sagen? Er wird am Ende gar nicht kommen!! Jetzt, in der glück¬
203 1903 718 1978 nd der Duncan gehuldigt
715 1912 2025 1996 lichen Laune des Heimkehrenden, sind wir versucht, übermütig zu
203 1948 722 2032 hen nicht mangeln lassen,
715 1960 2026 2067 sein ein Schnippchen zu schlagen und lachend zu rufen: Um so
203 2007 709 2082 glicher Kunstberater frei¬
727 2007 2032 2115 schlimmer für ihn! Wie geschmacklos von dem Fremden!! Denn
207 2056 720 2131 ten in das Gestrüpp jener
199 2055 2036 2174 nältesten Eisen geworfen jetzt nach wochenlanger Trennung fühlt man lokalpatriotischer als
207 2117 2035 2222 Kunst, wie in der Politik sonst und genießt mit vollen Zügen die einzige, sinnbetörende Schön¬
209 2142 2043 2269 btt es mit den stärkeren heit Wiens. Wie ein Eroberer schreitest Du durch die Straßen
199 2193 2035 2325 taber wollte sich der im der Stadt, mit herrischer Milde, mit gütig lächelndem Siegertrotz.
728 2244 2049 2343 Und starke, purpurschwere Worte flüsterst Du Dir selber zu. Kom¬
205 2289 736 2368 rwerfen, und als es ihm
739 2299 2042 2389 munisten sind wir jetzt alle, aber gutmütige, harmlose, wunsch¬
198 2334 735 2420 geverhältnisse der in Frage
727 2327 2055 2444 fremde Kommunisten. Gehört doch ohnehin alles Schöne, alles Be¬
210 2386 734 2458 irren, war das Unglück
727 2387 2050 2503 gehrenswerte uns allen. In diesen Tagen der Heimkehr erquicken
215 2434 730 2511 trägt der eine einen hoch¬
741 2434 2055 2531 wir uns an dem Lächeln vorübergehender schöner Frauen, und daß
201 2477 732 2554 der der Weltliteratur ver¬
734 2488 2050 2584 irgend ein langweiliger Geck an ihrer Seite gehi, tut unserem Ge¬
202 2528 738 2608 Auersperg, ein Nach¬
210 2530 2058 2645 pn lange als einer unserernießen keinen Abbruch. Für uns alle lächelt sie, für Dich, für mich,
212 2580 2059 2694 ber an seine Minister=für jedermann, der Verständnis besitzt für der Güter kostbarstes,
209 2631 2067 2738 längst nicht mehr. Und auf das unsere arme Sprache mit simpler Schlichtheit: Frauenlächeln
209 2674 2050 2792 stzeremonienmeister und dienennt. Uns allen gehört jetzt die ragende Pracht stolzer Ring¬
202 2703 2063 2850 Hüter der Etikette schwere straßenpaläste, und der wäre nicht wert, nach wochenlangem Ferien¬
206 2772 2064 2894 Eminister ist nämlich durch= exil nach Wien zurückkehren zu dürfen, der sich den ästhetischen
745 2819 2066 2907 Genuß der Betrachtung durch die nüchterne Kommiserwägung ver¬
225 2864 752 2935 die Fama nicht lügl, ein
217 2863 2060 2980 die für das Hofleben not= kleinern ließe, daß ganz andere Leute in diesen Palästen wohnen.
202 2913 2062 3038 e des gräflichen Gatten hat! Und nicht anders gehi es uns mit den Gummiradlern, die vorüber¬
756 2954 2072 3060 rollen. Zum Glück hat es lauge nicht geregnet, und der Genuß
197 3006 744 3084 icht sonderlich genützt, bis
203 3020 2070 3127 n. das Eisen der Vorurteile ästheisscher Betrachtung wird nicht #urch die traurige Konstatierung
203 3051 2072 3183 en mit patriotischem Pessi= gestört, daß es zwei Klassen von Menschen gibt, solche, die im
757 3103 2078 3201 Gummiradler fahren, und andere mehrere, die von ihnen bloß mit
207 3153 761 3225 en alten Kaiserstaat, wenn
767 3147 2079 3256 Koth bespritzt werden. Auch den vorbeirasenden Automobilen trägt
203 3204 760 3283 inner ohne Rücksicht auf die
752 3194 2083 3308 niemand der mit den rosa Brillen des Heimkehrenden ve sehen ist,
221 3261 490 3326 zu machen!
217 3246 2081 3363 esen sonnengeküßten Herbst= nach, daß er und die übrige miscra plebs contrihnens mit diesen
768 3300 2085 3391 kostspieligen Gefährten kaum jemals in andere Berührung kommt,
218 3346 770 3411 Menschenstrom über Wiens
208 3330 2089 3461 sind durch die alten Straßen] als in die nicht gerade hygienische dee Ueberfahrenwberdens. Mon
218 3388 2094 3514 beschäftsleben pulsiert. Die ist eben wieder Großstädter, man fühlt sich gehobener und leichter
233 3432 2086 3565 t nicht ein wenig zu stark, und mutiger. Die Sicherheit und die Energie, mit der all die
246 3480 2082 3606 Können wir Wiener von Hunderte und Tausende ihren verschiedenen Zielen entgegeneilen,
238 3539 2105 3653 Weg mit den nörgelnden wirken ansteckend. Der Stuemschritt der Menge reißt mit, und der
2485 1033 3381 1122 heiße Atem ihrer Wünsche, ihrer Leidenschaf
2482 1096 3382 1175 durchwärmt und durchglüht. Wie berauscht
2476 1134 3379 1212 brandenden Wogen, die aus Millionen Wel
2477 1178 3387 1286 und ein einziges zu verkünden scheinen: Leben
2549 1235 3380 1310 Mit einigem guten Willen und ein klein
2493 1278 3386 1366 man sich schon mitten in die Hochsaison unse
2491 1328 3389 1418 geistigen Lebens versetzt glauben. Bereits flat
2486 1378 3390 1472 richten über literarische Neugründungen auf
2491 1424 3386 1507 direktoren haben uns auf dem' hergebrachten:
2487 1468 3390 1559 Kanzleinotizen verständigt, wie sie den Kunsts
2498 1522 3377 1597 auf Freibilletts sich beschränkenden Wiener
2490 1567 3384 1654 und das Rundreiseprogramm Girardis
2498 1610 3391 1701 Bühnen ist bereits zur Gänze ausgearbeitet.
2499 1662 3387 1752 schrift blüht uns. Nach den Erfahrungen
2513 1698 3397 1802 schränkt sich der Kenner der einschlägigen V
2509 1760 3384 1848 wirtschaftliche Seite der Frage ins Auge zi
2508 1798 3387 1902 Geld unter die Leute, und es ist wunderhübsch
2511 1854 3384 1941 aus guter Familie, wenn sie statt notleiden
2504 1904 3396 1985 leidenden Literaten unter die freilich wenigen
2506 1948 3397 2035 greifen. In den richtunggebenden Kaffeehäuf
2517 1992 3385 2088 gründung, und was drum und dran hängt,
2518 2039 3397 2124 man eigentlich gar nicht dazu kam, jenen Frie
2521 2090 3401 2169 Bedeutung dem von Portsmouth unmitt
2527 2133 3400 2223 sprechend zu würdigen. Ich meine die Versöhr
2527 2191 3398 2263 Schlenther und Arthur Schnitzler
2523 2234 3403 2309 Folge hat, daß uns die Beschämung erspat
2531 2289 3383 2369 schaft mit dem jüngsten Werk des stärksten
2529 2326 3399 2402 Wiener Dramatikers der Zufallsgunst irgen
2523 2374 3401 2452 spieltruppe zu danken. Direktor Schlenthe
2541 2433 3399 2509 der „Wolter=Suche. Ein Experiment, das e
2537 2467 3402 2553 gabten, als verbildeten süddeutschen Heroin
2539 2518 3402 2597 leicht ein wenig allzu strenge beurteilt wor#
2533 2570 3394 2652 Gewaltige konnte wehmutsvoll den alten
2533 2618 3393 2686 Herbst wird es, und die Blätter fallen über 1
2532 2654 3400 2747 aber, wenigstens äußerlich, nicht nahe ge
2530 2701 3404 2785 zweifelte Engagement der betreffeuden Dan
2547 2759 3406 2838 wie vollzogen sein. Die Auffrischung des
2548 2807 3397 2881 standes unserer Hofbühne bleibt allerdings
2540 2850 3401 2929 eine unbeantwortete Frage, und sie wird d
2546 2895 3403 2978 allerlei Kulisseninirigen dazu beitragen, die
2543 2938 3409 3033 des Burgtheater=Ensembles — ich nei
2544 2984 3342 3084 Schmittlein und Reinhold
2543 3034 3399 3127 machen. Von anderen Wiener Bühnen soll
2553 3092 3404 3164 Brief ausführlicher die Rede sein, für heute
2543 3137 3405 3222 daß eine Flut neuer Namen — Autoren un
2556 3186 3403 3259 Gedächtnis des Theaterfreundes bedeutenh
2550 3235 3383 3306 Unsere Direktoren haben jahrelang mit
2552 3264 3399 3367 Erfahrungen gemacht, daß sie sich schließlich
2556 3329 3399 3397 länderschen Rezept der probaten Löwenve
2556 3376 3406 3466 Man sperre zwei und mehr Löwen in ein
2557 3438 3064 3519 schließlich einander auf
3148 3443 3404 3553 Dr. Juli
