3436 4352
294 99 1187 221 20 Zuischensniel
1360 114 1779 208 box 25/2
1632 1032 1799 1103 Theater.
2301 1039 2422 1116 373
1023 1116 2410 1199 nius erdachten Ehe vergessen und ist einfach in die gesunde Natur des eifer¬
1029 1188 2425 1243 süchtigen Männchens zurückgekehrt. Daß diese Frau, die reizendste, die er je
1029 1236 2431 1326 umfing, gestern eines Anderen war (und morgen wieder seinwird): der Gedanke
1026 1308 2431 1383 macht ihn toll. Das Fleisch bäumt sich. Der Aesthetenwahn zerrinnt wie Nebel
1035 1368 2412 1441 unter dem Anhauch der Mittagssonne. Der Andere muß aus dem Weg; muß
1024 1435 2425 1506 ihm vor die Pistole. Denn nur für Einen von ihnen ist auf der Erde noch
1028 1490 2414 1570 Raum. Vergebens hänselt ihn Albertus, der dem Fürsten die Forderung brin¬
1025 1557 2422 1624 gen soll. Ob der Künstler ins Philisterland abbiegen wolle; ob von all den
1037 1620 2421 1675 neuen Moralgesetzen denn kein einziges nun mehrgelte; ob Frau Caecilie auch
1033 1673 2419 1753 Alles umbringen solle, was mit Erfolg neben ihrgebuhlt hat. Vergebens. Der
1030 1737 2424 1809 Sachverhalt ist doch wahrhaftig ganzeinfach, ganz klar. Der Fürst hat meine
1024 1794 2420 1862 Frau kompromittirt, ist ihr Liebster und schuldet mir also Rechenschaft. Der
1024 1866 2420 1928 Fürst hat vor Aller Augen.... Da ist er selbst. Wirbt um Cacciliens Hand.
1037 1920 2410 2002 Amadeus soll den Bann lösen, die Frau freigeben, selbst die Scheidung fordern;
1023 1984 2414 2050 sein Kind, auch seine Freundin und Kunstgenossin wird er, so oft es ihn treibt,
1021 2052 2419 2117 in Schloß Lohsenstein finden. Der junge Herrhält sich gut. Komoedie? Nein.
1028 2112 2411 2179 Wort und Ton bezeugen, daß er nicht die winzigste Gunst von der geliebten Frau
1032 2163 2425 2228 verlangt, nie auch nur erbeten hat. In einem alten Frauenzimmerspiel nur
1034 2228 2407 2291 eine Puppe war: der fremde Prinz, mit dessen Schreckbild ein schlaues Weib¬
1035 2280 2412 2359 chen den kühl und müde gewordenen Eheherrn so langeängstet, bis ihm das von
1031 2353 2415 2422 so feinem Gaumen begehrte Glück am Herd wieder schmackhaft scheint. Sigis¬
1029 2419 2413 2479 mund muß es seufzend glauben; und Amadeus glaubtsgern. Kein Wölkchen
1025 2472 2406 2549 trübt nun noch seinen Himmel. Das Duell ist unnöthig; die Frau, die sein Wer¬
1027 2526 2420 2607 ben gestern ihm wiedergewann, hat nie einen Anderen umarmt; die Ehe (und das
1034 2591 2416 2657 wichtige Sopransolo in seiner Symphonie) ist gerettet. Umschlungen können
1033 2648 2421 2728 sie vorwärts schreiten; kein Hinderniß mehr auf ihrem Weg. Was ich erlebt habe,
1034 2706 2414 2774 sagter, war ja so nichtig. Doch die Frau: „Und wennichs erlebt hätte, warsso be¬
1034 2775 2423 2838 deutungvoll, daß man darum morden und sterben mußte?“ In seinem Dünkel
1036 2834 2404 2900 haterihr den Glauben an eine für Mann und Weib verschiedene Geschlechtsmo¬
1031 2887 2412 2977 ral ausgeredet. Nun rächt sichs. Rächt sich jede Phrasensünde dieser sieben Jahre.
1027 2958 2411 3020 Im Hochsommer noch hätte ein Wort genügt, sie zu halten. Er sprachesnicht,
1024 3031 2422 3089 wollte es nicht sprechen; wollte der Ueberlegene sein, der das Schicksal meistert
1033 3078 2405 3151 und ein für Dutzendmenschen ausreichendes Alltagsglück mit stolzer Genie¬
1028 3141 2409 3215 geste verschmäht. Jetzt ist Herbst. Der Preis einer Lebenslüge wäre ihm jetzt
1024 3198 2410 3280 nicht mehr zu hoch, wenn er damiterkaufen könnte, was in der heißesten Nacht
1029 3261 2417 3338 seiner Ehe ihm die Sinne entzückt hat. Zu spät. Caecilie ist ihm verloren. Für
1035 3321 2415 3405 immer? Für jetzt. Schaudernd blickt sie, mit brennendem Auge, auf das Aben¬
