3484 4256
196 193 1121 291 20. Zuischensnie.
1273 176 1724 265 box 25/4
2003 148 3096 213 kann nur ein Zwischenspiel sein, nach dem die alte Hand¬
1994 204 3099 246 lung wieder ausgenommen wird; doch die alte Handlung
2001 228 3092 291 ist nicht das alte Glück; dieses ist nichtwiederkehrend dahin.
1998 286 3094 332 Der Narr Amadeus wähnt durch die Freundschaft zwischen
1998 314 3096 360 Mann und Weid die wahre Ehe, die zugleich Freundschaft
1995 360 3105 399 und finnliche Liebe ist, ersetzen zu können. Seine Gattin
1992 398 3102 437 gibt ihm zweifelnd recht. Beide geben einander frei. Das
2004 436 3113 491 geistige Band, die gemeinsamen musikalischen Interessen,
2009 479 3096 520 die untrennbar schienen, werden zur Qual. Nach der
2009 517 3105 556 Trennung wird der Mensch in Amadeus rege, das Gemüt
2012 550 3107 599 besiegt übermächtig den Verstand; der „Gatte“ wird eifer¬
2005 597 3084 644 süchtig, der das Gerede der Welt verachtende „Freidenker“
2012 637 3102 688 schielt nach dem Gerede hin. Die geistige Freundschaft
2008 677 3109 726 wird aufs schwerste verletzt: Frau Cäcilie wird, von sinn¬
2010 713 3109 757 lichem Verlangen nach einem anderen erfaßt, die außer¬
1999 748 3102 794 eheliche Geliebte ihres Gatten. Sie ist frei; sie darf und
2053 794 3103 829 will einem anderen ihre Liebe schenken und wird von
2003 832 3099 877 ihrem Gatten verführt. Ihr Freund hat seine Freund¬
2007 868 3102 905 schaft mißbraucht; sie ist moralisch gefallen. So schwer
2000 908 3103 946 es ihr auch wird, sie trennt sich von ihrem Freunde, dem
2004 951 3103 987 sie nur „Geliebte“ sein kann. — Ob sie anderen mehr als
2001 987 3097 1031 nur „Geliebte“ wird sein können? Wohl kaum. Ihr
2017 1026 3102 1067 Glück ist durch das Experimentieren vernichtet. — Tief
2014 1065 3102 1111 sittlich ist das Schnitzlersche Drama. Blumenthal und
2015 1102 3107 1154 Konsorten revarieren jede getrübte Ehe dadurch, daß sie
2008 1139 3103 1180 Mann und Weib zu „Geliebten“ werden lassen. Weniger
2010 1194 3106 1230 großstädtisch=übermenschliche Individuen kommen entweder,
2004 1220 3106 1264 wenn sie das ethische Reinlichkeitsbedürfnis haben, über
2015 1259 3104 1300 den ersten Knax des faktischen oder geistigen Ehebruchs
2015 1297 3106 1335 nicht hinweg, oder aber sie machen sich, wenn sie dickhäutig
2008 1340 3106 1390 genug sind, nichts aus ihm. Schnitzlers Gatten entfremden
2018 1374 3101 1418 sich durch den Bruch ihrer geistigen Kameradschaft. Das
2016 1415 3103 1463 Drama ist durchaus konsequent durchgeführt worden; die
2015 1450 3094 1493 logische Konsequenz soll das Leben festnageln. Geben wir
2023 1491 3104 1543 zu, daß der Entschluß der Gatten zum Experimentieren
2012 1520 3107 1564 die Folge der obysiologischen zeitweiligen gegenseitigen
2017 1563 3101 1611 Abneigung der Gatten ist, wie sie in jeder Ehe, die doch
2015 1602 3098 1637 im Grunde ein Kunstprodukt der Natur ist, vorkommt:
2009 1650 3103 1686 im gewöhnlichen Leben herrscht zumal in der Liebe die
2012 1693 3103 1740 Konsequenz nicht; bei weniger konsequent=verstandesstarken
2010 1727 3106 1764 Menschen als Amadeus und Cäcilie würde das Blumen¬
2006 1761 3103 1805 thalsche Prinzip gesiegt haben; zwar wird der Bruch nie
1993 1802 3103 1852 und nimmer repariert, da aber der „Ehebruch“ ihrerseits
2002 1845 3103 1884 nur geistig ist, der Ehebruch seinerseits nur körperlich
2002 1880 3099 1938 und von Cäcilie verziehen ist, so — es halten gesprungene
2005 1923 3103 1979 Töpfe besser als die heilen. Schnitzler läßt die Konsequenz
1994 1960 3098 2017 siegen; der große Philosoph opfert der Konsequenz die Lebens¬
1998 2002 3103 2048 wahrheit; das Leben, wie wir es uns denken, wie wir es
1999 2045 3096 2086 sehen, ist inkonsequent, macht Kompromisse auf durchaus
1998 2080 3097 2117 unlogischer Grundlage zum großen Leidwesen der Idea¬
2005 2117 3092 2166 listen. Cäcilie ist für uns eine krankhaft gestimmte
1993 2149 3100 2208 Person, wenn sie, die ihrem Gatten auch sinnlich zugetan
1997 2184 3093 2255 sist. ihr Glück dem Gefühle des Beleidigtseins darüber
1987 2231 3098 2287 opfert, daß ihr Gatte es einsehen mußte, daß es eine nur
1997 2280 3101 2327 geistige Freundschaft zwischen zwei der Liebe fähigen
2007 2315 3092 2358 Gatten nicht gibt. Hat sie aber dem Gatten seine Extra¬
2002 2350 3094 2395 vaganzen trotz des gegenteiligen Anscheins nicht ver¬
1992 2384 3103 2454 ziehen, ist sie ihm gänzlich entfremdet, ist die geistige
2004 2440 3092 2481 Freundschaft, was tatsächlich der Fall ist, schon vor dem
1988 2466 2801 2521 Versprechen der geistigen Ehe dahin,
2801 2471 3100 2521 so ist diese
2004 2506 3094 2554 geistige Freundschaft der Geschiedenen eine Lüge und nicht
1995 2555 3080 2601 vorhanden, und wir sehen zwei Akte lang nur die
1996 2584 3098 2646 Zuckungen der finnlichen Liebe unter der unberechtigten
1993 2620 2924 2676 Konsequenzsucht der unnatürlichen Frau Cäcilie.
2037 2671 3094 2724 Berüglich der Auffassung der Rolle der Frau Cäcilie
1993 2706 3097 2758 können wir mit der Darstellerin nur einverstanden sein.
2006 2739 3092 2796 Beim Sviele vermißten wir die pointiertere Mimik.
1996 2783 3095 2828 Loben müssen wir, daß die Darstellerin zu Beginn des
2010 2829 3104 2879 Stückes keine allzustarke seelische Erregung zeigte und
2003 2858 3105 2905 diese für den Schluß des Dramas aufbewahrte; tadeln
2006 2900 3095 2945 müssen wir, daß das Versparte zum Schlusse nicht ge¬
2002 2945 3089 2991 geben wurde. Der Darsteller des Amadeus verschoß sein
2008 2982 3095 3029 Pulver zu früh; er war anfangs, wo er leichtsinniger
2000 3014 3096 3063 hätte sein können, obwohl er genialer Musiker war, zu
2002 3052 3100 3091 tragisch, und wurde deshalb fürs ganze Stück zu mo¬
2006 3097 3086 3133 noton. Es ist ein schweres Gedankendrama; als Lese¬
1998 3122 3091 3186 drama schön zu genießen, da der Leser, wenn er er¬
2003 3181 3085 3231 müdet, das Buch zeitweilig aus der Hand legen kann;
2001 3212 3093 3269 der Darstellung muß der Zuschauer aufs gespannteste
1995 3252 3091 3305 ohne Ruhepause folgen und wird leicht abgestumpft, da
2003 3293 3084 3344 keine lebhafte Handlung fesselt. Albertus Rhon war zu
1997 3335 3091 3379 sehr als tertius gaudens aufgefaßt; zumal zum Schlusse
1997 3374 3081 3419 hätte er erschüttert sein müssen, wenn auch nur über die
1991 3415 3094 3464 Konsequenz des Dichters; denn Rhons „Metie.“ ist es ja,
1988 3447 3084 3494 das Leben zu verstehen. Gräfin Moosheim, Marie Rhon
1998 3494 3082 3531 und Fürst Sigismund waren vortrefflich interpretiert.
1993 3532 3094 3582 Der fremde Akzent der Gräfin wurde über dem Spiel
2001 3565 3099 3624 vergessen. Ob der kleine Peterl ein Junge oder ein
1992 3599 3086 3647 Mädchen war? Bei kleinen Kindern läßt sich das manch¬
1998 3647 3094 3688 mal schwer konstatieren. Gräsin Moosheim erfreute uns
1998 3688 3090 3723 als vorzügliche — Mignon; die Philine lag ihr wohl
1998 3738 3081 3774 nicht. Amadeus zeigte sich als virtuoser Pianist. Frau
2001 3756 3082 3809 Cäcilie sang sonderbarerweise mit der Stimme der Gräfin
2003 3806 3093 3858 Friederike. Wohl Mimicry. Obwohl wir es mit einem
2006 3834 3085 3873 Leseabend zu tun hatten, legten wir angesichts dessen,
1994 3878 3082 3931 daß wir gediegene Schauspieler vor uns hatten, den
2000 3915 3089 3977 schärfsten Maßstab an und müssen trotz aller Beanstan¬
2007 3951 2756 4004 dungen das Spiel in jeder Weise loben.
2164 3995 2619 4042 N: . Schänf
