3436 4384
222 132 423 226 20
1285 134 1740 242 box 25/1
401 138 1285 242 Zuischensniel
550 776 738 857 —.— Unt
148 781 542 861 waten 5to.io Rald
147 844 748 914 nk=Aktien 780.50, Angloban:
736 969 1967 1043 Mann noch immer so viel übrig, daß sie, von einem Berliner Gast¬
145 986 723 1053 ie kommen aus dem Erfahrungs¬
1944 985 3206 1038 1 Fürsten fordern läßt und sein Freund Albertus ihm sagt, das sei
740 1028 1965 1093 spiel heimgekehrt, sich von seinem plötzlichen Aufwallen überrumpeln
1967 1033 3203 1093 lächerlich. Einen Mann zu fordern wegen etwas, das man ihm
137 1036 741 1108 rs, der seinen Sätzen auch den
739 1086 1966 1139 und ein letztes Mal erobern läßt. Das ist die schöne Hauptszene am
134 1080 239 1146 15.
1967 1080 3206 1145 eigens erlaubt hat. Eher, sagt er, könnte der Fürst den Gatten for¬
730 1127 1962 1199 zweiten Aktschluß, von Kainz unübertrefflich gespielt. Sie war
140 1104 741 1204 der Texidichter des Ehemannes,
1959 1127 3213 1184 dern, weil nicht er diesen, sondern dieser ihn hintergangen habe. Von
737 1175 1957 1239 auch der Gipfel des Erfolges, mit vielen Hervorrufen des Dichters.
137 1181 734 1253 girt, spricht einmal sehr richtig
1967 1185 3214 1239 solchen Bemerkungen wimmelt das Stück, und so manches Wort
726 1226 1970 1298 Leider geht im dritten Alt die Dialektik ihren künstlich gewundenen
140 1229 736 1285 r leben. „Wo Verwicklungen, die
1970 1227 3217 1289 schlug förmlich ein. Neben dem sachlichen Hergang kommt
134 1277 735 1342 ar nicht existiren werden, tragisch
730 1278 1974 1338 Gang. Cäcilie gibt ein förmliches Konzert im Differenziren ihrer
1959 1258 3202 1343 dann aber noch das artistische Moment in Betracht. Der
733 1310 1973 1387 Empfindungen. Das unvorhergesehene „letzte Abenteuer“ mit ihrem
137 1326 726 1387 nständiger Mensch hineingeräth.“
1969 1328 3201 1389 Dichter treibt, in moderner Laune, mit seinem eigenen Ernst ein muth¬
740 1362 1975 1431 Gatten erscheint ihr nun in ganz bengalischen Beleuchtungen. Sie
129 1360 737 1441 ten am besten das neue Werk
1958 1379 3217 1436 williges Spiel. Daher auch eigens „Komödie“, nicht Lustspiel, nicht
728 1418 1972 1484 glaubt es vor sich selbst nur verantworten zu können, wenn sie nun
1964 1421 3199 1486 Schauspiel. Es wird ein Eheprogramm aufgestellt, wie es zur Zeit der be¬
132 1418 729 1481 uelle Frage“ lesen, wo die Fol¬
732 1467 1975 1540 auf Amadeus verzichtet. Und indem sie gehen will, geht er und sie
1957 1464 3216 1536 kannten „sittlichen Forderungen“ das Ergebniß all der Tendenzmühen
132 1474 741 1536 gezogen werden. Forel will den
1972 1519 3203 1580 sein sollte. Und diese Programmehe läßt der Dichter scheitern, an
739 1513 1975 1574 bleibt in Thränen zurück. Das Publikum hatte diesmal Recht, wenn
143 1522 740 1587 Ehe und Ehegesetzgebung aus¬
739 1568 1325 1641 es dies für keinen Schluß hielt.
1967 1564 3207 1619 ihrer eigenen Ausgeklügeltheit. Seine Satire siegt und zugleich thut
141 1563 738 1636 mehr oder weniger Lüge, der
1972 1610 3215 1678 es ihm halbwegs leid, daß sie gesiegt hat. Das Menschliche hat über
121 1610 737 1682 Enmal ein bigamisch=polygamisch
841 1611 1969 1692 Das schlußlose Stück ist nun freilich schon fast ein Geure für
1965 1663 3201 1731 das vorgefaßt Systematische triumphirt, aber zwei Menschen sind
200 1671 732 1741 ganzen Rattenkönig jetziger
737 1657 1969 1736 sich, namentlich in Deutschland. wo Einfälle seltener sind und die
1970 1704 3214 1784 dadurch nicht glücklicher geworden. Diese romantische Tändelstimmung
159 1714 741 1795 nen, müßte die „Gruppenehe“
729 1719 1969 1784 Schlußpointen nicht auf der flachen Hand wachsen. Aber auch in
1967 1751 3202 1823 hat etwas Analoges mit etwa Donnay's  „Les romanesques“. Nür
206 1762 735 1830 sei etwas ganz Natür¬
740 1769 1976 1831 Frankreich kommt es in dem Tendenzstück, z. B. als Dumas für die
1975 1813 3214 1882 ist bei Schnitzler der empfindsame Dichter stärker, als bei dem kalt
147 1799 740 1879 frivolen, zuchtlosen Gründen
741 1810 1977 1890 Ehescheidung kämpfte, selten zu einem befriedigenden, d. h. positiven
1968 1856 3211 1930 sunkelnden Franzosen. Das ganze Gemengsel ist, wie man sieht, für
128 1866 732 1932 Fall auf das jeweilig vorhandene
727 1874 1978 1945 Abschluß. Ebenso wenig als bei Ibsen in seinen Fragezeichenstücken.
1970 1908 3206 1981 ein großes Publikum nicht so leicht zu fassen, als das Moussirende
116 1907 732 1988 Esthelische oder sonstige Bedürfniß
730 1921 1969 1974 Da werden Probleme erörtert, die vielleicht in hundert Jahren lösbar
1962 1951 3213 2020 1 der Art und Weise voraussetzen ließe. In der That dürften die meisten
131 1955 739 2030 kein Viereck würde oder gar ins
728 1969 1964 2026 sein werden. Der Dichter müßte ein Prophet sein, um schon jetzt dar¬
1965 2001 3216 2075 Anwesenden eine Prüfung aus dem „Zwischenspiel“ schlecht genug
132 2007 729 2073 n die ernste, also sittliche Grund¬
736 2015 1968 2094 auf zu verfallen. Oder ein Mohammed, um eine neue Art Ehe zu
1976 2053 3211 2114 bestehen. Die Motivirung bleibt vielfach unklar, trotz derg orientirenden
139 2055 740 2128 als eine lügenhafte Monogamie,
739 2062 1970 2127 erfinden und den Millionen einzutrichtern. Die Kampfstücke können
1962 2098 3217 2178 Lichter, welche die Schauspieler an gewissen Punkten aufsetzen, gleich
139 2100 732 2176 oder sonstwie festgelegter Kreuz¬
733 2113 1961 2167 immer nur die Richtung sehen (daher „Tendenz“, irgendwohin „ten¬
1965 2150 3002 2230 Laternen, die eine schwierige Terrainstufe beleuchten sollen.
132 2145 741 2221 Ezt und hat bekanntlich eine große
742 2162 1978 2227 diren"), nicht aber das Ziel. Sonst könnten ihre Verfasser lieber gleich
124 2214 744 2271 auches mittelst Suggestion. Unter
736 2209 1980 2284 Staatengründer oder Religionsstifter werden, was auch Tantiemen abwirft.
2075 2203 3212 2272 Wenn man Herrn Kainz spielen sah, gab es freilich kein
130 2256 743 2319 Untreue. Er empfiehlt, mitunter
846 2264 1975 2324 Schnitzler eröffnet eine lebhafte Debatte über das Thema der
1966 2234 3194 2321 Mißverstehen. Er bewegt sich im Zwielicht der Gefühle und Anwand.
122 2301 747 2368 estion, indem man den Lebens¬
1970 2299 3210 2364 lungen mit einer minutiösen Sichereit, als gäbe es einen Fingersatz
742 2290 1970 2370 beiderseitigen Unabhängigkeit in der Ehe und die häuslichen Möglich¬
129 2356 741 2416 rzügen des unrechtmäßig ersehnten
739 2357 1974 2415 keiten, die sie etwa gestatten möchte. Sein Räsonneur ist nicht für die
1974 2362 3202 2416 (Zehensatz) auch für die Füße. Er ist den ganzen Abend auf der Bühne
134 2405 739 2470 ft, daß es gar nicht undurchführbar
1965 2401 3204 2455 und immer absoluter Herr der Situation. Die besondere Sorte von
734 2396 1977 2481 1 bedingungslose Mittheilsamkeit der Eheleute. Er hält „Freundschaft“
127 2452 732 2523 verweist er auf Goethe's „Wahl¬
1974 2454 3198 2535 Eifersucht, die er darzustellen at, mit ihrem Firniß von weltläufiger
748 2454 1968 2520 unter Personen verschiedenen Geschlechts sogar für gefährlich. Die
117 2501 653 2564 ssische Beispiel dafür findet.
1967 2506 3207 2557 Gleichgiltigkeit und all dem per ohlenen Geflacker unter dieser Kruste,
748 2517 1980 2576 Streitreden darüber funkeln und blitzen von feinen, wahren oder
1967 2550 3207 2608 ist für ihn ein Fest, eine „Schule der Geläufigkeit“, ein Turnier. Und
741 2555 1969 2613 amüsanten Sätzen. Auch von seltsam intimen, psychologisch subtilen
122 2536 745 2624 edoch ist nicht so belesen und hat
745 2605 1976 2654 Aeußerungen. Zum Beispiel, wenn der Räsonneur meint, der Künstler
1971 2581 3199 2656 kein todter Punkt den ganzen Abend. Ein perpetuum mobile von
140 2612 741 2679 Stunde“ kommt, gestehen sie es
746 2647 1970 2705 könne alle Abenteuer auch mit seiner eigenen Frau erleben, wenn er
1963 2642 3214 2715 interessantem Existiren, als ob gar Niemand zusähe. Die Damenwelt
119 2657 739 2715 cheidung, sondern ein reinliches
1970 2698 3205 2760 war entzückt von der Szene, wo er seine Frau zärtlich überrumpelt.
748 2697 1972 2767 die Kraft der Illusion besitze, sie mit den Eigenschaften dazu zu
115 2703 739 2764 nein, Amadens will nicht einsehen,
1958 2746 3202 2812 Die Leidenschaft, die Begierde fand da halb verhaltene und doch un¬
736 2749 1975 2810 bekleiden. (S. oben Goethe=Forel.) Darauf antwortet Amadens: ob
110 2733 737 2834 ichten und doch so mit einander
1959 2785 3213 2857 widerstehlich andringende Nüancen, wie man sie noch von keinem
744 2800 1968 2857 man denn das Recht habe, einem Wesen, das Einem werth ist, eine
121 2811 738 2869 kihres häuslichen Behagens, ihrer
738 2851 1966 2926 solche Rolle zuzumuthen? Das ist von einer sublimirten Noblesse, wie
1960 2845 3211 2914 Schauspieler gehört hat. Vielleicht von der Duse. Frl. Witt
121 2847 745 2910 den Kunst und ihres Söhnleins.
1967 2892 3210 2976 spielte die Cäcilie. Sie sah sehr gut aus und spielte
744 2895 1969 2956 man sie heutzutage hat, wo der Witz Alles schärft, sogar die Nüancen
120 2898 747 2970 r, es ließen sich sofort Fälle an¬
739 2941 1966 2999 I des Gefühls. Wir haben ein reich facellirtes Gewissen und ein somnam¬
1970 2934 3206 3011 sehr gewandt, hie und da auch mit einer Nüance, wie
117 2944 748 3015 ufen ist. Aber Cäcilie genirt sich
735 2985 1971 3066 büles Ehrgefühl, neben allen den Unumwundenheiten und Skrupel¬
1968 2989 3211 3050 sie nicht gleich Jede hat. Dennoch blieb sie, neben einem
134 2995 746 3066 tsie, irgendwie. Sie ist ein Weib
742 3046 1889 3120 losigkeiten, in denen wir erzogen und zu denen wir trainirt sind.
1968 3042 3207 3107 solchen Intimen, mehr äußerlich. Das Burgtheater hat jetzt keine
128 3050 736 3108 noch, auch wenn wir längst ent¬
1976 3098 3204 3161 Dame für eine solche Rolle. Vortrefflich spielte Frau Kallina die
142 3101 743 3162 t sie ihren Mann weit mehr,
852 3100 1969 3147 Sachlich genommen ist das Stück ein Eifersuchtsdrama, mo¬
1966 3139 3198 3204 blos im ersten Akt auftretende Gräfin Friederike, genannt „Philine",
137 3150 730 3213 u sehr der Mann seiner Sym¬
733 3138 1968 3207 derner Observanz. Geführt in den wohlerzogenen Formen von heute,
1971 3173 3203 3254 was schon ihre verführerische Aufgabe kennzeichnet. Die selbstsichere
148 3187 737 3266 Cäcilie ist so anständig, daß
747 3195 1964 3260 mit den mondänen Allüren einer Skepsis, die vorgibt, nicht an un¬
1971 3246 3203 3315 Welidame mit dilettantischen Velleitäten, die grande élégante, die nach
114 3240 749 3309 ört hat, obgleich alle Welt,
745 3250 1965 3308 überwindliche Gefühle zu glauben. Das Ehepaar schwört gleichsam
1967 3290 3210 3361 Beute auslugt, fand in der Künstlerin eine brillante Verkörperung.
117 3289 737 3366 lbstverständlich voraussetzt. Ihr
734 3302 1962 3356 vor dem Altar die Eifersucht ab und stellt einander die eben er¬
1973 3335 3201 3401 Sehr gefallen hat Herr Korff als junger Fürst Sigismund. Der
110 3346 1961 3411 Khaltend, aber für ihn war langten Rechte freiwillig zur Verfügung. Es ist köstlich, als später,
119 3393 3217 3474 ängst vorbei. Cöcilie hat für ihren im dritten Akt, der bereits sinnlich aufgewiegelte Amadeus den Künstler machte aus ihm in Maske, Haltung, Geberde, Sprechweise
