3436 4352
638 131 718 190 i 8
292 125 1214 228 20. zu chenspiel
1368 135 1791 229 box 25/2
1593 985 1772 1113 Theater.
2265 1034 2392 1119 369
1095 1107 2366 1196 Frau Adams=Ortenburg hat die Lehre verstanden; zu verstehen geglaubt.
980 1172 2383 1272 Daswarin ihrer Ehe ja das Aparte; und Amadeus heischte nur, waserauch ihr
985 1265 2373 1324 zu gewähren bereit war. Auf die Länge aber . .. Die Sinne haben sich in den
998 1309 2373 1391 sechs Jahren gekühlt. Caecilie hielt ihre immer im Zaum und fühltlängst, daß
985 1365 2374 1446 die des Mannes sie nicht mehr gierig suchen. Des Mannes, der sie nun von
991 1425 2375 1506 Zeit zu Zeit mit so unappetitlicher Beichte peinigt. Sind alle Männer so?
983 1487 2372 1574 Oder nur die „bedeutenden?“ Sigismund ist zwar kein Genie, doch ein Mann
991 1558 2364 1611 von Geist und Talent; und so jung, daß man von ihm eher Verirrungen er¬
990 1615 2374 1691 warten könnte. Der aber hat den hohen Ernst einer rein durchs Leben schrei¬
987 1681 2379 1754 tenden Jungfrau, deren weißes Gewand der Gassenkoth nie bespritzte; undist
988 1728 2369 1816 doch nicht trübsinnig, für Frauenreiz nicht blind und hat die Wesensfarbe des
977 1804 2377 1873 rechten Mannes. Der würde, obwohl keine Fessel ihn hält, im Getändel mit
981 1844 2351 1937 Theatermädchen keinen Genuß finden. Würde nie einer Frau zumuthen, an¬
986 1927 2361 1997 zuhören, daß er draußen, in fremdem Revier, keuchend auf heißen Pfühlnieder¬
981 1981 2356 2059 sank. Von solchem Vergleich ists nicht weit bis zur Intimität. Der Schüler
971 2044 2355 2110 des Mannes wird der Freund der Frau. Holt sie von der Probe ab und ist auf
981 2098 2354 2179 Spazirgängen ihr Begleiter. Ein Fürst und eine Opernsängerin: der daraufpas¬
976 2154 2365 2237 sende Vers ist schnell in Aller Mund. Genirt Amadeus aber nicht. Daß die
970 2236 2361 2298 Menschen gemein sind, weiß er nicht seit gestern. Kennt Caecilie, kennt auch
969 2280 2351 2366 Sigismund und erfährt pünktlich jedes zwischen den Beiden gewechselte Wort.
972 2353 2355 2427 Hat ersein Leben auf Freiheit, seine Ehe auf Wahrhaftigkeit gestellt, um nun
979 2410 2359 2467 vom Leuteschwatz abhängig zu werden? Auch braucht er gerade jetzt Zeit; für
987 2465 2359 2552 seine vierte Symphonie, für den dritten Akt der Oper, deren Text Albertus
969 2529 2346 2610 schreibt, und für einerothblonde Koloratursängerin, die ein nachsichtiger Graf
974 2585 2354 2667 Moosheim geheirathet hat. Nicht mehr ganz jung, nicht so schön wie Caecilie
971 2660 2341 2731 und für den Korrepetitor und Kapellmeister ein Kreuz. Aber ein Messalinchen,
971 2714 2341 2769 das sich in reizender Verpackung anzubieten versteht. Einpaar Monate hat Ama¬
965 2774 2341 2840 deus widerstanden. Warum eigentlich? Diese Friderike hat die ars amandi
971 2827 2342 2901 in den besten Schulen gelernt und von ihren Buhlen nie lange Pflichtfristen
961 2901 2347 2974 gefordert. Lockend also und gar nicht unbequem; der Graf trägt sein Schick¬
965 2951 2347 3038 sal mit feierlicher Würde und dem Männchenruf des Kapellmeisters kann das
961 3018 2343 3086 Abenteuer nur nützen. Während der Ferien, in Friderikens Villa am blauen
969 3080 2338 3158 tiroler See (in heißen Nächten schläft die Huldin in ihrem Park auf dem Gras¬
963 3146 2331 3207 polster unter der großen Platane): solches Feitter muß den ermatteten Nerven be¬
956 3208 2346 3276 kommen. Frau Caecilie merkt die Vorbereitung zur neuen Aventiure; darfsie,
953 3260 2342 3321 nach der Uebereinkunft, ja auch merken. Nimmts diesmal aber nichtals einen er¬
966 3320 2356 3411 laubten Spaß. Vielleicht, weil sie selbst sich von Fehl nicht mehr ganz freifühlt;
