3436 4352
-19 2830 74 2895 che
-23 3105 68 3186 cili
1329 191 1751 292 box 25/1
242 206 1177 312 20. Zuischensniel
842 1492 3220 1564 sind aus allen Schnitzlerschen Büchern verschwunden; was Novelle. Eine trübe Komödie. So mag sie vielleicht tief
854 1545 3221 1632 er auf die Tafel stellt, ist rein vom Schmutz der litera=sein. Alles ist wahr, aber das Gegenteil ist auch immer
186 1512 605 1649 illeton.)
838 1593 3228 1695 rischen Küche. Man muß solchen Dichter hoch schätzen; un=wahr. Man kann das Pathos der drei Akte komisch
2002 1631 3232 1714 nehmen, ihre Heiterkeit tragisch. Wie man will. Man
493 1520 808 1729 an
863 1662 1781 1728 abhängig davon, wie hoch man ihn wertet.
3098 1684 3232 1759 Ist
157 1658 522 1772 schenspiel.
960 1686 3104 1747 Aber mit dem Gejammer darüber, daß Oesterreich,müßte erst wissen, wo der letzte „Dreh“ steckt.
849 1730 3227 1834 und Wien besonders, gar nicht wisse, was es an seinem alles so gemeint, wie es gesagt ist? Oder ist es
576 1729 873 1835 Zum erstenmal
163 1747 603 1822 rtur Schnitzler. —
171 1797 597 1882 m-#reryeree
855 1774 3229 1868 Schnitzler habe, daß viel zuwenig Schnitzler gespielt, ironisch gemeint? Oder ist die Ironie ironisiert? Wäre
181 1856 3224 1940 ler ist ein vielgeliebter Dichter. Schnitzler gelesen, Schnitzler bewundert und Schnitzler ge=irgendein Geschehen in diesen drei Akten, so könnte man
181 1888 3223 1993 F Höhe gewachsen, gibt heute schon priesen werde, soll man uns endlich verschonen. Ich weiß beides gelten lassen, die Komik und das Pathos.
193 1987 3231 2034 l, in dem der Poct von Unsterblich= kein Beispiel in der Weltliteratur, daß einem Dichter so Das Pathos für die Beteiligten, die Komik für
865 1968 3232 2066 gerecht zugemessen worden wäre, was ihm an Ruhm und uns, die Zuhörer, die wir, vom Dichter weise
178 2020 868 2092 and mißgönnt ihm so schönes Los.
177 2080 3235 2137 seil wenige wie er (ganz abgesehen Erfolg gebührt, wie Herrn Schnitzler. In verhältnismäßig zur Erkenntnis der Zusammenhänge geleitet, vielleicht im
169 2118 3230 2186 Er Begabung) so geschmackvoll und jungen Jahren hat er einen Weltruf; er gilt als unser höheren Sinne den Witz all dieser Traurigkeiten heraus¬
2032 2128 3228 2204 spürten. Aber es gibt nur Worte im „Zwischenspiel“.
178 2130 2037 2227 Inktionieren. Nie hat man ihn mit stärkstes dramatisches Talent, seinem Namen springen alle
176 2224 3230 2273 kizes hinter dem Erfolg herhetzen Bühnentore angelweit auf, das Ausland rettet seine Ge= Ueberlegte Worte, Disputationen übers Thema, Lehrdialoge
860 2228 3234 2304 danken in die eigene Sprache hinüber, seine Bücher sind im Lessingschen Katechismenstil — die Männer haben
171 2253 873 2325 PPhilistern geschmeichelt, aber auch
177 2323 3238 2376 H den billigen Lorbeer des Philister=wund von den Grifsen der Leihbibliothekabonnenten, eine schon so feierlich latinisierte Namen: Amadeus und
171 2329 3239 2429 Fr auf den Stumpfsinn, aber auch ganze Schar von Begeisterten folgt ihm als Suite, und Albertus — Wechselgesänge zwischen Mann und Weib
2041 2368 3236 2442 nach dem Brauch der Ibsen=Liturgie. Aus dem Seriösen
171 2385 2038 2467 des Publikums spekuliert (ich weiß jeder Federstrich, den er tut, wird vergoldet von der Zärt¬
186 2430 3231 2520 ist); nie hat er in der Treibhaus=lichkeit der Freunde. Was denn noch also? Ein Schnitzler=stürzt die Komödie ins Offenbachisch Groteske und gleich
168 2520 3240 2562 lem Talent raschere Früchte abzu= Festspielhaus? Ausspeisung im Prytancion? Ich denke, das darauf wird es wieder feierlich, und der Dichter setzt sich
2035 2523 3238 2587 an die Seelenorgel und greift mit edlem Gestus die
186 2519 2056 2606 und süßere zu erpressen gesucht, Schicksal war nobel diesem Dichter gegenüber. Es zahlte
2048 2577 3243 2646 falschesten Akkorde. Der Ibsen=Tempel wölbt sich, zwei
182 2569 2053 2675 Fonds an Kräften und Säften in lihm die präsentierte Ruhmesrechnung auf Heller und
2043 2621 3234 2699 Menschen knien darin und zerzupfen ihr Innerstes zu
870 2629 2050 2712 Pfennig aus, ja, es rundete vielleicht sogar die Summe
189 2645 880 2720 r pflückte, was reif war; oder ihm
2032 2677 3242 2748 allgemeinen Wahrheiten. Wie nahe in allen wichtigen
181 2679 2044 2770 as auch vielleicht gar nicht stimmt, nach oben ab und winkte, als der ehrliche Dichter „her¬
2024 2723 3238 2803 Affären des Lebens, ganz besonders in den erotischen, das
180 2728 1933 2815 Intwicklung und Arbeit des Doktor ausgeben“ wollte, freundlich: Behalten Sie's nur!
970 2780 3246 2853 Nichts anderes als solch ein moralisches petit freieste Lachen neben der tiefsten Traurigkeit ist, das zu
171 2799 896 2879 nische, ruhige, ich möchte sagen:
2036 2818 3239 2885 zeigen wäre wohl der Mühe wert. Aber so ist das nicht
872 2832 2049 2899 cadeau kann ich in der Aufführung des neuen Schnitzler¬
191 2847 878 2929 sein sollte — so hat der Dichter
2049 2866 3240 2930 zu machen, daß man beide einfach nebeneinander einstellt.
876 2886 2063 2951 Dramas, dieser seltsamen Komödie „Zwischenspiel“, am
186 2901 888 2964 n das eigene Unvermögen, seine
881 2913 3248 2998 Wiener Burgtheater sehen. Einen Eid, daß dieses Stück Man müßte die künstlerische Kraft haben, da nicht bloß zu
172 2948 879 3016 uschungen stets bei sich zu behalten
880 2971 3243 3052 vergeblich ans Tor des Burgtheaters geklopft, geläutet und zeigen, daß vom Erhabenen zum Lächerlichen nur ein
183 2989 885 3063 heinen immer Ratifikationen eines
885 3019 3233 3105 getrommelt hätte, wäre nicht der Name Schnitzler, Ein= Schritt (was bald einer zeigen könnte), sondern auch, daß
188 3047 879 3115 sch selbst geschlossen. Keine wütende
877 3058 3237 3145 tritt erzwingend, vorangegangen! Denn es ist eine miß= vom Lächerlichen zum Erhabenen der Weg ebenfalls nicht
194 3100 893 3179 , über sich selbst hinauszukommen,
180 3122 3245 3214 pfen, wie sie den zu überfallen lungene Komödie, ein schwaches Werk, das mit all seinen weiter ist — was darzustellen freilich nur einem ganz
200 3161 2560 3263 die eigenen Grenzen überspringen mühevollen Windungen sich nicht aus dem Dunst der großen Dichter gelänge.
2152 3203 3248 3276 Amadeus und Cäcilie haben genug von ihrer Ehe
185 3224 2059 3304 von unerbittlichen Mauern zurück= Langeweile hinaufdreht in luftigere Gegenden. Es ist gar
180 3261 3248 3362 Unappetitlichkeiten der Produktion kein Drama, sondern eine in breite Dialoge zertriebene und beschließen, in freier Unliebe auseinanderzugehen. Aus
1026 3333 1888 3443 Hierzu eine Beilage.
