3532 4224
1365 95 1828 203 box 25/6
674 137 723 176 C
308 118 1230 229 20. ZuISchensniel
1962 1366 2150 1447 —
576 1392 2677 1535 auf dem Standpunkte, daß nur ein Abkommen mit keinen Anlaß, die in der Plenarsitzung vom 12. Janner
1626 1517 2678 1603 als Regisseur. Mit Intelligenz und Geschmack hat er
584 1552 1629 1642 die sich auf fürstlichen Parkettböden nicht bewegen
1628 1552 2688 1656 ausgezeichnete Arrangements getroffen und Leben auf
583 1595 1623 1686 können, Entkleidungs= und Verkleidungsszenen, Parterre¬
1636 1618 2682 1693 die Bühne gebracht. Ebenso glänzend war er als längst
598 1657 1628 1755 akrobatik, stilles Heldenium, edler Verzicht und die
1643 1669 2688 1748 erprobter Darsteller, der mit seinem köstlichen, ur¬
593 1701 1628 1813 Sache ist fix und fertig. Zu diesem Gedicht von Will¬
1634 1717 2689 1789 wüchsigen und befreienden Humor stets siegreich ein¬
591 1735 1646 1845 ner und Oesterreicher hat Kalman also seine ungarische
1637 1756 2694 1853 sprang, wenn die Langweile überhandnehmen wollte.
601 1792 1641 1934 Musik beigestellt und diese österreichisch= ungarische
1651 1809 2688 1897 Anny Münchow hat eine äußerst elegante Fürstin
1647 1853 2697 1961 gespielt und gesungen, Willi Agel den ebenso ele¬
1650 1904 2700 1994 ganten bürgerlichen Partner ihr an die Seite gestellt.
1647 1954 2704 2054 Gerda Normann, ein reizendes Quecksilber (haben
1653 1995 2710 2087 Sie schon gehört, daß Quecksilber auch Stimme hat?
1650 2055 2701 2131 Nein? Na also!) ist eine Sehenswürdigkeit für sich,
1646 2103 2700 2199 Hans Alpassy als böhmakelnder Weiberfeind, Hein¬
1652 2149 2707 2248 rich Werk als Wolfram von Eschenbach der edle
1654 2203 2704 2302 Verzichter (oder König Marke, wenn Sie wollen), Alois
1650 2243 2720 2336 Kaliger, Karl Koß und manche andere haben
1658 2292 2715 2390 alle„getan, was sie nicht lassen konnten.) Dr. O. H.
1960 2367 2428 2469 Schauspielhaus. 7
1713 2429 2664 2528 „Zwischenspiel“, Komödie von Arthur Schnitzler.
1741 2493 2421 2576 Die „Komödie“, wie sie Schu####
1667 2550 2710 2639 Grunde ernstern Charakters, und sie wurde, wenn ich
1679 2601 2718 2671 nicht irre, im Jahre 1906 von einem Gastspiele des
1675 2654 2724 2736 Wiener Hofburgtheaters gegeben, mit Frl. Medelsky
1681 2695 2726 2781 in der Hauptrolle, die die Cäcilie ausgezeichnet gespielt,
1682 2746 2724 2832 aber ohne großen Erfolg. Stück und Aufführung sind
1684 2793 2722 2870 an dieser Stelle damals („Tagespost“ Nr. 90 im
1677 2836 2725 2926 Jahre 1906) ausführlich besprochen worden. Schnitzter
1686 2891 2725 2966 ist Meister des Tialogs, der stets gefangen nimmt und
1688 2930 2731 3035 trotz der vielen geistreichen Gedanken und Sentenzen,
2279 3166 2429 3342 C
