3484 4224
1435 99 1883 184 box 25/5
372 89 1282 205 20. Zuischenspiel
556 1125 1634 1185 „Loge"; besser scheint mir: Protzkasten — Oskar
1716 1110 2757 1198 Es bleibt hier immer die Linie zu beobachten (mit
555 1176 1634 1230 Blumenthal saß in so einem Ding, und man dachte,
1685 1180 2756 1233 manchem Gradunterschied): Duse=Sorma=Bartet=Lossen.
558 1223 1649 1280 daß ein herzhafter Witz von ihm wie „Wenn ick Wasser
1722 1225 2764 1289 Der Mann war kein Kapellmeister; sie aber war
559 1272 1648 1322 fahre, will ick Aal essen“ die Stimmung noch erhöht
1686 1285 2406 1349 eine Sängerin. Oder: ein Gesang.
2514 1280 2724 1350 Allred Kerr.
556 1319 699 1385 hätte.
602 1371 1635 1436 Beim Schnitzler bleibt alles ein Lustspiel mit Ansätzen
2155 1369 2264 1445 690
545 1415 770 1484 zur Tiefe.
589 1459 1467 1543 Weder ganz tief ... noch ganz Lustspiel.
1780 1484 2638 1578 Die Frau von vierzig Jahren.
1043 1533 1146 1595 IV.
1975 1568 2451 1637 Schauspiel von Sil=Vara.
598 1602 1549 1654 Der Ehemann ist Kapellmeister, die Frau singt.
1759 1629 2656 1691 Erstaufführung im Komödienhaus.
589 1646 1636 1696 Ein Spielordner müßte davon etwas hineinleuchten
548 1692 1638 1745 lassen in die Luft. Es fehlte. Die Musik fehlte dem
1728 1724 2744 1780 Im Sonnabend produzierte sich am Schiffbauer¬
561 1743 1641 1794 Schauspieler Kurt Götz vor allem, der eine vorzügliche
1704 1775 2753 1830 4 damm Sil Vara als Kunstschütz. Ein geradezu auf¬
552 1793 1634 1855 Kraft sonst (in halb knurrenden, erdgewachsen¬
1684 1824 2758 1868 regendes Schauspiel. Alle irgendwie vorhandenen
562 1845 1316 1897 trockenen Leuten) war und sein wird.
1677 1867 2747 1916 Lüfte, rechts und links, vorwärts und rückwärts, wur¬
587 1877 1635 1947 Barnowsky hat zwei Möglichkeiten. Er bringt ent¬
1684 1921 2757 1985 den rücksichtslos, unbarmherzig durchlöchert. Auch
547 1935 1633 1977 weder Ernstes, gibt Nüsse zu knacken, setzt sich gegen
1678 1961 2759 2013 nicht ein einziger Schuß traf in die Scheibe. Meister¬
558 1974 1642 2053 die Hörer durch — oder: er macht erfolgreiche Spiele
1680 2010 2751 2070 haft, meisterhaft! In diesen kriegerischen Zeiten ist
559 2032 1640 2077 nach dem Geschmack der Zahlenden, dann aber
1682 2071 2755 2126 es ordentlich eine Wohltat, einem Menschen zu be¬
563 2079 775 2140 vollandet.
1674 2112 2751 2175 gegnen, der so ganz und gar nicht mit seinem Schieß¬
604 2118 1631 2182 Dann mußte Götz noch auf der neunten Probe, was
1682 2164 2770 2218 gewehr umzugehen weiß. Schade nur, daß Sil=Vara
557 2169 1639 2235 hast Du, was kannst Du, von diesem Platz fortge¬
1691 2206 2550 2271 nicht ein Engländer, Italiener, Franzos ist.
560 2224 1419 2295 schoben werden auf den ihm frommenden.
1725 2247 2748 2315 Verleumderische Gerüchte erzählten, er habe das Buch
592 2267 995 2344 Entweder — oder.
1677 2303 2763 2360 der Karin Michaelis vom gefährlichen Alter und von
1675 2339 2756 2398 den erotisch=epileptischen Wahnsinnszuständen der vier¬
595 2383 1635 2440 Forest (als Dramatiker Albertus Rhon; als Vize¬
1670 2397 2748 2453 zigjährigen Frauenseele gelesen und den Drang in sich
548 2447 1629 2497 Schnitzler) sah wie Peter Altenberg aus; ohne leider
1678 2444 2764 2492 verspürt, es noch einmal zu schreiben. So gründlich
552 2494 1635 2540 Altenberg zu sprechen. Sprach nur pflichtgemäß einen
1683 2495 2761 2559 und beweiskräftig, wie nur eben möglich, hat er sich
1669 2541 2754 2590 von solchem Verdacht gereinigt. Rein und makellos
554 2529 1629 2609 sich ruhenden Schnitzler von minderer Anstrengung.
596 2592 1639 2637 Und mit einem Wesen, mit einem Außeren, daß
1678 2585 2758 2652 steht er da in voller Unschuld. Besser wäre es freilich
551 2641 1642 2699 ihm niemand einen Kartellträger (das muß er zwischen¬
1683 2644 2749 2691 schon gewesen, er hätt's vorher gelesen. Um sich wenig¬
544 2693 1590 2744 durch sein) geglaubt hat. Immerhin unterhaltsam.
1692 2689 2755 2745 stens einigermaßen darüber klar zu werden, was über¬
591 2732 1636 2793 (Warum werden Schriftsteller jedesmal so verzerrlich
1673 2740 2747 2802 haupt ein Problem ist, und wie es behandelt werden
1689 2786 1791 2841 will.
543 2785 1630 2858 gemimt — Donner=und=Doria=Kruzitürken=sakrafuffzig¬
549 2828 963 2892 einhalbnochmal?!)
1715 2828 2750 2890 Eines Tages haben sich Leonie und Felix in seligem
675 2875 1300 2947 Lina Lossen war die Ehefrau.
1674 2891 2747 2942 Liebesrausch gefunden, wollen ewig einander ange¬
592 2927 1628 2994 Mozartisches im Blick, wenn die Sonne schien.
1686 2928 2754 2982 hören, nie wieder sich trennen, und ihr ganzes Leben
559 2974 1577 3053 Johannes Brahms, wenn sie westlich unterging
1672 2979 2744 3040 soll in dieser Ekstase verfließen. Doch es kommt ein
548 3019 1240 3106 um neu aufzusteigen. Himmlisch.
1671 3018 2752 3089 anderer Tag auch, da der Felix sich höchst unglücklich
2804 1137 3442 1194 fühlt und nur eine Sehnsucht ve
2795 1181 3427 1243 sie doch nur wieder los — die
2802 1222 3436 1286 öfters zutragen. Es ist eine a
2793 1280 3437 1335 Weiblein, jedem Männlein kann
2802 1324 3441 1381 Völkern der Erde, in jeglichem I
2803 1380 3438 1431 tausend, und kein Lebensalter sa
2804 1422 3440 1483 Siebzehnjährigen ebensogut wie
2795 1464 3431 1530 rigen kann eine solche Katastro
2797 1519 3442 1584 Warum sollte sie nicht auch die in
2805 1566 2979 1630 treffen?
2837 1614 3434 1690 Armes Fräulein um die Vie
2794 1677 3420 1728 man wohl. Nie durfte es erf
2795 1726 3428 1777 ist? Aber es hofft und hofft. 1
2792 1765 3439 1832 nische Alter kommt, je weiter es
2800 1817 3443 1879 brünstiger das Begehren. Doch
2802 1865 3415 1923 die Verlockung für den Mann.
2793 1895 3440 1968 Fräulein Leonie von Sil=Var
2787 1965 3447 2022 solches Los und Schicksal am alle
2777 2006 3446 2068 ten. Sie ist gerade die Ausnahm
2786 2059 3438 2124 die Auserwählteste. Die Schönhei
2792 2109 3437 2171 Begierde aller Begierden. Wo si
2791 2165 3434 2219 sich die Männerhälse nach ihr u
2791 2207 3403 2260 schlechtsgenossinnen stammeln
2792 2249 3437 2315 Wunder! Selig der Mann, de
2788 2302 3439 2364 Ein Leben könnte sie führen wiel
2784 2349 3433 2411 Auch mit sechzig und siebzig Jah
2796 2402 3433 2462 wie sie nur haben will, von dem
2797 2440 3440 2504 gefangen bis zu dem Neunzigjähr
2790 2492 3423 2557 nicht. Freiwillig, trotz aller tau
2790 2539 3439 2595 als unberührte Jungfrau durch d
2791 2589 3432 2650 Natur ist sie offenbar nonnen
2790 2643 3438 2696 veranlagt. Die zwanzig, vierzig
2786 2680 3427 2745 bei den Schönheits= und Leibesu
2787 2733 3431 2798 begnadeten Frauennatur keine R
2800 2779 3426 2846 Welt, die nach ihrer Liebe sich
2788 2825 3442 2893 verlangt, schreitet sie nur selber
2782 2876 3426 2927 keische Göttin dahin, und ihre
2788 2913 3433 2979 allein scheinen höchst unentwickelt
2791 2968 3431 3036 gefährlichen Alter kann bei ihr
2776 3029 3421 3097 ist überhaupt gefeit gegen jede
