3436 4384
284 167 1240 261 20. Zuischensniel
1351 163 1796 249 box 25/3
2088 102 2935 179 chrenvoll bestehen lieh.
2093 148 3011 220 steller des Kapellmeisters und Komponisten Ama¬
2090 190 3025 264 deus Adams ist ein zu großer Künstler, als daß
2083 215 3037 297 man ihn auch nur teilweise auf Kosten des geisti¬
2098 268 3028 338 gen Urhebers seiner Rolle bewundern müßte.
2099 310 3027 377 Ihm mag und wird das Bewußtsein des Zu¬
2098 355 3035 424 schauers genügen, daß es Kainzens hohem Auf¬
2099 396 3033 464 fassungsvermögen zu danken war, wenn die Figur
2092 434 3035 524 des Helden aus dem Bereiche einer bestrittenen
2095 474 3036 556 Möglichkeit in fesselnde und erschütternde Wirk¬
2099 527 3032 604 lichkeit versetzt wurde. Dem Spiele mit Worten,
2098 571 3041 651 zu dem der feine, spitze und witzige Dialog nur
2096 616 3036 700 allzu leicht verführt, wich der Gast mit geniali¬
2106 647 3041 731 scher Sicherheit aus, indem er individualisierte,
2112 690 3047 762 das Angedeutete bedeutsam machte, jede Wendung
2109 738 3047 807 im Gespräche persönlich färbte und die Ausein¬
2115 769 3048 847 andersetzungen der Gatten so leidenschaftlich über¬
2120 812 3055 899 flammte, daß alles seltsame Geschehen begreiflich
2118 857 3052 928 wurde. In jedem Akte ein Anderer, bot er drei
2112 900 3062 973 Phasen eines Künstlerromanes, die zusammen
2125 941 3062 1024 zwar keine Komödie ergaben, aber dafür mehr:
2116 986 3052 1054 das ergreifende Erlebnis eines Sondermenschen,
2118 1027 3062 1104 der sein eigenes Schicksal dirigieren wollte und
2126 1078 2767 1147 über die Natur nicht hinauskam.
2213 1100 3060 1188 Schon im ersten Aufzug trat Ueberraschendes
2121 1161 3052 1232 an psychologischer Kleinarbeit zu tage: der über¬
2149 1197 3056 1286 Fizte, blasierte Nervenmensch verriet sich durch
2130 1239 3071 1311 Schroffheiten im Ton, durch plötzliche Wallungen,
2131 1302 3066 1354 (durch eine mühsam bekämpfte und immer wieder
2127 1324 3069 1385 hervorbrechende Unruhe, die sich schließlich zur
2141 1380 3077 1441 Ueberlegenheit zu sammeln suchte. Man fühlte,
2147 1407 3070 1481 daß dieser unberechenbare und in letzter Stunde
2146 1458 3069 1531 doch ehrliche Charakter nur einige Saiten seines
2148 1490 3067 1567 Temperamentes schwingen lasse, daß er mit sich
2156 1545 3079 1615 selber ein wenig Komödie spiele. Ein Verwandelter
2146 1582 3084 1651 trat Amadens im zweiten Akte entgegen: ganz
2155 1621 3081 1688 Gefühlsmensch, ganz Künstler, der im Rausche
2156 1672 3080 1734 seiner Schaffensfreude die Welt in neuen Farben
2155 1704 3086 1779 sieht, ein Fiebernder, der voller Sehnsucht ist und
2162 1747 3083 1821 das Leben nunmehr mit der Sprache der Herz¬
2148 1788 3076 1861 lichkeit meistern möchte. Wie er wahrnimmt, daß
2158 1830 3083 1896 die heimkehrende Gattin die kühlere Atmosphäre
2162 1880 3081 1943 der Eutfremdeten verbreitet, da verfärbt sich sein
2169 1915 3090 1986 Selbstgefühl zu Sarkasmus und seine Fragen
2169 1959 3084 2036 klingen wie ein Verhör, seine Geständnisse wie
2162 2008 3081 2068 Abbitten. All das erscheint im Rahmen einer
2163 2045 3157 2133 Selbstbeherrschung, die aerne die Oberband ge¬##
2396 2101 3156 2171 möchte und immer wieder von Lonien
2331 2154 3125 2227 efränktheit durchbrochen wird, bis alle Rai¬
2842 2198 3034 2256 ntertaucht.
2664 2206 2742 2258 eusch
2856 2241 3038 2296 wacht und
2680 2250 2778 2302 wied
2903 2285 3014 2335 n sich
2912 2322 3123 2377 ller Verführ
2865 2365 3122 2427 Keisterstück ren
3025 2404 3127 2463 atho
2905 2411 2982 2461 dem
2912 2448 3142 2515 nergie zweier
3016 2491 3095 2545 ea
3073 2999 3143 3046 iete.
2856 2993 3013 3050 hen be
2874 3126 2990 3176 Unahn
2937 3195 3125 3265 Leidenschaf
3066 3256 3112 3311 9
2785 3251 3054 3309 lücksempfinden
2699 3292 3138 3352 ischen Ausdruck wie der
2840 3334 3137 3392 zu Beschwörungs¬
3022 3376 3118 3433 rückg
2784 3379 2984 3435 ch dennoch
2891 3417 3126 3477 Schlußakkor
2862 3462 3126 3519 en Zuhörer be
2570 3498 3156 3558 tterte. Das Publikum gab seiner
2505 3550 3150 3599 lementaren Ausdruck und wurde
2618 3585 3160 3651 Kainz hervorzujnbeln. Neben
2564 3629 3159 3689 am sympathischesten Herr Leng¬
2341 3644 2399 3690 Ge
2506 3673 3162 3729 dem wiederum Beifall auf offener
2489 3713 3080 3782 Und mit Recht: er hat einen
2527 3756 3078 3828 in dem ungewöhnlichen Erf
2597 3804 2829 3861 rnuneansar
2260 3915 2680 4003 Uraufführung 99
