3436 4352
-8 2611 96 2674 schick
-9 2654 89 2716 und
-10 1511 99 1567 Ko#
17 3410 91 3463 län
1365 201 1837 294 box 25/2
306 194 1226 310 20. Zuischensniel
237 778 3303 864 dessen Harmonie ein seitab führendes Zwischenspiel Ein lächelndes Verstehen für all das Halbe und Ge= die Gestaltung des tragischen Generationen= und
1196 828 3300 912 mischte, daraus sich unser Leben zusammensetzt, spielt Weltanschauungskampfes zwischen den orthodox¬
234 850 1203 914 t stören könne. Aber darin täuschen sie sich; unver¬
212 879 3312 963 kus ist aus dem Scherzo ein Doloroso geworden. aus dem Stücke Fellingers, und damit eine auch in ihren konservativen Alten und den modern=freisinnigen
224 928 3301 1013 Frau als die sittlich feinfühligere empfindet zuerst künstlerischen Unzulänglichkeiten respektable Reife der Jungen eingebüßt hat, bevor sich ihm der Konflikt
227 974 3308 1044 Ehe, die ihre Erneuerung einem sinnlichen Augen=inneren Anschauung Wenn der Dichter erst gelerntl recht zu sormen beginnt. Auch der junge Russe
204 1012 3307 1106 kswunsch, einem gemeinen Zufall verdanken soll, alslhaben wird, seine Gestalten runder und voller heraus=Naidjonoff, mit dem uns das Schillertheater bekannt
2235 1071 3297 1126 machte, gehört, soweit wir ihn aus seinem Drama
1194 1071 2248 1131 zuarbeiten und das, was sie uns bedeuten sollen, in
211 1064 1208 1145 immer beschmutzt und vergiftet; der Mann muß ihr
2236 1102 3309 1176 „Warjuschins Kinder“ kennen lernen, der ins Grab
1197 1108 2247 1178 Handlung und Bewegung umzusetzen, anstatt es Selbst¬
209 1128 1202 1183 lich, wenn auch nur halb verstehend, recht geben und
2235 1147 3289 1212 gesunkenen bürgerlich naturalistischen Periode der Holf
1196 1148 2254 1217 gesprächen anzuvertrauen, so werden wir noch manches
209 1163 1198 1220 Haus verlassen, dessen Geist er in frevelhaftem Spiel
2242 1181 3296 1251 und Schlaf an. Ja, gegen seine in der Eintönigkeit des
1190 1204 2248 1273 tüchtige und sympathische Werk von ihm zu erwarten
189 1204 1205 1282 eidigt hat. So fühnen die beiden in schmerzlichstem
2230 1233 3303 1301 Familienjammers geradezu erstickenden drei Akte ist
1190 1251 1359 1322 haben.
185 1255 1193 1325 st die Komödie, die sie sich gegenteilig an einem
2246 1281 3311 1334 zum Beispiel Johannes Schlafs „Meister Hlze“ ein
1261 1276 2258 1366 Auch das Kgl. Schauspielhaus ist mit seiner letzten
201 1298 1209 1364 ischen Wendepunkt ihres Lebens, über die heilig ernste
2239 1314 3312 1379 Werk von hinreißender Kraft und überwältigender
1202 1328 2245 1393 Neuheit um ein paar Schritte über das enge Gehege
201 1330 1205 1401 Ehrheit des Herzens leichtsinnig hinwegtändelnd, vorge¬
2241 1357 3318 1430 Fülle der Handlung. Den für Rußland so typischen
1191 1381 2248 1440 hinausgegangen, das ihm sonst Norm und Grenze be¬
200 1387 1204 1453 itelt haben. Ein Schriftsteller, der wie ein zweites Ich des
2240 1396 3324 1464 Kampf zwischen Vätern und Söhnen zu energischem
1189 1418 2251 1474 deutet Dietrich Eckarts romantische Komödie „Der
185 1437 1196 1497 chiers dnrch das Stück geht, spricht es klar und
2240 1457 3317 1514 dramatischem Leben zu erwecken, gelingt ihm ebensowenig
1201 1462 2244 1530 Froschkönig“ zeigt uns einen genialen Hochstapler und
199 1461 1199 1540 pp aus, was dieser beider Lebens- und Schicksals¬
2253 1480 3306 1556 wie dem Holländer uns etwas von dem tragischen Auf¬
1190 1511 2251 1573 Gewohnheitsdieb, einen Manolescu-Typus, der es versteht,
198 1519 1198 1584 keler Frevel war: die überhebliche Verachtung des
2239 1544 3319 1599 einanderpall des alten und des neuen Judentums fühlen
1188 1550 2246 1629 sich unter der Maske eines Grafen in der Familie eines
198 1565 1205 1624 en philisterhaft dünkenden „festen Entschlusses, allee
2255 1586 3320 1642 zu lassen. Ganz schweigen will ich von einem so von
202 1591 2249 1665 kuwehren, wodurch ein sicheres Glück aufs Spiel gesetztreichen Kommerzienrats einzunisten und der mit seiner
2246 1622 3323 1693 Grund aus gekunstelten und schielenden Stücke, wie es
207 1642 2257 1711 rden konnte".: Leichter und genußreicher als vonByronischen Schwermuts=Philosophie um ein Haar Herz
2247 1662 3320 1733 der Italiener Roberlo Bracco in seinem vom „Trianon¬
1202 1679 2252 1741 und Hand des holden Töchterleins gewonnen hätte.
213 1680 1201 1751 Bühne lassen sich die Schönheiten, die gesstreichen
2245 1715 3311 1777 theater“ aufgeführten Lustspiel „Die herbe Frucht“ zu
196 1708 2257 1785 trachtungen und leise schwingenden Stimmungen des Dabei wird er sich selbst bewußt, in welchem Sumpf
2249 1771 3326 1827 geben wagt. Bracco machte uns vor Jahren Hoffnung
1191 1761 2272 1848 er eigentlich sitzt und daß ihn aus dem Schlamm
209 1785 1205 1850 hnitzlerschen Stückes aus der Buchausgabe (Berlin,
2245 1808 3318 1874 auf einen wertvollen Gesellschaftsdramatiker, der witzige
1193 1799 2258 1897 nur die Liebe eines reinen Kindes erlösen
212 1815 1205 1891 Fischer) schöpfen; ihr sollte jeder eine Stunde widmen,
2256 1843 3314 1909 und geistreiche Satire geschickt mit tiefere Beobachtung
1587 1852 2262 1925 Froschlönig im Märchen der
1201 1860 1604 1923 könne, wie den
219 1863 1208 1934 rsich von einem seinen Seelendeuter in die nur zu
2245 1877 3322 1957 zu verbinden wissen würde; jetzt ist er zu Feydeau und
1205 1897 2259 1970 Kuß der Prinzessin. Gerda ist bereit, diese Erlöserrolle
215 1911 1208 1972 und zu gerne verschwiegenen Geheimnisse unseres
2262 1931 3332 1999 Hennequin herabgestiegen, und nur noch ein schaler
1188 1955 2261 2025 zu spielen und auch mit dem Räuber auf und davon zu
204 1949 1097 2022 lagsdenkens und =fühlens führen lassen möchte.
2255 1978 3329 2055 Rest von italienischer Frechheit verrät, welcher Saft
227 1997 2254 2061 Große Erwartungen setzte man auf den jungen gehen, da erscheint noch gerade zur rechten Zeit ein auf¬
2259 2028 2976 2102 einst in dem jungen Stamme schwoll.
1200 2032 2258 2098 merksamer Onkel als rettender Engel und setzt dem
192 2053 1208 2103 Famatiker Richard Fellinger, von dem kürzlich das
2336 2065 3328 2138 Mittlerweile hat nun auch die neue „Komische
1206 2091 2260 2141 Pseudo-Grafen auseinander, welchen neuen unverzeihlichen
204 2098 1212 2156 Kleine Theater“ die dreiaktige Tragikomödie „Ein
2254 2105 3323 2174 Oper“, die verdienstliche Gründung Hans Gregors,
1208 2132 2254 2190 Frevel er da zu begehen im Begriff steht. So zieht er
201 2133 1205 2194 iertag“ aufführte. In gewissem Sinne sind diese
2256 2152 3317 2218 ihre Pforten geöffnet und bereits in der kurzen Spanne
1212 2170 2259 2230 denn im letzten Augenblick seine Hand reuevoll zurück
196 2179 1200 2236 waitungen eyer übertroffen als enttäuscht worden.
2250 2203 3327 2262 Lebenszeit, die ihr beschieden, die Gunst und Ungunst
1198 2208 2252 2270 von der Beute und überläßt das Kommerzienrats¬
197 2217 1216 2283 Der Feiertag“ ist, soviel wir wissen, das erste Bühnen¬
2253 2240 3319 2302 des Publikums wie der Kritik erproben können. An¬
1196 2257 2258 2325 röchterchen einem friedlicheren Glück, das die fürsorglichen
186 2270 1214 2336 Eck, das der junge aus den Rheinlanden stammende
2260 2285 3329 2362 fangs, bei ihrer von Offenbachs phantastischer Oper
1210 2300 2261 2362 Eitern in Gestalt eines Forstassessors schon für sie bereit
200 2312 1219 2377 irist geschrieben hat. Und da bedeutet es immerhin
2254 2341 3323 2408 „Hoffmanns Erzählungen“ bestrittenen Eröffnungsvor¬
1203 2345 2257 2408 halten. Das Stück hat, ohne künstlerisch hervorzustechen,
193 2352 1209 2409 vas, wenn man sieht, wie eigen und selbständig die
2259 2372 3329 2444 stellung, fast enthusiastisch begrüßt, mußte sie sich dann
1203 2370 2261 2458 doch gewisse Qualitäten, die im Kgl. Schauspielhause
202 2405 1217 2459 ege sind, die dieser dramatische Anfänger zu gehen
2251 2429 3332 2493 getauft und gesteigert bei der bald nachfolgenden zweiten
1205 2421 2263 2498 nicht zu den Alltäglichkeiten gehören. Zumal in der
191 2446 1222 2515 gt. Schon die Wahl des Themas und seine Formung
2255 2458 3332 2522 Vorstellung, Massenets Mirakel „Der Gaukler unserer
1216 2468 2255 2544 eingestreuten Gesellschaftssatire zeigt sich ein kühnes und
206 2479 1210 2545 einer Tragikomödie zeugt von einer gewissen Kühnheit,
1214 2502 3330 2583 zuweilen mehr als bloß äußerlich geschicktes Zugreifen. lieben Frau“, all die im Rausch der ersten dankbaren
196 2513 1215 2595 feilich zugleich auch von einer gewissen Überschätzung der
1201 2547 3325 2615 Billige Ansprüche an Psychologie und Charakteristik! Freude vergessenen Wahrheiten sagen lassen, die ihr
194 2576 1221 2634 gendlichen Kräfte. Lebenshumor, der doch als erstes und
2259 2583 3332 2660 auf die Dauer so wenig erspart werden konnten
1207 2606 2258 2678 scheint der Verfasser dagegen durch das in dieser Sphäre
184 2615 1230 2693 ichtigstes Erfordernis zu einer Tragikomödie gehört, ist
2266 2645 3331 2701 wie irgend einem andern jungen Musikunternehmen
1205 2652 2263 2729 recht nebelhafte Zauberwort „romantisch“ von vornherein
186 2665 1225 2727 e seltene Frucht, die eigentlich nur für das Alter
2264 2685 3322 2747 unserer immer kritisch gestimmten Reichshauptstadt.
1207 2691 2261 2757 abweisen zu wollen. Jedenfalls ist die Gestalt des
290 2699 1222 2780 Nichtsdestoweniger hat Fellinger die linde
2255 2710 3336 2791 Sichten wir vorsichtig und ruhig dieses Für und
1216 2740 2263 2803 ebenso gebildeten wie gefühlvollen und edlen Grafen¬
197 2757 1220 2823 esignationsstimmung, die einen lieben alten Herrn
2263 2763 3339 2834 Wider, so bleibt auf der Kreditseite eine für unser
1218 2787 2257 2850 Hochstaplers eine so papierne Erscheinung, daß sie auch
188 2800 1211 2861 erkommt, wenn er just an seinem Jubiläumstage inne¬
2262 2804 3336 2878 Opernwesen auffallend fein und stilvoll durchgebildete
1212 2828 2267 2896 die temperamentvolle Darstellungskunst eines Matkowsky
186 2836 1224 2901 ird, daß seine Musenopfer nichts anderes waren als
2251 2857 3331 2924 Regie= und Inszenierungskunst, ein gut abgestimmtes
1210 2884 1912 2958 nicht lebendig zu machen vermochte.
189 2888 1212 2946 e Verirrung eines Dilettanten, sehr hübsch, und zwar
2264 2911 3337 2976 Zusammenspiel, eine meisterhaft geschulte Komparserie
1280 2902 2269 2976 Mehrere ausländische Dramen, die uns die Berliner
191 2932 1222 2994 cht nur äußerlich genrehaft zu zeichnen verstanden.
2257 2947 3342 3020 und ein beträchtlich über den Durchschnitt hinaus¬
1209 2958 2271 3015 Bühnen während der letzten Wochen vorführten, be¬
202 2978 1221 3034 reilich, die innere Wandlung anschaulich zu machen,
2260 3000 3341 3054 reichendes Orchester zu verzeichnen, während das Debet
1219 3004 2258 3076 stätigten uns von neuem die hier schon wiederholt aus¬
205 3020 1220 3082 e zu dieser Erkenntnis führt, ist dem Dichter dann
2260 3035 3334 3101 durch den protzigen, von Grund aus verfehlten Bau des
1213 3054 2264 3114 gesprochene Ansicht, daß wir für die Phase unserer
184 3064 1238 3129 ensowenig gelungen wie der schwierige Übergang, aus
2260 3093 3333 3148 Hauses, durch einige für höhere Aufgaben nicht ganz
1211 3088 2268 3162 dramatischen Entwicklung. in der wir augenblicklich
194 3093 1222 3163 esem eben errungenen Verzicht bei dem Bureauvorsteher
2260 3113 3341 3187 zureichende Gesangskräfte und den einen die Tempi gar
1214 3137 2272 3211 stehen, von den meisten Schöpfungen des Auslandes eher
181 3141 1224 3204 ollereder alsbald von neuem die hold-lörichte Eitelkeit
2261 3160 3331 3239 zu leicht verschleppenden Kapellmeister belastet erscheint.
1216 3188 2273 3256 gehemmt als gefördert werden können. Häufig sind es
185 3203 1216 3245 Ervorwachsen zu lassen, nun gerade diese entsagungsbereite
1218 3210 3341 3297 geradezu Gespenster einer bei uns selber glucklich über- Doch das sind Kinderkrankheiten, die die Zeit heilen
180 3240 1230 3298 Etimmung, das erste ganz eigene und persönliche Erlebnis
2265 3248 3338 3322 wird. Aber in allem bedeutet die „Komische Oper“ eine
1208 3274 2274 3346 wundenen Vergangenheit, die uns da begegnen. So
195 3288 1226 3344 Es Schreibstubenpoeten, zum Ausgangspunkt einer neuen
2260 3284 3349 3370 ebenso wert= und aussichtsvolle wie nolwendige Be¬
195 3311 2272 3389 Famatischen Arbeit zu nehmen. Vielleicht daß es ihm wenn Hermann Heijermans, der Holländer, in seinem
189 3348 2974 3427 it dieser subjektiven Tragikomödie besser gelingt als! „Ghetto“ sich so in die Milieu= und Detailsschilderung reicherung des Berliner Musiklebens.
200 3403 2331 3497 it seinen bisherigen Römer= und Burgunderdramen.verliert, daß er alle höhere Schwungkraft für!
