3436 4352
346 87 498 201 20
504 95 1253 221 Zuischensniel
1421 103 1847 215 box 25/2
1752 1115 2038 1188 Die Schaubühne
1636 1266 2132 1378 Zwischenspiel.
1331 1384 2526 1446 „Ich bestehe darauf, daß der Held zum Schluß entweder
1242 1432 2520 1496 Hochzeit macht oder vom Teufel geholt wird; da kann man doch
1246 1496 2520 1552 beruhigt nach Hause gehen, wenn der Vorhang gefallen ist.“ So
1247 1546 2524 1603 räsoniert in der Komödie „Zwischenspiel“ Herr Albertus Rhon.
1253 1600 2523 1655 Wäre dieser Stückeschreiber nicht ein ironisiertes Widerspiel, sondern
1260 1644 2534 1728 ein getreues Wiederspiel des Dichters= Authur Schnitzler, so würden
1243 1705 2527 1772 wir mit anzusehen haben, wie sich Amadeus. und Cäcilié auch am
1257 1774 2533 1823 Schluß des letzten Aktes, wie des vorletzten, versöhnt in die Arme
1256 1811 2528 1873 sinken, würden gerührt und beruhigt nach Hause gehen und hundert¬
1257 1868 2653 1932 mal wiederkommen. Solche Ehe verständen wir, solche Ehe
1257 1927 2531 1982 führen wir selbst! Es käme einer Beleidigung gleich, wenn ich
2548 1956 2700 2055 —
1259 1966 2533 2035 Schnitzler dafür loben wollte, daß er nicht für die Leute schreibt,
1257 2027 2529 2085 die solche Ehe führen; daß er sich auch diesmal durch keinerlei
1242 2080 2527 2141 Versuchung zu einem Zugeständnis hat bewegen lassen. Aber der
1259 2138 2526 2202 Trauer gleich kommt das Gefühl, womit ich feststelle, daß sein
1260 2191 2530 2244 Publikum immer kleiner wird. Sudermann und Konsorten haben
1250 2258 2528 2312 für lange Zeit die Menschen aus dem Theater vertrieben, die ich
1261 2293 2528 2364 nach Schnitzlers verständnisreichstem Kritiker die Poppenberg¬
1253 2349 2529 2417 Naturen nennen möchte, nämlich die fähig sind, die Notwendigkeit
1257 2406 2529 2458 grade dieses Ausgangs zu begreifen. Sieger sind — um sie nach
1251 2473 2616 2515 Schnitzlers verständnisbarstem Kritiker zu benennen — die Gold¬ —
1250 2494 2533 2575 mann=Naturen geblieben. Sie vermissen eine Handlung, weil
2561 2530 2683 2588 —
1261 2580 2537 2630 keine Intrigue angezettelt und kein Mord verübt wird. Sie klagen:
1261 2630 2528 2690 über die Unzulänglichkeit der Charakteristik, weil der Held, der
1260 2684 2527 2751 ein großer Komponist sein soll, nicht zum Beweise auf der Bühne
1252 2736 2528 2795 seine Werke spielt. Sie reden von Disharmon ie, weil zwei Herzen
1260 2784 2348 2841 keinen faulen Frieden schließen, sondern lautlos brechen.
1338 2836 2512 2905 Diese Herzen gehören dem Kapellmeister Amadeus Adams und
1260 2891 2519 2964 seiner Frau, der Sängerin Cäcilie Adams=Ortenburg. Den Mann
1258 2958 2527 3013 zieht es, nach siebenjähriger Ehe, zu einer Gräfin; zur Frau ziehts
1260 2998 2532 3062 einen Fürsten. Sie fühlen sich stark genug, ihren Sinnen Freiheit
1254 3059 2521 3117 zu gewähren, ohne den Bund ihrer Seelen zu gefährden. Sie
1252 3121 2468 3186 haben furchtbar viel gelesen und befolgen Hofmannsthals Rat:
1430 3164 2242 3220 Laß Dich von jedem Augenblicke treiben,
1423 3217 2328 3284 Das ist der Weg, Dir selber treu zu bleiben;
1430 3283 2381 3337 Der Stimmung folg, die Deiner niemals harrt,
1422 3324 2372 3409 Gib Dich ihr hin, so wirst Du Dich bewahren,
