3436 4352
1362 282 1828 375 box 25/2
317 277 1356 388 20. Zuischensniel
1159 684 1536 736 Telephon 12801.
1317 764 1398 830 99
654 784 1357 876 „UBSEHTER
464 868 1562 927 I. österr. behördl. konz. Unternehmen für Zeltungs-Ausschnitt.
648 919 1380 984 Wien, I., Concordiaplatz 4.
873 988 1178 1044 Vertretungen
474 1032 1571 1077 in Berlin, Budapest, Chicago, Christiania, Genf, Kopenhagen,
467 1083 1574 1123 London, Madrid, Mailand, Minneapelis, New-York, Paris, Rom,
630 1123 1408 1177 San Francisco, Stockholm, St. Petersburg.
815 1159 1235 1224 (osellenangabe ohne Gewähr.)
756 1255 1546 1385 Wünchnef, Nousie Nachtichten
748 1325 1236 1400 Cahetemschiete
469 1348 620 1396 vom:
1040 1386 1420 1429 .—
572 1415 1503 1475 (D Berliner Theater. Schnitzlers Zwischen¬
519 1428 1490 1511 spiel fand am Samstag im Lessing=Theater keine
523 1485 1493 1539 bessere Aufnahme als bei der Uraufführung am Wiener
537 1544 1518 1598 Burgtheater. — Ferdinand Bonns Berliner Theater
531 1576 1550 1627 ist bereits bei Schwänken angelangt und zwar bei solchen, S
531 1606 1534 1673 die wohl für ein Vorstadtpublikum geeignet sein mögen, 2.
534 1667 1551 1728 mit denen sich aber die Kritik nicht ernsthaft zu befassen 6
1480 1691 1539 1732 2.
519 1695 694 1763 braucht.
1468 1724 1542 1799 5
1481 1811 1544 1909 5
1449 1898 1548 1982 3
688 2086 1186 2220 S
1207 2149 1574 2238 Telephon 12801.
666 2257 1383 2379 „OBSERVER‘
493 2375 1590 2421 I. österr. behördl. konz. Unternehmen für Zeitungs-Aussohnitte
678 2411 1434 2490 Wien, I., Concordiaplatz 4.
903 2484 1222 2551 Vertretungen
514 2544 1602 2591 In Berlin, Budapest, Chicago, Christiania, Genf, Kopenhagen,
503 2594 1602 2654 London, Madrid, Mailand, Minneapolis, New-York, Paris, Rom,
674 2616 1478 2667 San Francisco, Stockholm, St. Petersburg.
849 2655 1263 2722 (Quellenangabe, ohne Gewäkz.)
523 2695 1485 2812 Ausschnitt aus
1232 2793 1594 2876 Seluus
988 2812 1055 2884 2
522 2838 673 2893 vom:
801 2980 1282 3048 Kleine Chronik.
665 3033 1530 3094 Berlin, 25. Nov. Arthur Schnitzl'ers
547 3081 1525 3153 dreiaktige Komödie „Zwischenspiel“ die erst nach
547 3125 1524 3189 der Wiener Uraufführung hier am Lessingtheater zur
538 3174 1525 3227 Darstellung gelangte, brachte es zu einem freundlichen,
543 3223 1521 3279 nur am Schluß vereinzelt bestrittenen Erfolg. Recht
555 3254 1524 3323 warm wurde man allerdings bei dieser dramatischen
556 3305 1525 3369 Algebra nicht. Man freut sich der eminenten Kunst¬
546 3346 1526 3407 fertigkeit des Autors, vergißt jedoch nie, daß er seine
548 3408 1540 3452 Menschen wie Schachfiguren bewegt. Die Handlung, die
558 3444 1538 3509 doch schließlich auch das Rückgrat der Komödie bleiben
545 3478 1531 3545 muß, ist auf das denkbar knappste Maß reduziert; um
555 3517 1547 3592 so ausgiebiger und wohlgefälliger suchen zwei Künstler,
559 3573 1539 3624 die aus der Ehe zu einem Freundschaftsbündnis empor¬
555 3613 1539 3671 steigen möchten, nach diesem Zwischenspiel aber den an¬
557 3655 1543 3727 fänglichen Zustand nicht wiederfinden können, ihre
550 3699 1531 3764 Seelen bloßzulegen. In gewisser Hinsicht haben wir
554 3753 1535 3809 hier die erste moderne psychologische Komödie über ein
560 3791 1531 3851 erotisches Thema und der Dialog kann es an Behen¬
549 3832 1542 3896 digkeit mit französischen Mustern aufnehmen. Trotzdem
557 3878 1531 3950 gab uns der jüngere Schnitzler mehr, weil er neben der
561 3921 1544 3994 Seele auch das Herz nicht leer ausgehen ließ. Der
558 3961 1538 4023 geistreiche Versuch, in dem sich echteste Wiener Kultur
562 4010 1549 4074 offenbart, soll demnächst eine gründlichere Würdigung er¬
1345 4059 1554 4118 M. M.
568 4074 734 4138 fahren.
1990 1619 2354 1721 Telephon 12801.
2164 1726 2862 1850 „OBSERVER‘
1976 1835 3104 1907 I. österr. behördl. konz. Unternehmen für Zeilungs-Ausschnitte
2185 1892 2910 1984 Wien, I., Concordiaplatz 4.
2387 1959 2700 2028 Vertretungen
1984 2006 3109 2068 in Berlin, Budapest, Chicago, Christiania, Genf, Kopenhagen,
1974 2058 3103 2116 London Madrid, Mailand, Minneapolis, New-York, Paris, Rom,
2149 2089 2919 2146 San Franzisco, Stockholm, St. Petersburg.
2338 2135 2757 2192 (Quellenangabe ohne Gewähr.)
1972 2211 3159 2331 Ausschnitt auspüggetien Magyarország, Budapest
1983 2314 2132 2364 vom:
2316 2296 2437 2367 190.
2144 2332 2187 2398 1
2554 2422 2588 2466 —
2235 2470 3031 2555 teler-premier Berlinben. Schnitzler
1976 2507 3093 2604 Artur ersdnäsos vigjätekät stci tetszes melleit 2#
1979 2578 3053 2648 mutatta be a berlini Lessing-szinhäz Bassermann 68 15
1970 2632 2843 2704 Triesch asszonv iätszottäk a löszerep ket.
