3436 4352
-20 2161 76 2252 44
-22 2236 43 2295 ch
1387 134 1844 230 box 25/2
319 136 1292 245 20. Zuischensniel
305 1188 3398 1272 hoffentlich recht bald wieder ermöglichen wird, im Kreise! Die Analonie mit dem Widerstand der Munizipien be-tischen Partei, ein Schleiden, werm oeleleemrgen.,
305 1251 952 1305 der Partei erscheinen zu können.
1328 1258 3401 1306 steht bezüglich des Parlaments nicht. Wir (das Parla=daß, nachdem man die Entsendung der Deputation als
336 1300 3383 1351 m  n  n g
311 1339 3401 1392 Niveau, aus elchem sein Stück spielt, steckt ein die Erkenntniß fürchten, die dem Dichterling so sein, ist aber eine auf die Absicht des Autors ge¬
306 1373 3403 1445 großes, heißes Problem in der Sache — aber so tief noth thut, da geht ihm plötzlich selber das Licht auf worden. In bedenklicher Aehnlichkeit mit gepfefferten
309 1419 3406 1484 hat er nun nicht geschürft. Wenn er's vermied, weil über die trügerische Illusion seines bisherigen nächt= französischen und geistlosen deutschen Provinzpossen
315 1473 1344 1535 er seine gestaltenden Kräfte diesem Vorwurf noch
1338 1470 3410 1535 lichen Strebens. Es ist einer der großen Män= spielt sich eine dreiaktige Handlung ab die zwar
310 1506 1350 1582 nicht gewachsen fühlte, dann ist diese einsichtige Be¬
1342 1503 3399 1568 gel des Stückes, daß man nicht fühlt, nicht er=reichlich gesoickt ist mit lustigen und witzigen Ein¬
304 1561 2369 1632 scheidenheit eine Bürgschaft mehr für seine Zukunft. lebt, nicht werden sieht, was den Mann so
2368 1558 3393 1622 fällen, aber dadurch ebensowenig genießbarer wird,
303 1607 1354 1661 Wenn er die Tiefe und Entwicklungsfähigkeit seines
1339 1608 3393 1666 jäh zur Erkenntniß bringt. Die Erkenntniß als ein zäher Braten durch sporadische Speckstückchen.
318 1646 1359 1714 Stoffes aber einfach nicht erkannte, dann kann diese
1353 1654 3395 1719 wird zur Verzweiflung, und beinahe — die Das Stück wird wahrscheinlich bald vom Spielplan
1343 1691 2376 1756 Seinen fürchten es, aber der Dichter hat nicht ver¬
315 1691 1367 1760 Kurzsichtigkeit ihm später verhängnißvoll werden.
2361 1680 2656 1765 verschwinden.
312 1742 2384 1811 Seine nächsten Leistungen werden da entscheiden. mocht, auch uns zittern zu machen — wird er ihr
2469 1716 3410 1808 Dasselbe Schicksal ist mit vollem Recht der
313 1771 2370 1832 Ein Feiertag“ ist der Tag, an welchem der Buch= Opfer. Er scheint einem Schicksal zuzutreiben, als
2371 1779 3400 1838 Novität des Schiller=Theaters vorauszusagen. „Wan¬
317 1816 2371 1881 halter Dollereder nach fünfundzwanzigjähriger Kuli=die Deputation der Bureaugenossen ihn zum Banket
2363 1829 3395 1888 juschin's Kinder“ von Naldjanoff sind durchgefallen,
316 1856 2377 1925 arbeit im Komptoir des Großhandlungshauses sein abholt. Diese Menschen, die den grauen Staub der
2360 1863 3412 1935 nachdem sie die Nerven des Publikums mit Schmutz¬
309 1909 1357 1984 Beamtenjubiläum feiern soll. Seine Frau will ihn
1339 1918 3400 1964 Arbeit mit Bier und nicht mit castalischem Naß hin= und Nachtbildern in Gorki's Art, aber völlig ohne
317 1949 1342 2014 in einem besseren, höheren Sinne noch zu einem
1352 1945 3406 2025 unterzuspülen pflegen, haben von der Frau selber die Kraft, die Wärme und Tiefe Gorki's gemar¬
317 1987 1353 2059 Feiertag machen, indem sie endlich den Schlüssel zur
1342 1988 2612 2056 auf Umwegen das stolze Geheimniß Dollereder's tert haben.
313 2031 2382 2111 Pforte des Ruhmes dem Gatten überreichen will. (das Geheimniß seines wortkargen, ungeselligen
2478 2024 3393 2104 Sehr wider seinen Willen hat Ferdinand Bonn
304 2082 2373 2157 Dollereder ist nämlich eine Janusseele. Dem trocke= Stolzes) erfahren. Für die ist es natürlich blos ein
2370 2091 3398 2152 in seinem Theater das abwechslungsreichste Pro¬
1337 2130 2370 2188 lächerliches. Und die Römertragödien, die Burgun¬
317 2135 1361 2196 nen Zahlenleben abgewendet, führt er in den stillen
2361 2138 3393 2196 gramm. Er bringt fortwährend Neues, da nichts sich
312 2173 1356 2246 Nächten ein zweites: er ist Dichter. Fleißiger noch
1341 2177 2381 2251 derschlachten sind ihnen nur gefundener Stoff für
2361 2180 3405 2245 hält. Der anfangs Lächerliche ist zum tragischen
320 2204 1349 2279 als seine Kontokorrentauszüge fertigt er Dramen an.
1352 2231 2370 2295 das — Jubiläumscouplet. Als Dollereder vom
2363 2208 3395 2283 Narren geworden. Er lancirt seine Frau — mit dem
312 2260 1348 2326 Und da er in einer kleinen, engen Gegenwart lebt,
1355 2262 2376 2320 Banket heimkehrt, ist er ein Anderer. Seine Ideale
2370 2267 3391 2341 jämmerlichsten Resultat. Marie Vonn ist wahrschein¬
320 2294 1361 2369 schreibt er natürlich weite, große Geschichtsdramen,
2976 2310 3397 2371 sie eine miserable
1337 2305 2989 2384 sind roh beschimpft worden, und siehe da! er haßt lich eine gute Gattin, sicher ist
318 2352 3396 2410 in denen die Komparserie beim römischen Senator die Beleidiger nicht, sondern hat die Ideale einer Schauspielerin. Vielmehr, sie ist überhaupt keine.
307 2386 1347 2453 anfängt. Er ist ein großer Dichter — in seinen
1345 2387 2373 2450 näheren Prüfung unterzogen und sie morsch ge¬
2363 2405 3400 2465 Und dieser Dame liefert man die Jungfrau von
310 2440 1362 2505 eigenen und in den Augen seiner Frau, die neben
1352 2445 2361 2506 funden, das Leben hingegen, das grausame Leben
2367 2433 3423 2514 Orleans“ und „Maria Stuart“ aus! Diese Art der
1343 2472 2371 2538 des rollenden Tages ist ihm aufgegangen und aus
314 2484 1359 2556 ihm nur Abschreiberin und Mutter sein durfte in
2369 2493 3332 2556 Darstellung könnte es zuwege bringen, daß"
316 2530 1353 2590 diesen endlosen Jahren. Zwei erwachsene, dem
1345 2521 2370 2582 den Ruinen seiner Eitelkeit sprießt schon ein neues
2355 2509 3395 2586 Schiller noch auspfeift. Das Theater ist denn auch
321 2561 1353 2627 Elternhaus entwachsene Kinder sehen die Sache frei¬
1344 2574 3394 2625 Theaterstück. Diesmal aber eine moderne Tragi=bis auf die ausverschenkte Hälfte stets leer. Man kann
320 2614 1360 2671 lich anders an: in der Fremde hat sich die blind¬
1340 2623 3397 2677 komödie. Der Vorhang fällt, als Dollereder an den auf das Berliner Theater sagen, was ein witziger
320 2639 1353 2719 gläubige Ehrfurcht vor Vaters Schaffen bei ihnen
1358 2661 2368 2717 Schreibtisch geht, die neue Arbeit zu beginnen. Es
2361 2639 3394 2716 Freund einst auf ein ähnlich prosperirendes anderes
2358 2703 3398 2769 hiesiges Theater sagte: „Direktor N.“ — erzählte
309 2692 2366 2757 verloren und sie sehen, daß das Diadem der Dich= wurde von Thaller und Frl. Grüning ganz aus¬
319 2750 1360 2815 tung in seinen Locken aus Goldpapier ist. Der Sohn
1346 2733 2355 2825 gezeichnet, von den Uebrigen durchwegs sehr rüh¬
2355 2748 3403 2821 er — „hat den Blitzableiter vom Hause entfernen
384 2781 1768 2834 als Gast zum Jubiläum gekommen — möchte eslmenswerth gespielt.
2356 2793 3301 2857 lassen; bei ihm schlägt ja doch nichts ein ...“
326 2811 1363 2894 sich auch vom Herzen reden. Aber der Anblick der
1445 2814 2374 2893 Das Lustspielhaus brachte Arthur Pserhofer's,
2470 2844 3021 2931 Berlin, 10. Dezember.
315 2872 2376 2934 Mutter hält ihn zurück. Der Wahn des Einen war eines talentirten Schriftstellers, „Nemesis“. Es sollte
3025 2873 3382 2981 R. Barvi.
307 2912 2399 2992 ja der Glauben der Anderen. Schon muß man für eine Satire auf die landläufige Gerechtigkeitspflege
