3484 4224
1379 129 1817 217 box 25//6
310 154 1238 237 20. Zuischenshiel
751 1032 1361 1153 ckransefurter Zeitung
561 1097 845 1179 LAH0913
839 1106 1281 1197 Frankturt a. M.
1646 1180 3416 1272 Philinen=Episode — Cäcilie sagt das nicht genau, aber es klingt 1 später im Norden gewinnt. Wer
2798 1233 3418 1293 atmete man auf, wenn das Weib
1657 1251 2730 1309 doch das Thema von der doppelten Moral leise hinein —
2796 1261 3422 1320 wärmt um die haarscharfe Kopf= u
1653 1266 2786 1351 zum Teil wegen der einst geschlossenen Freundschaft, die
609 1256 1525 1382 Frankfurter Schauspielhaus.
2805 1297 3414 1365 sich. Der Kapellmeister des Herrn
1663 1332 2799 1384 eine Unaufrichtigkeit war, zum Teil, weil die Frau weiß,
2807 1342 3421 1401 der einfachere Mensch, hatie einfach
1652 1355 2804 1417 daß Amadeus in ihr heute eine andere begehrt als vor
431 1344 1640 1464 /11 „Zwischenspiel“, Komödie von Arthur Schnitzler.
2810 1381 3421 1447 Leichtlebigere des Mannes traf er o
1651 1396 2790 1465 sieben Jahren, zum Teil wegen Cäciliens neugewonnener Er¬
2809 1419 3424 1487 soweit es seine unbefangenre Rolle
787 1414 1344 1503 Aufführung am 17. August.
1655 1436 2788 1499 fahrung an sich selbst. Sie hat im Vorschauer neuer Leidenschaft
2794 1465 3423 1516 gen ein guter Kerl, der geneigt ist,
1656 1470 2795 1548 gestanden, sie fühlt sich angesengt, sie witterte den Geruch des
543 1459 1643 1533 Wenn das Drama die Darstellung des Unheilbaren ist (daher
2797 1495 3400 1560 nehmen und nun bestürzt einsieht, de
1663 1501 2797 1571 Abenteuers, sie sah in neue Verheißungen. Und deshalb macht
492 1512 1635 1577 die Abneigung vieler Gesunden, Dramen zu sehen), so die
2801 1540 3380 1593 hatte. Gut war der geschwätzige,
1651 1550 2794 1610 sie Schluß, nimmt Abschied in Schönheit, um dem nächsten Ab¬
493 1559 1647 1623 Komödie die Spiegelung des zwar Verschobenen und Ver¬
2794 1573 3428 1637 Herrn Bauer; ein neuer Künstlei
1665 1579 2796 1651 schied und dem übernächsten und dem allerletzten zu entgehen.
497 1593 1646 1675 schrobenen, der hart oder putzig Aneinandexgeratenen, aber doch
2803 1610 3424 1669 Fürst Sigismund in einer kleinen
1655 1618 2795 1699 Darüber kann kein Mann hinw g. So läuft Amadeus denn,
512 1624 1648 1702 Heilbaren. In Schnitzlers Komödie Zwischenspiel“
2809 1639 3428 1720 die ihn eine Viertelstunde auf einen
1664 1666 2792 1740 nachdem er eingesehen hat daß diese Ehe menschlich=ordinär nicht
503 1654 1651 1735 ist es anders. Menschen, die kraft ihres Verstandes guten Willens
2809 1684 3429 1749 nete Rede und leise aufbrechende H
1673 1700 2794 1770 wieder aufzubauen ist, davon. Der Hörer aber sagt: diese
504 1703 1652 1789 sein müßten, analysieren, autopsychologisieren sich da zu Tode —
2808 1715 3427 1783 Man darf neugierig sein, wie sich
1662 1730 2796 1822 Oesterreicherin hat sich längere Zeit in Skandinavien aufgehalten.
2806 1752 3435 1841 deten Kopf bei anderen Gelegenhe
498 1762 1036 1835 es ist ihnen nicht zu helfen.
1672 1772 2802 1845 Sie hätte nicht einmal nötig gehabt fünf gerade sein zu lassen,
2863 1801 3436 1866 Der Beifall klang nach „achti
570 1777 1652 1856 Auf der ständigen Unsicherheit in den Beziehungen von Mann
1670 1817 2806 1898 sie brauchte nur den Willen zum Glück, — dessen alle Menschen
2804 1837 3430 1904 kommt vom Krieg nicht los und hat
497 1823 1661 1897 und Weib auf der Erkenntnis daß es dem Seelenbarometer
1677 1857 2805 1922 alle Tage bedürfen — sie lehnt ab aus Angst vor der Zukunft,
2820 1884 3414 1940 schürsende Frau Cäcilie da oben.
498 1859 1655 1957 nicht möglich ist, jemals zum „Beständig“ vorzudringen, schwebt
1661 1899 2648 1985 sie wünscht ein reine Etinnerung. Zum Teufel auch!
2810 1913 3430 1988 brüll gewöhnt, so von den Aufreg
515 1891 1664 1980 diese Komödie. Es passiert nichts darin, man gibt sich nur
1726 1939 2812 2012 Wenn Menschen auseinandergehen, so gebrauchen sie dazu
2806 1949 3443 2020 uns das an den Haaren herbeigez
521 1939 1667 2021 immer Rechenschaft, enthüllt sich, schließt seelische Verträge,
1679 1991 2813 2059 meistens einige Jahre. Hier geschieht es in drei Bühnenstunden,
515 1969 1654 2066 paragraphiert sie beinahe und kommt schließlich zu der Einsicht,
2809 1985 3444 2058 samt ihrem Ober= und Unterbewuß
520 2005 1659 2100 daß Vorsätze nichts bedeuten, weil eine neue Blutwelle alles
1665 2022 2798 2089 in ein paar Monaten, das Sichvoneinanderentsernen des Paares
2813 2032 3441 2116 Das „Zwischenspiel“ stammt schon
520 2058 1663 2144 über den Haufen werfen kann, erkennt auch, daß keine Abmachung
1667 2066 2807 2122 ist verdichtet. Um damit fertig zu werden sprechen sie Aphorismen,
2586 2096 2810 2166 jeder eine
525 2103 1659 2178 auf letzter Offenheit beruht. Letzte Offenheiten gibt es nicht, oder
1666 2113 2604 2182 hämmern sie lange Erwägungen in einen Satz —
521 2140 1669 2221 wenn si. ausgesprochen werden, sind auch sie verhängnisvoll (ob¬
1674 2140 2820 2201 seelische Wandlung. Sehr feine Bemerkungen gibt es da, für
1673 2182 2819 2247 sehr verfeinerte Ohren, Blicke fallen auf den Urgrund, aus dem
524 2175 1667 2252 wohl später behauptet wird, volle Aufrichtigkeit mit Brutalität
2709 2217 2817 2266 von
525 2208 1666 2302 und Eisersucht hätte erloschene Liebe neu anblasen können). Bei
1671 2222 2724 2291 die Wünsche phosphoreszierend aufsteigen, die Luft zittert
1676 2256 2813 2328 schmerzhaften Enthüllungen. Sehr geistreich und sehr — künst¬
529 2241 1666 2334 anderer Gelegenheit hat Schnitzler einmal gesagt: „Wir spielen
1676 2290 2819 2362 lich. Man weiß genau, daß der Stückschreiber Albertus, den
527 2286 1670 2370 immer wer es weiß, ist klug.“ Es ist also so: Wenn wir uns
1682 2346 2827 2408 Schnitzler durch die Komödie schleift, damit er den Faden halte i
516 2322 1675 2394 offenbaren“ sind wir geliefert, dank der Handhabe, die wir
1679 2369 2818 2450 und den erfrischenden Lebensklugen spiele, ein platter Kerl ist
513 2358 1677 2452 dem anderen geben, dank der „besonderen Merkmale“ unseres
1683 2410 2820 2486 mit seinen Witzen und seinem praktischen Getue, und doch freut
532 2410 1666 2489 Steckbriefs, offenbaren wir uns nicht, so treiben wir im Un¬
1685 2438 2828 2537 man sich seiner beinah weil ihm der Schnabel nicht literarisch ge¬
518 2480 728 2544 gewissen.
1676 2478 2823 2565 wachsen ist. Er und seine beinahe überflüssige Frau tragen das
579 2489 1665 2573 Am Schluß des dritten Aufzugs stützt die Sängerin Cäcilie
1677 2527 2826 2607 Wienerische und den gelegentlichen Lustspielton in die Komödie,
987 2539 1680 2600 und weint. Sie hat reichlich Ursache
529 2552 1006 2619 den Kopf in die Hände 1
1673 2564 2827 2632 aus der Schnitzler ein gut Teil seiner Grazie, seiner Süße, seiner
524 2579 1675 2656 dazu. Ihr Mann=Kapellmeister war ihr an Philine entglitten,
1225 2618 1324 2653 Siai
1691 2590 2833 2685 zarten Melancholien herausnorwegisiert hat, weil es ihn einmal
532 2617 1671 2698 sie selbst im Begriff, sich an den Fürsten Sigismund zu verlieren.
1690 2641 2830 2718 nach einer „hohen Aufgabe“ gelüstete. Und er zeigte, wie zwei
532 2644 1672 2715 Nein, noch nicht im Begriff Wir spielen immer. Sie war auf
1691 2679 2828 2760 von Haus aus für einander geschaffene Menschen an der — derb
530 2689 1682 2765 dem Wege dazu, oder: es hätte einmal sein können. Immerhin:
1692 2720 2821 2800 gesagt — Ueberspanntheit einer Frau, an ihrer Sucht nach dem
531 2714 1677 2811 In den beiden Ehehälften, die einmal ein Ganzes waren,
1453 2749 1675 2818 In voller
1694 2767 2823 2840 „schönen Abschluß“ an ihrer Angst vor dem Zukünftigen un¬
527 2767 1467 2844 dämmert es, und so beschließen sie „Freundschaft“.
1692 2797 2835 2880 abänverlich scheitern. Teure Cäcilie — wir können nicht mit!
537 2798 1681 2888 Freiheit, in voller Unabhängigkeit und auf Grund gegenseitigen
540 2835 1682 2912 Vertrauens. Er hält diese Freundschaft natürlich nicht aus.
1739 2839 2833 2915 Die Aufführung, von Herrn Lengbach geleitet, mit bangen
526 2883 1681 2952 Neu angeheizt von der angedeuteten Möglichkeit, verliebt er sich
1683 2903 2831 2965 Pausen, dumpfen Stimmungen durchsetzt, mit beziehungsvollem
538 2918 1686 3002 glühend in seine Frau und wird ganz normal eifersüchtig. War
1693 2934 2835 3008 Klavierspiel versehen, (kein Wunder, wenn die Helden Amadeus
531 2962 1680 3042 Cäcilie dieser Zustand erwünscht so hätte sie einsach beidrehen
1700 2969 2830 3038 und Cäcilie heißen) mit langsam fließenden Blicken und an¬
2706 3007 2832 3058 Frl.
526 2993 1689 3065 können, das Ersatzmittel Freundschaft wäre aus dem Hirn der
1690 3010 2717 3072 deutenden Bewegungen gesättigt, wollte „herausholen“
530 3023 1690 3109 Beiden verschwunden, man hätte die zweite Ehe begonnen. Es
1687 3033 2833 3118 Aschenbach (Cäcilie), die ihre quicke Natur zu verleugnen
532 3066 1687 3145 wäre sogar nicht einmal viel zu verzeihen gewesen, denn der
1701 3086 2837 3156 hatte, mehr Divachen als Diva, versah sich mit der nötigen
535 3101 1690 3177 Kapellmeister hat sehr korrekt den Fürsten als Sachwalter seines
1699 3120 2795 3191 Schwerblütigkeit, formte klug ihre Sätze, durchfühlte sie auch —
541 3151 1683 3232 Eigentums gefordert und von diesem erfahren daß Sigismund
1695 3159 2841 3228 wir glauben es ihr Nur belastete sie ihre Worte gleich zum
540 3182 1689 3270 die allerlautersten Absichten hatte, daß Cäcilie ohne Fehl ist.
1702 3197 2834 3269 Anfang zu sehr mit Bitterkeit und der Ahnung, wie's gehen würde,
536 3224 1690 3305 Trotzdem kann das Ehepaar nicht wieder ins Gleichgewicht kom¬
534 3225 2876 3353 men. Warum nicht? Zum Teil wegen der nicht bestrittenen! nur sprach aus ihren Augen zu hart Unerbittlichkeit, die sie
