3484 4384
1340 191 1777 280 box 25/1
269 186 1200 289 20 Zuischensniel
566 556 713 640 S
954 599 1144 689 G
424 598 794 706 rephon 12801.
1222 724 1339 797 555
588 753 1287 837 „ODSEAVEN
415 827 1525 923 I. österr. behördl. konz. Unternehmen für Zeilungs-Ausschnitte
596 879 1337 984 Wien, I., Conoordiaplatz 4.
806 953 1123 1020 Vertretungen
411 980 1504 1078 in Berlin, Budapest, Chicago, Christiania, Genf, Kopenhagen,
402 1032 1517 1115 London, Madrid, Mailand, Minneapolis, New-York, Paris, Rom,
580 1081 1351 1154 San Francisco, Stockholm, St. Petersburg.
749 1122 1159 1180 (Quellenasgabe ohne Gewähr.)
385 1169 1451 1300 ss Gehuger
385 1289 858 1404 —
1208 1302 1549 1388 IGterar.
449 1378 1543 1452 — Die Erstaufführung von Schnitzlers
447 1440 1542 1489 „Zwischenspiel versammelte im Wiener Burgtheater
436 1471 1539 1528 ein glänzendes Publikum. Die Zuhörerschaft stand schon
436 1515 1540 1558 in den ersten Szenen im Banne des Dichters, folgte der
435 1557 1536 1609 dramatischen Studie mit Interesse und spendete nach dem
437 1590 1547 1645 ersten Akte lebhaften, nach dem zweiten stürmischen Bei¬
451 1632 1533 1681 fall. Nach diesem Akte mußte Schnitzler sechsmal er¬
446 1673 1549 1723 scheinen. Die schließliche Lösung war jedoch nicht nach
440 1711 1543 1752 dem Geschmack des Publikums, und der Beifall stieß auf
453 1753 1549 1797 Widerspruch. Der Inhalt des Stückes? Es ist der
441 1798 1543 1841 merkwürdige Roman eines Künstlerpaares. Er, der
449 1836 1555 1882 Kapellmeister Amadeus Adams, ist ein genialer Kom¬
449 1870 1538 1915 ponist, sie eine gottbegnadete Sängerin. Sie wirken an
454 1906 1551 1950 demselben Theater, sind seit sieben Jahren vermählt,
450 1951 1553 1985 waren bis zur Stunde ein Herz und eine künstlerische
459 1991 1541 2027 Seele. Aber nach den sieben mageren Ebejahren
1211 2029 1541 2082 er verliebt sich
452 2027 1135 2085 lechzt der Mann nach Freiheit
455 2074 1553 2103 in eine andere Opernsängerin. Er weiß, daß ihn
444 2112 1544 2155 nur die Schönheit dieser anderen bezaubert, daß es ein
449 2151 1543 2196 Rausch der Sinne ist, nach dem er lechzt, aber er kann
452 2187 1549 2229 dem fatalen Zauber nicht widerstehen. Da auch seine
455 2225 1556 2271 Gattin mit einem jungen Fürsten flirtet, so benutzt er den
449 2266 1547 2308 Anlaß, um eine Auseinandersetzung herbeizuführen. Die
446 2302 1547 2359 Liebe ist zu Ende, so soll denn mit diesem Kapitel abge¬
453 2349 1555 2393 schlossen sein. Da er aber die Gattin künstlerisch nicht
443 2387 1548 2439 entbehren kann, so sollen sie beisammen bleiben, als
447 2420 1546 2467 Freunde und Kunstgefährten, gute Kameraden — es ist
452 2462 1558 2515 ja auch ein Kind da, das allein genügt, um ein jähes
440 2516 1550 2553 Abreißen aller Beziehungen zu hindern. Die Frau, die
444 2538 1561 2586 den Gatten liebt; ist zu stolz, um auf ihren vollen Rechten
440 2579 1551 2634 zu bestehen. In schmerzlicher Bewegung erklärt sie sich
448 2615 940 2661 mit allem einverstanden.
478 2645 1546 2710 Aber der neue Roman des Mannes währt nicht lange.
446 2696 548 2749 Er
574 2701 1558 2749 st nur ein Sommernachtstraum, und an einem
453 2745 1556 2791 trüben Herbsttage erwartet der Gatte im alten Heim mit
451 2779 1551 2823 den alten zärtlichen Gefühlen die Gattin, die von einem
444 2815 1558 2856 sehr erfolgreichen Gastspiel in Berlin zurückkehrt. Seine
445 2857 1556 2907 Liebe wird zur Leidenschaft entfacht, da er erfährt, daß
453 2889 1556 2944 seine Frau viel umworben ist, daß ihr kleiner Fürst sie
436 2927 1550 2978 heiraten möchte, und daß ihr Blut beim Anblick eines ge¬
452 2983 1557 3024 wissen Overnsängers in Wallung geriet. Er reißt die Frau
440 3023 1563 3069 wieder an sich — aber nur für kurze Stunden eines Wonne¬
455 3050 1557 3100 rausches. Sie ist eine andere geworden in der herben Zeit
445 3094 1561 3141 der Prüfung, da ihr Gatte in den Armen einer anderen
452 3128 1556 3184 lag. Wünsche und Begierden, die sie nie gekannt, sind in
452 3168 1560 3218 ihr erwacht. Sie könnte wohl mit einer banalen Ver¬
446 3206 1551 3257 zeihung das alte Glück wieder anzuspinnen suchen. Aber
458 3246 1554 3298 sie wurde nicht bloß in einer zarten, heiligen Empfin¬
442 3286 1552 3328 dung schwer gekränkt. Sie fühlt sich auch außerstande,
442 3331 1546 3377 die alte Rolle als getreue, gefügige Ehefrau voll Lieb'
450 3365 1548 3417 und Güte wieder aufzunehmen. Und vor dem
447 3404 1557 3448 heißen Werben des Mannes legt sie ein aufrichtiges
456 3447 1550 3497 Geständnis ihrer Wandlung ab. Nach der flüchtigen
445 3486 1548 3541 Trennung muß der Abschied kommen. Sie will
454 3524 1550 3561 ins Engagement nach Berlin gehen. Er soll seine Konzert¬
445 3561 1552 3609 tournee machen, die ein Jahr umfassen wird. Die Be¬
461 3603 1557 3639 teuerungen neuer Liebe haben keine Wirkung, auch die
448 3642 1556 3701 Eifersucht des Gatten, der den Fürsten herausfordern
458 3675 1558 3738 will, vermag den Sinn der Frau nicht zu ändern.
447 3708 1551 3767 Vielleicht kommt einmal — das Wunderbare. Aber bis
454 3756 1554 3809 dahin — ade! Der Mann begreift nur mit Mühe, fügt
466 3802 1555 3856 sich aber schließlich ingrimmig dem Gebot. Er geht von
444 3831 1555 3873 dannen, nachdem er auf das Klavier eine seiner Kompo¬
450 3872 1557 3920 sitionen gelegt, ein Zwischenspiel, Capriccio doloroso. Die
451 3918 1557 3970 Frau blickt ihm nach und beweint mit einer heißen Träne
448 3957 1065 4018 das zertrümmerte Eheglück
2109 1362 2420 1469 M
1838 1427 2197 1482 Telephon 12801.
2002 1557 2679 1646 „ODSEHVER
1801 1621 2928 1705 I. österr. behördl. konz. Unternehmen für Zeilungs-Ausschnitte
2011 1687 2732 1772 Wien, I., Concordiaplatz 4.
2224 1758 2531 1818 Vertretungen
1804 1805 2919 1860 in Berlin, Budapest, Chicago, Christiania, Genf, Kopenhagen,
1810 1846 2922 1912 London, Madrid. Mailand, Minneapolis, New-Vork, Paris, Rom,
1984 1887 2746 1943 San Francisco, Stockholm, St. Petersburg.
2161 1929 2573 1985 (Quellenangabe ohne Gewähr.)
1799 2001 2212 2075 Ausschnitt aus
2167 2036 2885 2129 Oest. ung. Nändelgjournal, Wien
1805 2094 1965 2162 vom:
1865 2209 2755 2329 Theater, Kunst und Literatur.
2164 2311 2449 2401 Theater.
1943 2370 2758 2455 Burg=Theater. Arthur Schnitzler ist am
1872 2422 2766 2485 Donnerstaß wieder mit einem neuen Stück im
1869 2471 2753 2518 Burg=Theater erschienen. Seine Komödie „Zwischen¬
1875 2493 2754 2568 spiel“ ist eigentlich eine Tragikomödie, deren Aus¬
1866 2542 2755 2599 gang verblüfft.= Dieses Verblüffen an sich wäre ja
1872 2581 2765 2640 nach hutigen Begriffen eigentlich die Stärke der
1868 2626 2762 2688 modergen Tramaturgie, der Ausgang soll eben ein
1870 2658 2769 2712 überraschender, unerwarteter sein. Schnitzler bleibt
1876 2701 2765 2755 aber diesmal denn doch etwas mehr schuldig als
1867 2742 2761 2799 man gewöhnt ist. Die Motive für die ewig schwan¬
1871 2786 2766 2841 kende Haltung seiner Cäcilie, die zuerst sich von
1874 2814 2764 2883 ihrem Gatten trennen will, weil beide ihr Herz
1869 2855 2772 2914 anderen geschenkt, dann aber plötzlich wieder in
1873 2897 2775 2956 Liebe für ihren Gemahl entbrennt, um ihn plötzlich
1877 2940 2772 2995 doch wieder zu verlassen, sind aber auch für den
1873 2975 2765 3034 abgehärtesten modernen Kunstenthusiasten unerfind¬
1873 3016 2770 3068 liche. Herr Kainz brachte die Hauptrolle durch
1879 3051 2762 3125 einfaches, sicheres Spiel recht wirkungsvoll zur
1867 3089 2769 3152 Geltung. Fräulein Witt wandte ihre ganze vor¬
1870 3132 2779 3206 nehme Kunst auf, um ihre schwierige Rolle dem
1868 3215 2765 3274 Werstanonis möglichst näherzubringen. Die Demen
1859 3252 2771 3312 Kallina und Haeberle, sowie die Herren
1860 3287 2760 3351 Treßler und Korff sekundierten recht erfolg¬
1859 3321 2770 3397 reich. Der Autor wurde mit den Darstellern wieder¬
1857 3356 2122 3413 holt gerufen.
2859 2665 2917 2743 8
