3436 4352
1328 203 1781 308 box 25/1
250 212 1189 333 20. Zuischensniel
1628 1360 2936 1481 KEEASA- S
454 1438 3365 1613 allerlei Gründen. Zweitens: überhaupt, und erstens: weil lassen. Die eine: daß die Cheleute von den Gipfeln der amüsant sein könnte, wenn
458 1500 3387 1674 die Menschen, namentlich die Damen, nicht monogam sind. Liebe einen allmälichen und sanften Abstieg ins Tal der sauste, was aber so, in sein
1629 1569 3281 1681 Freundschaft finden; die andere: daß beide genug reizvolle, tuerei maßlos fad ist.
2906 1586 3385 1688 Um das Jnnige, rein
462 1625 1643 1701 Was ja die Urzelle aller erotischen Verwicklungen ist und
467 1640 2825 1754 die Aufrichtung der Ehe, als einer Schutzwehr zur wandelbare und unerschöpfliche Menschen sind, um sich
1632 1649 3392 1790 immer wieder von neuem ineinander zu verlieben. Was man stärker fühlen zu lassen, mach
2806 1710 3383 1777 Da hat er, in der gemeinsch
452 1713 1652 1817 Hemmung der polygamischen Instinkte, bedingt hat.
1631 1735 2831 1836 vielleicht ganz allgemein so ausdrücken kann: Es gibt keine
459 1780 1654 1862 Amadeus und Cäcilie, sexuell einander langweilig, menschlich
461 1814 3393 1901 aber innig liiert, kochen ihren Ehebund zu einem Freund dauernde Liebe, keine Liebe in continuo. Eine Dauer=Itertium medium zwischen
460 1862 3385 1977 schaftsbund um, spielen die Ueberlegenen, schenken einander liebe, das ist: eine Liebe, welche das Wunder in sich hat, erst viel zu erläutern brau
458 1912 3390 2024 große Freiheiten, würgen alle Eifersucht hinunter und so oft sie auch stirbt, immer wieder neue Auferstehung zu die Namen schon sind feuch
2799 1900 3380 1973 auf Löschpapier legt, mach
470 1946 2285 2050 sprechen mit erstickter Stimme liberale Apercus. Ja, aber feiern. Aber sterben muß sie!
1754 1972 3375 2059 Im „Zwischenspiel“ wirbeln die zwei Methoden, sich Und weil im Stück soviel
474 2017 1662 2103 man ist nicht sieben Jahre lang in der ehelichen Melange
1655 2010 3379 2115 neu zu verlieben und die Liebe durch Freundschaft zu er= Symphonien und Tonarten u
473 2072 1665 2151 durcheinandergerührt worden, ohne daß der Versuch, nun
1654 2053 3386 2172 setzen, durcheinander, stören sich gegenseitig. An jenem und Brahms und Wolf,
474 2112 1659 2213 das Vielgemischte reinlich zu trennen, mißglücken müßte.
1658 2105 3385 2216 Abend hat Amadeus seine Cäcilie wieder besessen. Das einbruch der dramatischen 1
466 2170 1653 2256 Im Anfang geht es ganz gut. Amadeus bekommt Jung¬
1653 2154 3395 2264 verzeiht sie ihm nicht und er macht ihr im dritten Akt die werden, den wir jetzt mite
462 2209 1669 2314 gesellen=Rezidive und erlebt angenehme Abwechslungen;
1657 2202 3376 2323 geschmacklosesten Vorwürfe: warum sie's ihm gestattet hat, Nothelfer ist die Musik.
472 2261 1667 2350 Cäcilie hätte auch nichts einzuwenden, Konsequenzen aus
1652 2254 3354 2356 wenn sie dann nachher so bös darüber sein wollte. Ich Dichter nicht jener Dusts
478 2306 1663 2397 der wiedererlangten Freiheit zu ziehen, aber sie spielt nur
1651 2300 3388 2423 glaube, sie ist böse, weil sie in dem raschen Sieg der der die Seele der Hörer sa
483 2367 1671 2436 mit den Möglichkeiten; zur Wirklichkeit kommt sie nicht.
1663 2354 3385 2459 Sinne die Wackeligkeit der Freundschaftsprinzipien kennen Ergriffenheit hinüberdrückt,
472 2405 1675 2494 Warum? Der Autor drückt sich um diese wirklich inter¬
1655 2399 3386 2532 lernt; weil sie den Rausch als Rausch erkennt, also als stellt man ein wenig Musi
479 2467 1675 2531 essante Frage, die an die tiefsten seelischen und physio¬
1663 2450 3338 2563 etwas Augenblickliches, das sich zu nichts Ewigem weiten ließe; die Bühne, und gleich
482 2494 1682 2613 logischen Geheimnisse der Frau rührt, bescheiden herum:
480 2496 3386 2650 „Irgend etwas läßt er seine Cäcilie sagen — macht uns weil sie ihre Fähigkeit, zu unterliegen, in ihrer ganzens parfüm über die Szene un
492 2594 3385 2686 auch dann noch zögern, wenn wir schon längst entschlossen Größe begrissen hat und als Grund seiner verliebten Gier Aktschluß wird einmal imm
1678 2596 3393 2702 ahnt, „daß sie als eine andere zu ihm kam". Sie fühlt, daß er Aufzuges im „Zwischenspi
490 2657 1668 2747 sind.“ Irgend etwas! „Na, lassen wir das,“ sagt Imro
1678 2643 3387 2765 sie die Cäcilie — mit ihr selbst — der neuen Cäcilie Brahms=Lied gesungen:
494 2705 1675 2808 Fox im Apollo=Theater, wenn er das schwere Fremdwort
1700 2699 3398 2795 — betrogen hat. Eine etwas verzwickte Fühlerei, die dreimal beginnt sie wieder
489 2750 1688 2858 nicht herausbringt, und fährt sich mit einer verlegenen Geste
1675 2740 3392 2862 hoffentlich ganz anders vom Dichter gemeint ist, als ich gezwungen, den Stimmung
493 2800 1685 2899 mit dem Zeigefinger zwischen Hals und Hemdkragen. Im
1667 2786 3394 2911 sie zu verstehen glaube. Und nun, renus sie stantibus, Und dieses aufdringliche
2833 2835 3396 2917 Musik! „Ja, ein Capriccio,
490 2845 1682 2950 Anfang also geht es halbwegs. Aber als Cäcilie wieder
490 2874 2857 2973 heimkehrt, von der Freiheit verjüngt, brann gebrannt von jagen sich die vier: Amadeus, Cäcilie, der witzige Räso¬
492 2903 3394 3037 der Sonne männlicher Begierden, die überall den Weg der neur und der Geist des Autors, mit ihren Theorien durchs Stück, vielleicht ein „Capri
1677 2931 3394 3054 Zimmer, fangen und entfliehen einander, verstecken sich Auf einmal haben die Wi
503 2997 1692 3087 schönen Frau umslammte, gleichsam im Blut regeneriert
1344 3028 3386 3096 — da geht die hinter Prinzipien, verduften hinter dialektischen Trug=sin allen Gliedern. Aber
514 3060 1337 3141 durch Verlangen und Verlangtwerden
505 3032 3399 3174 Freundschaftslüge des Gemahls entzwei und in einer Flut schlüssen, stolpern über ihre Weisheit, stechen mit ihren sentimentale Oberflächlicht
505 3154 3384 3232 verliebter Regungen schwimmen die Trümmer seiner Weis=Wahrheiten in die Luft und malträtieren einander mit der Klänge, die ihnen zu
499 3187 3388 3291 heit davon. So daß in der Komödie also, wahrscheinlich preziösen Erkenntnissen. Wenn der Geist des Autors nicht den Zuschauer mürbe zu 1
507 3187 3391 3348 dem Dichter selbst unbewußt, die zwei einzigen Eventuali= mehr weiter kann, flüchtet er zu dem Pfosten: Ironie, der der eigenen Ideen und die
502 3285 3391 3392 täten angetippt werden, die eine eheliche Beziehung zwischen wie der „Leopold“ im Fangerlspiel aufgerichtet ist, und wo er nicht vermochten. Man mnn
514 3350 3396 3450 höher gearteten Menschen auf die Dauer möglich erscheinen natürlich nicht mehr erwischt werden darf. Was alles ganz den Wirkungen der Musik
