3484 4192
1430 81 1876 179 box 25/5
356 73 1267 186 20. Zuischenspiel
255 1095 988 1192 Perden—
1099 1146 2183 1236 sich um die verhältnismäßig geringe Menge der hei¬
260 1177 1066 1237 seise gefordert und notgedrungen bezahit,
1093 1232 2178 1298 mischen Kartoffeln, und es kommt eine unerträgliche
277 1230 1064 1292 die Preise hinausgehen, die sonst von
1104 1271 1617 1329 Preistreiberei zustande.
255 1277 1057 1346 ler Lanowirtschaft wie auch der Ver¬
1137 1322 2183 1382 Wie das auf die Stimmung aller Volksschichten
266 1325 1058 1394 gerechtfertigt und möglich bezeichnet
1106 1383 2178 1443 wirkt, welche auf Kartoffeleinkauf angewiesen sind,
277 1379 1069 1446 Im Reichstage hat der Abg. Giesberts
1105 1431 2175 1492 braucht nicht näher ausgeführt zu werden. Im Hin¬
254 1442 1071 1502 on 3.50 bis 4 Mark pro Zentner ge¬
1099 1478 2180 1529 blick auf die diesjährige große Kartoffelernte werden
280 1491 1068 1550 Kartoffeln frei Keller geliefert werden
1096 1548 2189 1593 Preise von 5 und 6 Mark nicht mit Unrecht als Wucher¬
289 1531 1064 1594 Landtagsabgeordnete Hocveler hat in
1109 1625 2138 1677 gefundenes an seelischer Bergwerksarbeit ist dabei —
267 1633 995 1733 Schnitzler: „Zwischenspiel“.
1103 1669 2182 1744 so die erwachende Eifersucht des schon gleichgültig
299 1702 753 1795 Künstlertheater,
1113 1727 2185 1784 gewordenen Mannes, nachdem er die verschwebende
768 1735 917 1846 ##r#
1107 1771 2184 1819 Gattin einmal, einmal, einmal wieder besessen hat.
1111 1815 2143 1879 Vorzüglich. Aber man sagt nicht: er ist ein Luder.
251 1829 1076 1926 ich an Fragen der Nützlichkeit (oder des
1153 1872 1993 1932 Ich verlange das von einem Schriftsteller.
276 1918 1073 1971 ), dann ist, wenn im Felde draußen
1589 1953 1678 2025 II.
258 1967 1078 2024 nerzlicher fließt und wir solche zerlegenden
258 2012 1080 2074 sehn, allenfalls eine Antwort: daß Ab¬
1147 2007 2186 2071 Jedenfalls schweifen die Gedanken ab, wenn man
264 2058 1078 2134 seelische Gesundheit fördern; somit für
1111 2068 2193 2112 heut vor diesem Liebeskampf des leidenden Paars im
290 2112 783 2164 ein Daseinsrecht haben.
1121 2115 1366 2184 Parlett sitzt.
272 2144 1087 2218 hier ein Dichter hinstellt, wird von
1147 2169 2181 2224 Inmitten der Halbtöne, Zwiespaltklänge, Zwischen¬
258 2200 1079 2280 Gedanken in mir verzerrt; unterbrochen;
1107 2216 2185 2271 stufungen des Geschlechtsmenschlichen; inmitten der
265 2252 407 2316 gänzt.
1112 2270 2195 2319 Erörterungen zweier sich leis Verrückenden, sich Wen¬
284 2288 1086 2364 einen Mann und seine Frau sich von
1117 2308 2189 2356 denden, sich Abwendenden; zweier durchaus im Recht be¬
270 2342 1075 2405 ernen; den letzten Teil dieses Entfernens
1106 2355 2193 2403 findlichen Selbstbeobachter, Kleinbeobachter: inmitten die¬
295 2398 1047 2461 Beide haben genug voneinander —
1114 2403 2182 2460 ser Goldwägungen (ob es schon die letzten Goldwägungen
261 2456 994 2513 genug, daß kein Schmerz aufkäme.
1113 2460 2185 2518 kaum sind) kam, sekundenlang das furchtbare Gefühl in
258 2488 1086 2548 eschieht, geschieht also hier ... in etlichen
1099 2502 2188 2563 mich: es gibt noch eine andre Lösung — der Mann
262 2544 1078 2608 usagen dauernd festgehalten. Bloß in
1105 2561 2195 2612 kann dies Geschöpf dermaßen hauen, daß ihr die
252 2593 354 2651 ten.
1104 2597 2193 2663 Hälfte des Kehlkopfs, dessen sie als Opernsängerin
253 2642 1076 2706 ein Auseinandergehn erfolgt, wenn man
1118 2652 2190 2708 übrigens dringend bedarf, zerbrochen wird, und schmeißt
255 2690 1077 2756 keit betrachtet, in hundertundzehn Auf¬
1125 2698 2184 2747 sie dann die Treppe runter wie ein Paket. Gräßlich..
1112 2741 1278 2802 Weiter.
252 2740 1078 2801 Dramatiker hat nur drei — doch ließen
254 2790 1076 2838 drei mehr Punkte bringen, als Schnitzler
1157 2785 2186 2854 Im selben Atem kommt ein gegenteiliges Gefühl,
274 2851 1083 2892 mehr Schlagendes drängen; mehr Ver¬
1104 2847 2186 2904 etwa so: Kinder, macht kein Aufhebens! Ihr habt's
257 2887 1080 2951 bachtetes — daß dem Schaugast etwa
1110 2892 2199 2949 ja doch so gut!... Und ob Ihr Euch schon zerkriegt!
251 2938 768 2995 dieser Poet ist ein Luder.
1117 2942 2196 3009 Und ob Ihr schon ein wehmütiges, schmerzvoll=stilles
287 2968 1077 3045 hat man das Gefühl: der Poet gibt
1110 2992 2187 3050 Scheidegefühl habt! Zugegeben!... Ihr sitzt ja im
248 3028 1088 3082 ehr fein halbverdeckte Regungen; immer¬
1115 3033 2184 3088 Warmen! Wenn man nur g'sund is — liebe Cäcilie,
263 3080 1534 3150 ereicherungen des Bestandes. Selbst= lieber Amadeus.
2885 1102 3020 1183 AT
2212 1167 3311 1240 Preisbildung keineswegs ein bloß wirtschaftliches,
2221 1225 3310 1290 sondern auch ein eminent wirtschaftspolitisches ist, in¬
2211 1275 3306 1343 soweit, als die Rückwirkung auf unser öffentliches
2216 1329 3304 1388 Leben schon jetzt unverkennbar ist und in steigendem
2213 1388 3304 1441 Maße sich geltend machen wird. Man wird nicht nur
2212 1438 3301 1496 die Regierung, sondern auch die politischen Parteien
2217 1480 3309 1547 und deren Führer, von denen man eine wirksame
2222 1542 3300 1594 Einwirkung auf die Regierung erwartet, für die ein¬
2253 1646 3294 1743 Schnigler bleibt ein hoher Wert für unsere Bühne
2209 1736 3295 1790 mit seinem schürfenden Gesamtwerk — das von der
2220 1776 3301 1849 Gunst nicht genügend besonnt wird. In diesem Stück
2221 1833 3311 1906 herrscht aber die schlimme Losung: Kein Schmatz
2230 1874 2529 1944 ohne Schmuß.
2267 1893 3310 1977 Schlimm? Es geht ja so zu bei vielen heutigen
2219 1973 3314 2017 Menschen; es muß heute so zugehn — die Sache wird
2216 2020 3310 2074 aber komisch, wenn sie gesprochen wird (statt nur ge¬
2222 2063 3313 2137 dacht zu werden). An Merkmalen sollte man sie spüren
2277 2106 2760 2187 statt an Mitteilungen.
2256 2171 3309 2236 Kein Schmatz ohne Schmuß Ich stelle mir vor,
2213 2219 3311 2281 daß die zwei Leute, wenn der Vorhang nach einer
2220 2272 3309 2322 Umarmung fällt und Wilderes folgt, immer noch
2223 2312 3305 2391 über jede Einzelheit schmußen, während sie begangen
2225 2366 2340 2428 wird.
2270 2417 3295 2468 Immer noch in dieser Sprechform Schnitzlers. Auch
2223 2455 3301 2514 sie hat zwei Seiten. Ich gewahre vieles, was unleicht,
2221 2508 3307 2562 holprig geprägt ist. Doch ... wäre das gut geprägt,
2225 2553 3303 2608 sehr schlagend geprägt, besonders deckend geprägt:
2224 2602 3305 2648 dann beschuldigte man ihn der Ausländerei. Zudem
2219 2652 3299 2714 hat er, als Dramatiker, nur die Verpflichtung, so un¬
2219 2700 3307 2752 vollendet und nachklappend reden zu lassen, wie wir
2228 2748 3037 2807 meistens im Alltag wirklich sprechen. ...
2267 2786 3307 2842 Er will aber doch etwas feiner sprechen lassen; legt
2227 2854 3301 2906 also gewisse Wendungen einem berufsmäßigen Schrift¬
2224 2893 3297 2961 steller in den Mund —— und aus alledem ergibt sich
2228 2955 3302 3005 ungefähr: Zeitungsüberlieferung von der blauen
2232 2996 3047 3052 Donau mit etwas Seelengeträuf zwischen.
2269 3041 3311 3094 Manchmal sehr fein. Doch Oskar Blumenihal saß
2224 3101 3312 3144 in einem Schaukäfig — dies nannte man vormals
