3484 4384
1311 201 1800 295 box 25/2
284 198 1190 299 20. Zuischenspiel
200 1339 1583 1402 icht bemüht Stellung dieser zwei Männer hat sich indes in
480 1391 1587 1444 einer Außerlichkeit verändert. Reinhardt, dem wir
481 1455 1589 1502 alles Gute wünschen, und dem die gesamte Kritik fast
187 1429 457 1519 Freund sind
479 1484 1584 1555 einmütig seit langer, langer Zeit den Weg ebnet,
220 1494 459 1559 zu lassen
481 1533 1580 1581 hat nun für das Grundstück des Theaters Käufer auf¬
191 1543 458 1606 ologe, mit
493 1594 1596 1645 gebracht — und die Banken haben neben seiner von
200 1593 459 1655 nke an den
488 1628 1588 1689 uns allen gepriesener Tüchtigkeit auch anerkannt, daß
218 1636 457 1698 könnte ja
485 1680 1588 1740 jene Bodenflächen der Wertsteigerung entgegensehn.
234 1686 458 1751 Nein, sie
488 1722 1593 1790 Wir sagen: Quod felix faustumque sit — und halten
209 1734 461 1804 edanke —“.
489 1769 1588 1832 uns an die künstlerischen Leistungen der zwei Männer.
489 1824 1596 1887 Brahms Schnitzler=Aufführung war nicht eine von
202 1814 465 1894 inliche Lust¬
494 1879 1592 1937 seinen allerbesten ... was tut es? er bleibt eine
190 1872 455 1943 sh, er hat jetzt
482 1926 1585 1973 nicht zu unterschätzende Macht. Brahm bewirkt die
190 1926 469 2003 ß ihm dies
496 1965 1589 2025 dümmsten Artikel zugunsten Reinhardts noch immer,
196 1975 452 2045 po die Leute,
490 2014 1590 2083 die längsten, in denen aus Wut gegen den wahrhaft
203 2025 466 2086 , anfangen,
496 2057 1585 2129 bedeutenden Mann der Ibsen= und Hauptmann¬
209 2076 461 2135 ymmetrie zu
492 2122 1588 2169 periode Unglaubliches zusammengeschrieben wird. Wie
202 2119 458 2187 lange Zeit)
496 2172 1596 2229 dem Brahm solche nicht beabsichtigten Huldigungen
200 2173 456 2230 kirierte. II y
488 2220 1582 2271 dargel racht werden, ist sehr drollig zu sehn. Ihr
199 2212 460 2282 er weiß: es
497 2252 1593 2313 aber, junge Leute, die ihr einen Maßstab sucht,
205 2265 461 2334 ersonen des
500 2301 1590 2369 seid heiter, betrachtet dies alles lächelnd und unter¬
496 2343 1596 2408 scheidet wohl: Man soll den prachtvollen Reinhardt
205 2356 325 2423 mit
343 2358 463 2423 nigen
504 2394 1599 2458 loben, weil man sein Aufkommen wünscht; nicht
358 2412 468 2478 hein¬
499 2449 1590 2515 aber, weil man vor Brahms Wiederaufkommen
373 2442 470 2513 den
498 2495 1587 2568 zittert... Der Unterschied zwischen einer femininen
360 2501 469 2567 übsch
508 2543 1597 2611 „Kritik“ und einer geistigen Kritik ruht darin: diese,
337 2551 470 2617 Ziener
504 2583 1590 2657 die geistige, grollt dem Brahm oft wegen seiner
375 2597 479 2661 daß
506 2636 1596 2715 Schwächen; die andre wegen seiner Leistungen.
213 2649 468 2714 rchitektonisch
583 2703 631 2751 0.
262 2700 341 2754 blo
358 2699 466 2753 die
553 2706 1601 2796 Also das Tempo war vorzüglich. (Vielleicht zu gut
210 2744 466 2805 ibt für mich
511 2778 1602 2857 für das Darlegende mancher Stellen.) Bassermann
214 2793 472 2860 isch (bis auf
513 2836 1602 2898 gab den Musiker. Er ging von dem „ungezogenen
201 2844 477 2905 ung) — und
513 2875 1589 2951 Jungen“ aus, der in ihm steckt — ich sage nicht, ob
202 2881 470 2951 rt nicht viel
517 2920 1598 2990 mit Fug, jedenfalls mit großem Glück. Das Feinste
201 2933 471 3005 großen Nora¬
517 2966 1604 3043 seiner Darstellung war die leichte Hybris eines nicht
212 2985 470 3050 ularisierung.
510 3015 1598 3088 sehr widerstandsfähigen Charakters. Zugleich das
194 3040 484 3093 tionen, von
506 3069 1599 3139 Warme einer solchen Natur; ein Verlangen, das nicht
215 3077 483 3153 Unterart der
520 3131 1599 3185 lichterloh, sondern ungezogen und nicht zu halten ist;
512 3160 1604 3239 die Psyche eines Menschen, die nicht zuletzt durch
205 3148 480 3238 bebensstücken
516 3203 1602 3270 Künstlerschaft verwöhnt ist. (Technisch gesehen: in den
211 3222 467 3300 Rose Bernd“
528 3253 1607 3323 Linien dieser räkelnd-launenhaften Körperbewegungen
526 3303 1604 3375 lag es. Sogar in den Linien der Stimme, in den
505 3357 1611 3434 gezogenen Tönen, einer ungezogenen Gezogenheit, die
211 3356 493 3437 hr allem das
217 3388 1616 3483 nhardt. Die nicht gut anders kann, die sich gegen etwas sträubt,
2143 1319 3263 1387 dann begütigen möchte ... und doch der Lockung
2150 1364 2988 1424 unmutig=triebhaft nachgeht. Glänzend!)
2296 1406 3251 1482 Die Frau ist dies alles nicht so sehr, zunächst,
2161 1460 3254 1521 weil sie einen Jungen hat — sie muß erst auf den
2164 1511 3260 1571 Punkt getrieben werden. Sie hat also mehr Lei¬
2154 1551 3262 1618 dendes als Verlangendes. Dies Leidende gab die
2158 1598 3263 1677 Triesch viel überzeugender, für mich, als das Ver¬
2155 1639 3265 1709 langende zuletzt. Es ist ja auch wertvoller für diese
2156 1706 3264 1762 Cäcilie. Das Dunkle bleibt das Wertvollste der Triesch.
2162 1744 3262 1811 Lange lebt im Gedächtnis, wie sie, in einem Bahr¬
2153 1797 3260 1867 schen Stück, als scheidende Gattin, Veilchen mit Namen,
2167 1848 3263 1915 am Schluß zur Tür hinausgeht. Eine Trauer mit
2168 1891 3261 1961 geschlossenen Lippen; eine Trauer, der etwas ver¬
2164 1930 3261 1995 loren gegangen war ... schweigend verloren. Ahn¬
2162 2000 3264 2053 liches war hier, aber nicht so vollkommen. Und am
2169 2033 3262 2102 stärksten bleibt diese Frau doch, wenn sie los¬
2164 2086 3267 2147 bricht und klagschreit; im ganz großen Schmerz
2170 2143 3251 2204 ist sie gewiß die Größte. Diese Trauer jedoch eines
2170 2174 3261 2253 Zwischenspiels, will sagen: einer Zwischengattung, die
2176 2226 3255 2285 nicht mehr Tragik ist und noch nicht Gleichgültigkeit:
2171 2281 3264 2348 die gibt ihr kaum den Anlaß, ihre wahre Macht zu
2165 2333 2365 2403 wecken.
2210 2358 3262 2442 Reicher gab den Dramatiker, Albertus Rohn. Er
2166 2427 3266 2489 wiederholte, recht bequem, einen Journalisten, den
2173 2492 3204 2533 er im letzten Stück der Rosmer gemacht hatte....
2213 2531 3276 2591 Herr Grunwald als österreichischer Fürst war un¬
2180 2568 3260 2639 gefähr ein norddeutscher Techniker. Doch er ging. Was
2168 2616 3261 2686 aber unter keinen Umständen geht, ist die Darstellerin
2174 2666 3265 2723 der Friederike, der Verführerin des Musikers.
2171 2723 3267 2775 Diese Hypothek auf dem Ruhm des Brahm=Theaters
2170 2764 3268 2827 sollte (außer in Jargonrollen oder im Schwarm)
2169 2806 3264 2868 nicht auftreten. Es fällt einem schwer, so etwas zu
2177 2856 3267 2922 schreiben, aber die Sache will's. Von Hofmannsthals
2181 2907 3273 2960 Aquilina bis zur Traumulusgattin ... eine Kette
2173 2954 3136 3017 furchtbarer Erinnerungen. Das Maß ist voll.
2662 3024 2785 3100 620
2432 3119 3030 3221 „Der Froschkönig.“
2321 3213 3119 3266 Romantische Komödie von Dietrich Eckart.
2177 3259 3263 3336 Erste Aufführung im Königlichen Schauspielhaus.
2230 3332 3268 3389 Die romantische Kreatur in dieser Komödie eines
2178 3392 3276 3465 Neulings ist der fremde Herr. Woher er stammt,
