3484 4192
1281 123 1735 216 box 2575
219 141 1117 237 20. Zuischensniel
1433 722 2368 790 Sprunge steht, es zu erleben. So fand das ganz
493 713 1347 833 4= Bunst und Wissenschaft.
1446 760 2364 839 ibseusch gedachte, fast möchte man sagen: gemachte
1434 802 2362 862 Stück auf der ausgesprochenen Ibsenbühne eine
510 824 1415 896 1 —u. Im Lessing=Theater ging gestern
1424 847 2359 906 Wiedergabe, die an seinem Sinne ganz vorbei¬
482 858 694 915 Arthur
765 872 1410 932 s Komödie „Zwischen:
1436 875 2363 940 tastete. Hätte nicht Reicher als der mit dem
486 873 1407 969 spiel  Szene. Der rein ge¬
1424 920 2360 965 Leben konkurrierende Dramenschreiber seinen fei¬
489 947 1412 1004 dankliche und darum in der Bühnendarstellung
1433 964 2363 1006 nen Humor spielen lassen und Grunwald in
474 991 1407 1041 schemenhaft erscheinende Charakter des Werles
1429 993 2363 1060 der Episodenrolle des fürstlichen Liebhabers dis¬
481 1024 1411 1080 trat diesmal im Vergleich zur ersten Aufführung
1426 1035 2359 1099 kreteste Wirklichkeitskunst geboten, man wäre kaum
486 1064 1401 1121 weniger hervor, weil der gestrige Darsteller des
1421 1073 2355 1135 auf den Gedanken gekommen, einer Darstellung
474 1098 1404 1158 Kopellmeisters Adams mit derberen theatralischen
1418 1110 2361 1182 des mit Recht viel gerühmten Brahmschen
479 1138 1411 1192 Mitteln arbeitele als Bassermann, der, seiner Be¬
1416 1148 1882 1214 Ensembles beizuwohnen.
483 1175 1438 1249 gabung gemäß und im volligen Einklang mit der #.
486 1210 1406 1282 Schnitzlerschen Konzeption, auch diese Figur ganz
476 1249 1413 1319 als seelisches Problem gefaßt hatte. Herr Heinz
466 1286 1410 1351 Monard aus München, der, wohl als Bewerber
479 1332 1410 1393 um Bassermanns Erbe, gestern gastierte, spielte
469 1365 1411 1419 den Wahrheitssanatiker der Ehe lediglich im Stile
474 1401 1410 1472 des gesetzteren, teilweise sogar jugendlichen Lieb¬
468 1437 1404 1504 habers. Er übernahm dabei viel von den Re¬
472 1485 1403 1537 quisiten des jungen Kainz und hätte doch, wenn
468 1520 1403 1579 er schon eines Vorbildes bedurfte, hier aus dem
2519 1505 2919 1603 Telephon 12801.
462 1568 1406 1624 Arsenal des gereisten Charatteristikers Kainz sich
468 1588 1409 1664 die Waffen holen müssen. In die äußere Physiog¬
467 1635 1397 1699 nomie kam ja durch seine träftigen Töne, seine
460 1666 1403 1735 energischen Bewegungen, seinen stellenweise durch¬
468 1704 1405 1759 brechenden Humor, der manchmal freilich mehr wie
1912 1684 2905 1797 ne Ereeimn
455 1746 1402 1804 Selbstverspottung klang, eine größere Belebtheit,
1774 1771 2927 1846 □ l. österr. behördl. konz. Unternehmen für Zeitungs-Ausschnitte
534 1792 1393 1852 aber dem träumerischen, weichlichen Dichter
452 1829 1406 1902 wurde damit sicherlich kein Dienst geleistet. Viel¬
1946 1834 2826 1935 Wien, I., Concordiaplatz 4.
456 1868 1388 1915 leicht merkte Frau Triesch dieses Mißverhält¬
453 1906 1390 1962 nis und beabsichtigte nun, die rechte Schnibler¬
2170 1915 2594 1977 Vertretungen
463 1942 1403 2007 Stimmung wieder herzustellen. Aber in diesem
1813 1951 2924 2027 0 in Berlin, Budapest, Chicago, Christiania, Genf, Kopen¬
461 1979 1390 2030 Bestreben verfiel sie in das andere Extrem: sie
1780 2000 2930 2066 hagen, London, Madrid, Mailand, Minneapolis, New-Vork,
462 2015 1391 2091 wurde sozusagen ganz körperlos, gab nur klingende
1799 2039 2899 2106 0 Paris, Rom, San Francisco, Stockholm, St. Petersburg.
459 2045 1384 2122 Worte und schöne Satzperioden und blieb uns die
2168 2087 2576 2145 (Quelienangabe ohne Gewähr.)
461 2105 1380 2159 große Sängerin schuldig, die in Gedanken längst
457 2133 1390 2203 untreu ist, mit ausgebreiteten Armen des Wun¬
1775 2104 2831 2213 75 Ausschnitt ausgliche Hündschan, Berkte
444 2160 1402 2258 derbaren harrt und gleichsam iumer auf dem
2018 2220 2241 2302 12.1907
1774 2261 2017 2321 E vom:
1971 2353 2566 2435 Aus dem Kunstleben.
2040 2423 2466 2500 Leeeing-Cheater.
1785 2472 2734 2573 Neu einstudiert kam gestern Schnitzler
2740 2470 2811 2569 4
1714 2515 2688 2579 Komödie „Zwischenspiel“ zur Aufsührang.“
1719 2574 2795 2621 ffein und hübsch manches ist, das Ganze verläuft
1732 2617 2791 2676 ergebnislos im Sande. Weder Zuschauer noch Ver¬
1719 2668 2800 2730 fasser wissen am Ende, wo den Personen auf der
1731 2701 2792 2761 Bühne der Kopf steht. Über Ehe und Freund¬
1723 2743 2783 2808 schaft ist unendlich vieles geredet worden. Aber wo
1719 2797 2795 2840 Auseinandersetzungen über solche Gebiete nicht von
1714 2834 2793 2897 bestimmten Umständen und klar bezeichneten Ver¬
1715 2878 2783 2929 hältnissen ausgehen, werden sie sofort haltlos und
1722 2925 2792 2979 ungreifbar. Hier ist fast alles in den Wind ge¬
1713 2966 2800 3012 sprochen, eben weil fast alles nur Gerede ist, ohne
1719 3006 2800 3071 bestimmtes Rückgrat in den Handelnden oder der
1724 3053 2795 3106 Handlung. Frl. Triesch mit ihrem klagenden,
1724 3096 2791 3163 gedehnten Weheton konnte uns die Frau mit
1722 3148 2791 3202 dem langen Geduldsfaden, die an den Liebschaften
1711 3188 2787 3241 ihres Mannes fast kuppelnd mithilft, auch nicht
1722 3231 2786 3295 näher bringen, und Herr Monard a. G. war ge¬
1719 3276 2786 3324 neigt, mit kleinen Scherzchen und äußerlichem Ton
1710 3313 2777 3389 aus der Naivität seiner Rolle herauszufallen. Herr
1713 3366 2787 3427 Grunwald gab einen jugendlichen Fürsten
1718 3408 2781 3458 recht gezwungen und unfrei in Haltung und Sprache.
1711 3457 2788 3514 Einen saftigen Ironiker aber stellte Herr Reicher
1714 3489 2821 3579 in seinem Schriftsteller hin, der fast schon darüber!
1705 3545 2545 3594 hinaus ist, irgendetwas ernst zu nehmen.
2464 3589 2801 3653 4 —
