3532 4224
1383 96 1835 201 box 25/6
334 132 1235 218 20. Zwischensniel
440 450 1695 540 Ausschnitt aus: Menfessplatt aus Böhmen, Prag
452 582 585 633 vom
584 561 1564 661 „Zwischenspiel". Nach langer Pause er¬
572 637 1561 693 schien wieder Schnitzlers lauwarme, spin¬
588 685 622 740 ti
631 680 1556 759 erende Komvore auf der Bichnedie sich
564 746 1552 803 Under als ein Kunstwerk, denn vielmehr als
571 786 1558 853 der Beweis des Abstiegs eines Dichters dar¬
571 844 1550 904 stellt. Die Melancholie dieser Komödie teilt sich
564 876 1566 951 dem Zusachuer mit und entläßt ihn mit dem
569 936 1584 990 Mißbehagen der Nichtbefriedigung. Die Dar=
576 982 1554 1051 stellung und Inszenierung tat ihr Möglichstes“
562 1015 1552 1079 um dieses Mißbehagen zu mindern. Herr
561 1070 1560 1131 Mühlberg und Frl. Thetter konnten es
566 1127 1160 1202 aber dennoch nicht bannen.
1426 1134 1541 1207 F.
1067 1186 1409 1231 — FE
602 1868 841 1948 12/R7 191
845 1892 1575 2014 Bebemia, Prag. Abendblatl.
987 2010 1363 2135 Theater.
833 2133 1688 2200 hnitzlers „Zwischenspiel“ Konstruktion!
673 2179 1674 2249 GaberegArbeit, sichere Linien
666 2242 1658 2293 und gefällige Führung. Aber Konstruktion, aus¬
674 2276 1672 2332 geklügelte Phantasie, berechnetes Leben! Fein¬
678 2316 1663 2383 stem künstlerischem Empfindungsausdruck steht
666 2366 1662 2415 szenische Mache an der Seite. So muß auch
666 2408 1656 2466 die Darstellung schwanken, und es ist nicht
667 2455 1666 2526 leicht, das Menschenpaar des ersten Aktes in
664 2494 1670 2552 den folgenden glaubhaft wieder zu finden. Daß
674 2534 1675 2601 es Fräulein Thetter fast restlos gelang,
666 2591 1675 2646 dann nicht nur dem Dichter und ihrem Gatten,
669 2631 1654 2684 auch dem Zuschauer als eine andere zu er¬
673 2679 1652 2729 scheinen, gab erst dem Stücke Steigerung und
670 2716 1658 2787 Spannung. Ohne vergessen zu lassen, daß
673 2767 1658 2826 Cäcilie ja von der Bühne stamme, fand sie
673 2799 1679 2865 zwischen Intrige und Stimmung mit leise an¬
670 2849 1655 2903 geschlagenem Pathos den richtigen Weg, den
674 2884 1665 2950 endlichen Mißklang seelisch zu begründen. Sie
674 2933 1660 2995 zeigte sich hier im modernen Sprechstück von
671 2974 1107 3034 ihrer besten Seite.
1168 2987 1654 3039 Umgekehrt fand Herr
679 3025 1667 3089 Mühlberg als Kapellmeister nicht so treffend
670 3064 1688 3148 diesen Uebergang vom kühlen Gatten zum
681 3114 1665 3175 feurigen Liebhaber: sein stürmisches Werben
677 3153 1664 3216 litt unter der Pose der guten Haltung, derer er
678 3189 1667 3260 sich befleißte. Den Dichter — oder sein ironi¬
679 3237 1663 3305 sches Gegenbild — verbarg Herr Koch unter
1660 3288 1707 3335 g
678 3290 1660 3342 gut pointierter Maske: der trockene Humor
677 3341 1667 3395 des Literaten verbrämte sich mit wirkungsvoller
673 3382 1721 3437 Schnoddrigkeit. Seine elegante Gattin war Frl. f##
667 3414 1659 3466 Hübner. Herr Romanowsky gab den
1663 3457 1727 3514 6
675 3466 1666 3516 fürstlichen Liebhaber: jeder Zoll entsprach dem
681 3513 1668 3591 Ideal des Dichters und beschämte die Wirk¬
686 3546 866 3623 lichkeit.
2507 134 2729 234 K 18
2622 246 2944 329 Deutsches
2448 284 3162 404 - APRGtkeutsche Kumdse
2826 392 3017 469 Wien
2254 487 2967 614 Kunst und Bühne.
2729 592 3127 662 Wien, 31. März.
2162 647 3148 719 Burgtheater. Ueber Artur Schnitzlers=Büh¬
2078 696 3155 752 genarbeiten schreibt Max Geißler# seinem Führer
2082 733 3162 795 durch die deutsche Literatur des zwanzigsten Jahrhun¬
2077 785 3162 832 derts: „Stücke rein psychologischer Geltung sind eine
2083 825 3156 871 Erfindung, die auf der Schwelle des Jahrhunderts ge¬
2091 867 3151 908 macht wurde — als die Herzen verödeten. Deshalb ist
2083 910 3239 990 Schnitzler auch einer jener Poeten, die schon an der
2073 958 3141 1017 Poesié vorüber sind, die mit dem Herzen gemacht wird.
2079 994 3143 1045 Er macht sie mit dem Verstande, macht sie sehr über¬
2093 1045 3146 1087 legen und verrechnet sich eigentlich nur dort, wo er im
2089 1090 3152 1146 Drama Handlung durch Psychologie ersetzt. Es ist also
2969 1131 3156 1186 — 1925
2096 1131 2965 1172 rechnerisch alles richtig an ihm und dennoch
2095 1166 3147 1245 sind all die hellen Modekerzen ausgegangen. Und die
2077 1216 3155 1265 weiter brennen, sind von anderer Art ... Trotz den
2088 1266 3146 1335 schlimmen Erfahrungen, die das Burgtheater mit dem
2094 1322 3156 1364 „Einsamen Weg“ dem „Weiten Land“ und der „Ko¬
2091 1347 3142 1403 mödie der Worte“ gemacht hat, scheint es sich noch
2081 1382 3145 1436 immer nicht zu jener Erkenntnis durchgerungen zu
2085 1429 3152 1475 haben und es fühlte sich sogar verpflichtet, das ganz auf
2081 1475 3151 1525 psychologische Verkünstelung gestellte „Zwischen¬
2094 1519 3150 1573 spiel“, das dramatisch nie lebendig gewesen ist, neu
2077 1561 3152 1609 einzuüben, nur damit es die Schweizer mit einem
2089 1599 3150 1656 frisch lackierten Schnitzler=Stück beglücken könne. Die
2081 1655 3147 1706 gestrige Wiederaufführung war also gewissermaßen
2088 1690 3161 1732 eine öffentliche Hauptprobe für die Schweizer Gastspiel¬
2090 1739 3146 1792 reise des Burgtheaters und Felix Salten wird alle
2086 1777 3144 1820 oratorischen Künste aufwenden müssen, um den Schwei¬
2079 1814 3149 1871 zern einzureden, wie fein, wie tief, wie geistreich und
2093 1868 3152 1916 unterhaltsam die quälende Langweile ist, die von die¬
2086 1913 3148 1960 sem in frostigste Herbststimmung getauchten Schnitzler¬
2090 1950 3148 2008 Stücke ausgeht. Die früher von Josef Kainz gegebene
2083 1997 3150 2047 Rolle des Amadeus spielte zum ersten Male Herr
2082 2040 3141 2091 Harry Walden, ohne dem schwankenden Charakter
2094 2078 3151 2119 dieses neurasthenischen Gernegroß mehr geben zu kön¬
2086 2115 3146 2170 nen als seine aalglatte Allerweltsliebenswürdigkeit.
2084 2163 3145 2208 Fräulein Marberg hatte von Frau Witt die Rolle
2086 2205 3139 2261 der Cäcilie übernommen und stattete sie mit allen
2084 2253 3142 2292 Widersprüchen einer komplizierten Frauenseele aus.
2094 2289 3144 2341 Den einzigen Lichtblick im Grau und Grau dieser psy¬
2089 2337 3151 2383 chologischen Experimental=Dramatik gewährte der
2088 2353 3168 2432 burschikose Albertus des Herrn Treßler. Sonst be¬
2091 2420 3147 2469 deutet die Vorstellung just keinen Ruhmestitel des
2084 2468 2484 2535 Burgtheaters
2413 2773 3251 2912 #fi ISine Freie Presse, Wien
2210 2953 2999 3025 Theater= und Kunstnachrichten.
2106 2983 3209 3059 [Burgtheater.] Artur SWlers Komödie
2044 3056 3197 3113 Zwischenspiel“ ist in neuer Einstudierung wieder auf¬
2045 3088 3198 3156 Elommen worden, ein zartepsychologisches Werl, das uns
2049 3144 3186 3197 etzt in der Grellheit der Ereignisse, die uns täglich um¬
2041 3172 3200 3245 chwirren, merkwürdig zeitentrückt anmutet. Die Darstellung
2049 3213 3191 3288 jält den Ton vornehmer Ueberlegenheit fest; man möchte ihn
2045 3251 3191 3317 tur, gerade bei der Art dieser Kömödie, ein wenig heimat¬
2051 3290 3201 3369 scher gefärbt wünschen. Herr Walden hat die Rolle des
2047 3334 3194 3407 lmadeus, eine Kain:= Partie unvergeßlichen Andenkens,
2047 3375 3202 3450 ibernommen. Er spielt sie, ein echter Schnitzler=Interpret, wie
2036 3423 3198 3507 „nan seit der „Komödie der Worte“ weiß, mit jener grübleri¬
2048 3466 3189 3550 ichen Anmut, die der Dichter meint, zum Schluß mit er¬
2057 3502 3193 3578 hreifender Innerlichkeit. Fräulein Marberg ist eine Cäcilia,
2053 3568 3202 3614 die uns in den sinnenden, nicht minder wie in den leiden¬
2042 3594 3199 3661 Schaftlichen Momenten zu fesseln weiß. Herr Treßler bringt
2047 3634 3199 3690 Als der geistreich räsonierende Dichter Albertus Rhon er¬
2054 3665 3195 3744 Fünschten Humor in die Seelenirrungen und Wirrungen,
2048 3714 3202 3788 Herr Romberg gibt, in der theaterkräftigsten Szene des
2046 3754 3203 3847 Btückes, den Fürsten Sigismund ebenso taktvoll wie wirksam,
2059 3803 3206 3868 Frau Kallina ist als Gräfin Friederike von mondainem
2050 3847 3212 3932 Reiz. Das Publikum nahm das Werk und die Darstellung
2052 3897 2728 3960 nit Inieresse und Beifall emgegen.
3024 3907 3181 3988 SrieKangen
3201 3391 3263 3492 0
