3436 4352
396 146 1348 230 Am letzten Dienstag fand im Burgtheater der erste
306 190 1369 272 Fremierenahend statt. Zwei Werke französischer Antoren gingen
315 247 1373 318 n Szeue: „Der Schleier des Glücks“ von Clemenceau und
324 285 1370 374 „Das Rätsel“ von Hervien. Mein Kollege mit dem kritischen
322 335 1371 417 Richtschwert hat den Einakter und Zweiakter vorgenommen.
309 376 1382 462 Was mich an dieser Stelle ve#mlaßt, eine Angelegenheit des
322 434 1385 494 Theaters zu diskutieren, ist der sonderbare Ukas der Hof¬
323 473 1380 543 ###eaterbebörde, der am Tage nach den genannten Erstauffüh¬
338 531 1374 589 #ingen in die Deffentlichkeit hinausdrang. Für außer¬
324 564 1395 641 Jedentliche Vorsteillungen in den Hoftheatern sollen
328 615 1394 684 ##uftig#le Sitzkategorien eine Preiserhöhung erfahren,
329 657 1390 729 #### auch die Gateriesitze, an die bisher der Großsäckelbewahrer
332 707 1398 792 richt rührte. Diese Entscheidung wirhelte im Publikum Staub
325 751 1396 826 auf und die Tagespresse übte Kritik an der Ordre aus der
317 800 1396 877 Kabinettskanzlei des Freiherrn von Plappart. Ich werde des¬
321 842 1406 948 Palb hier die andenoeitig vorgebrachten Argumente gegen diese
324 880 1416 968 „Verteuerung des Kunstgenusses“ nicht wiederholen, schon*
322 955 1403 1028 deshalb nicht, weil ich die meisten Premierenveranstaltnagen
320 1005 1401 1062 des Herrn Direktors Schleuther nicht als erlesene Kunst¬
338 1041 1398 1107 zenüsse zu erkennen vermag. Ich bin von der gegenwärtigen
333 1093 1409 1159 Leitung des Burgtheaters gegen Ueberraschungen abgestumpft
329 1143 1410 1197 worden und deshalb setzte mich auch der „Friede“ nicht in
329 1185 1413 1249 Erstaunen, den Direktor Schleuther mit Arthur Schnitzler
335 1231 1394 1311 und der ganzen, lange schnoddrig behandelten „Heimatskunst“
337 1283 1399 1356 abzuschließen für gut befand. Einigermaßen verwundert bin
332 1334 1407 1396 ich doch. Der Direktor des Burgtheaters überläßt der Gene¬
330 1373 1411 1458 ralintendanz der Hoftheater die Entscheidung über die Klassi¬
337 1440 1410 1493 sikation der Novitäten und des ganzen Repertoires. So
332 1470 1417 1537 wie es Droschken „erster" und „zweiter Güte“ gibt, sollten
342 1517 1414 1594 künftig „außerordentliche" und „gewöhnliche“ Vorstellungen
341 1570 1413 1654 ristieren und der Theaterzettel wird das p. t Publikum
347 1614 1413 1683 von dieser hochobrigkeitlichen Aichung eines Po### werkes in
335 1663 1418 1748 Kenntnis setzen. Eine neue Bevormundung in Geschmack¬
342 1713 1418 1779 sachen und literarischen Dingen. Ich bin sehr neugierig, welche
333 1760 1423 1828 Note Schleuthers Busenfreund Gerhard Hauptmann von der
337 1826 1428 1881 behördlichen Punzierungsstation der Dichter bekommen wird.
338 1861 1413 1918 Der Autor der „Rose Bernd“ ist bei der löblichen Sitten¬
346 1905 1419 1973 kommission schlecht angeschrieben, die möglicherweise Gustav
342 1968 1422 2026 Davis, Schönthan, Mosere tutti quanti höher bewertet als
340 1994 1422 2075 die Stürmer und Dränger, die Probleme auf die Bühne
341 2049 1431 2119 bringen, gefährlich für Komtessenohren oder unangenehm für
355 2094 1431 2174 Exzellenznerven. Schon am letzten Dienstag merkte man den
357 2157 1424 2216 intendanzlichen Stempel. Clemenceau und Hervien wurden zu
355 2189 1430 2264 gewöhnlichen Preisen aufgeführt. Ich greife dem Kritiker der
360 2240 1424 2314 „Montags=Revne“ nicht vor, doch darin glaube ich der Zustim¬
355 2293 1431 2358 mung meines Kollegen sicher zu sein, wenn ich der Hoftheater¬
353 2340 1426 2406 behörde das Recht abspreche, Unterscheidungen zwischen den Dich¬
354 2394 1430 2465 tein, die ihre Werke dem Burgtheater übergeben, vorzunehmen
357 2444 1428 2509 und vor der Premiere ein Urteil gewissermaßen vor den Augen
357 2487 1427 2542 der Wiener auf dem Theaterzettel zu affichieren. Darin liegt
362 2534 1434 2594 eine Ungehörigkeit, eine Anmaßung, zu deren Abwehr Direktor
359 2584 1353 2643 Schleuther in allererster Reihen berufen gewesen wäre.
467 2634 1450 2692 In der Hofoper soll dasselbe Verfahren zur Anwendung
357 2673 1449 2752 kommen. Dort liegen jedoch die Sachen anders, dort waltet
356 2724 1437 2804 eine Persönlichkeit ihres Amtes, die jede Einmischung zurück¬
371 2791 1430 2843 weist und die bis hoch hinauf den Mut findet, ihre Ueber¬
363 2832 1449 2882 zeugung zu vertreten. Mahler würde es nicht dulden, daß
372 2869 1430 2939 man beispielsweise „Salome“ von Richard Strauß als ge¬
375 2936 1449 2980 wöhnliche Premiere ankündigt, während das Tanzpoëm eines
375 2969 1436 3041 Prinzen von Preußen, das heuer seine Erstaufführung er¬
377 3030 1443 3084 leben soll, als „außerordentliche" Vorstellung sigualisiert wird.
465 3058 1455 3126 Wozu also der ganze unnötige Spektakel? Um eine
374 3116 1457 3174 fiskalische Maßregel zu mastieren. Die oft besprochene Frage
372 3163 1447 3224 des Rückersatzes von Geld ei Ersatzvorstellungen drängte zur
383 3219 1460 3273 Lösung und weil die Säckelwarte in den Hoftheatern nicht
371 3254 1461 3318 länger das häßliche System zu verteidigen vermochten, hiengen
381 3310 1458 3384 sie der Sache einen Schleier um. Bei Abänderung einer
380 3349 1454 3431 außerordentlichen, verteuerten Vorstellung wird der Billet¬
375 3508 1461 3581 preis retourniert, auch den Galleriebesuchern, die bisher diese
382 3567 1451 3630 „Wohltat“ nicht genossen. An gewöhnlichen Abenden haben
364 3625 1457 3676 die sanften Wiener nach wie vor zu zahlen und zu schweigen,
379 3662 1452 3722 selbst dann, wenn statt „Fiesco“ von Schiller der „Wirr¬
375 3713 1459 3765 warr“ von Kotzebue eingeschoben, oder wenn statt „Tann¬
366 3765 1462 3809 häuser“ der „Trompeter von Säkkingen“ gegeben wird. Ein
371 3813 1460 3870 Hoch solcher ausgleichenden Gerechtigkeit! Die Hoftheater¬
367 3857 1460 3909 behörde ist in einem Irrtum befangen, wenn sie glaubt, man
367 3908 1451 3964 wird diese verhüllte Frozzelei sich gefallen lassen. Mag der
366 3950 1460 4009 Verfasser des neuesten Ukases wo immer zu suchen sein, er
374 4003 1444 4056 ist sicherlich ein — außerordentlicher Spaßmacher. Denn
374 4040 1458 4120 man hat über seine Einteilung der Vorstellungen herzlich
365 4093 534 4161 gelacht.
1931 1129 2383 1235 AAD
1864 1192 2098 1269 —
1905 1252 2593 1394 „OBSERVER‘
1711 1350 2842 1438 I. österr. behördl. konz. Unternehmen für Zeilungs-Ausschnitte
1929 1420 2643 1528 Wien, I., Concordiaplatz 4.
2133 1498 2444 1562 Vertretungen
1729 1540 2847 1595 in Berlin. Budapest. Chicago, Christiania. Genf, Koperhagen,
1733 1575 2857 1650 Lendon, Madrid. Mailand, Minneapolis, New-Vork. Paris, Rom,
1907 1628 2676 1696 San Francisco, Stockholm, St. Petersburg.
2085 1660 2512 1725 (Qualisnangabe ohne Gewähr.)
2684 1648 2863 1759 onfer,
2268 1670 2681 1820 Sonn v Ponlags
1735 1746 2138 1835 Ausschnitt aus:
1742 1840 1902 1924 vom:
1986 1841 2563 1948 305-
1903 1897 2858 2004 Arger pibt es überhaupt viel im Theaterlihen.
1817 1962 2865 2041 Da sitzt Direktor Weisse in seiner Kanzlei im
1819 2025 2857 2073 Deutschen Volkstheater und sinnt und sinnt,
1814 2057 2870 2122 wie er seiner Bühne interessante Schriftsteller zuführen
1818 2116 2860 2163 könnte, zum Beispiel Arthur Schnitzler. Seitdem
1828 2132 2871 2218 Weisse die Direktionskanzlei auf dem Weghubervark
1820 2189 2859 2261 bezogen hatte, kannte er keinen größeren Ehrgeiz, als
1827 2249 2870 2314 gerade diesen Dichter an das Volkstheater zu fesseln.
1824 2295 2866 2339 Das sollte vor Allem dadurch geschehen, daß man die
1819 2312 2871 2383 älteren Stücke Schnitzlers annahm und einstudierte.
1822 2367 2877 2441 Von „Freiwild“ bis zum „Grünen Kakadn“ gab man
1834 2413 2865 2475 alle Schnitzler=Stücke. Den „Schleier der Beatrice“
1822 2452 2869 2516 konnte das Volkstheater nicht aufführen, da dieses
1827 2508 2866 2558 Stück des Dichters Anforderungen an die Darstel¬
1832 2542 2885 2598 lungskräfte stellt, die selbst das Burgtheater nur mit!
1829 2602 2876 2654 schwerster Mühe hätte erfüllen können, wenn es gewollt
1831 2637 2867 2707 hätte. Aber das Burgtheater und Schnitzler waren
1825 2670 2883 2747 eben wegen dieses Stückes vor Jahren schon auf
1829 2722 2935 2780 einander böse geworden, und sie blieben es auch die 1###
1831 2770 2905 2827 ganzen Jahre her. Damit rechnete eben Direktorsk
1837 2806 2907 2888 Weisse. Da Schnitzler mit dem Hofinstitut durchsk
1839 2860 2921 2912 unüberbrückbare Differenzen entzweit war, konnte er#
1829 2896 2920 2977 auch mit einem neuen Stück nicht zum Franzensringse
1828 2969 2882 3014 kommen. Und der Weg zum Weghuberpark lag so
1839 2985 2911 3064 nahe. Mit besonderem Eifer schickte sich Herr Weisse?
1844 3046 2882 3093 an die Vorbereitung des „grünen Kakadn“, welches
1847 3079 2896 3140 Stück auch jetzt im Volkstheater geprobt wird. Mitten
1844 3130 2875 3197 ldrinnen aber — die Rollen zum „Grünen Kakadu“
1839 3156 2927 3223 waren längst ausgeteilt erfährt der Direktor des d
1832 3208 2928 3259 Volkstheaters aus den Zeitungen, daß das d#
1844 3252 2936 3318 neueste in diesen Tagen vollendete Stück Schnitzlersje
1835 3316 2868 3357 („Zwischenspiel“ betitelt) von der Direktion des ...
1834 3320 2934 3404 Burgtheaters angenommen worden sei. Arthurst
1850 3383 2913 3460 Schnitzler und der Franzensring waren mittlerweile!?
1836 3426 2937 3497 unverhofft und ungeahnt miteinander wieder „gutle
1848 3487 2073 3546 geworden.
1925 3506 2947 3598 Herr Weisse besaß den Takt, den eben in Vor=Ih¬
1846 3572 2887 3657 bereitung befindlichen „Kakadu“ nicht wieder abzu¬
1854 3614 2834 3683 setzen. Das Stück wird nächste Woche aufgeführt
1842 3663 2438 3734 aber Herr Weisse ärgert sich.
