3484 4352
1328 256 1782 359 box 25/1
251 245 1268 383 20. Zuischensniel
158 1226 2131 1303 hmähen natürlich solche im tiefsten Grund jden lasse. In der sehr fein gefehrten Szene stellt sich nun
982 1279 2133 1324 heraus, daß der verehrte Kapellmeister überhaupt keinen Grund
162 1293 970 1359 ben einander denn auch ohneweiters frei.
989 1313 2120 1357 zur Eifersucht hatte, daß Frau Cäcilie nach wie vor „rein“
992 1355 2128 1405 geblieben ist. Herr Amadeus jubelt. Nun ist alles wieder gut,
155 1352 970 1407 eu erwachte Männlichkeit ganz von Philine
995 1384 2136 1443 nun wird die Ehe erst in ihrer Totalität wieder ausgenommen.
163 1392 978 1446 kerkt nicht, daß Frau Cäcilie nur aus Stolz
987 1418 2145 1472 Aber er hat die Rechnung ohne — Nora gemacht. Die neue
171 1435 974 1479 t unterdrückt, ja, daß sie der Verzweiflung
987 1461 2138 1526 Frau hat zulange auf das Wunderbare gewartet; jetzt hat sie
182 1469 973 1522 gt ihr vor, daß alles beim Alten bleibe, der
980 1506 2126 1547 die „Verheißungen“ kennengelernt — ein Kollege, der den
179 1512 974 1561 halt, das gemeinsame Musizieren, der ge¬
995 1541 2133 1593 Onegin mit ihr gesungen hat, war „faszinierend“ — ihr Bub
185 1545 985 1587 in bezug auf das Uebrige erfahren wir ge¬
989 1581 2128 1635 und der Mann, der wahrscheinlich bald wieder in einer Sym¬
167 1572 977 1625 klegenheit von der Frau, daß auch da alles
985 1620 2129 1676 phonie versinken wird, genügen ihren neuen Ansprücken an das
189 1632 957 1671 könne, wie im ganzen letzten Jahr. ...
998 1658 2137 1698 Leben nicht mehr; sie nimmt ein Engagement in Berlin an.
165 1648 978 1709 chimmer nicht, daß er eigentlich nur seine
988 1701 2129 1755 Als Herr Amadeus die Unerschütterlichkeit ihres Entschlusses
175 1700 978 1748 t Philine nur ein kleines „Capriccio“ vorhat.
1572 1741 2132 1804 die gepackte Reisetasche stand
173 1723 990 1797 r bleibt den Edelgatten diesmal doch im
984 1733 1532 1790 erkennt, räumt er das Feld,
990 1781 2139 1833 schon während des ganzen Aktes auf dem Tische. Er verschwin¬
180 1772 980 1838 einer dem Bühnenmanuskript nachträglich
1092 1815 2142 1877 Frau Cäcilie macht eine Bewegung, ihm nachzueilen,
166 1805 976 1883 auseinandersetzung läßt der Autor Frau
985 1814 1101 1866 det.
989 1855 2130 1899 hält sich aber zurück und sinkt weinend am Klavier nieder.
163 1870 978 1933 mals nicht beide gelogen, sondern uns unsre
986 1885 2144 1944 Sämtliche Familienväter und Mütter im Parkett zischen, und
992 1933 2143 1978 Ludwig Hevesi meint schon, der Autor werde wegen des
158 1925 983 1989 ngen ins Gesicht geschrieen, wäre vielleicht
991 1975 1676 2037 Schlusses noch mit sich reden lassen.
167 1971 388 2026 umen
1055 1988 2134 2064 Ich glaube das nicht. Schnitzlers betrübende Komödie ist
170 1988 979 2056 gende Wahrhaftigkeit wäre demnach das
986 2047 2145 2087 von den kuriosen Voraussetzungen aus gradlinig geführt und
168 2045 988 2101 Edelehe gewesen? Möglich; aber Frau Cä¬
989 2085 2138 2139 mußte zu dem tragischen Schlusse kommen. Die Ehe hat
177 2086 979 2141 sie schon ein ganzes Jahr hindurch geschwie¬
1001 2127 2142 2183 Herr Amadeus durch sein erstes Zwischenspiel mit Philine
172 2126 984 2176 hat, was in ihr vorging, und daß sie den
1004 2164 2140 2218 aufgehoben, die treue anspruchslose Kameradschaft hat er durch
171 2173 988 2219 oß mit unbewußter weiblicher List nur dazu
1008 2201 2147 2253 das zweite Zwischenspiel mit seiner eigenen Frau gebrochen.
166 2206 983 2257 nn wiederzuerobern. ... Die „Wahrheit in
1001 2238 2152 2294 Die neue Frau, für die Familie und Kind nichts sind, die sich
169 2240 991 2306 lso doch keine ganz sichere Basis für die
991 2281 2144 2338 gleichfalls ausleben will, muß Gleiches mit Gleichem vergel¬
168 2288 987 2351 weil — die Wahrheitüber Menschen¬
1004 2310 2145 2371 ten „und was der ganzen Menschheit zugeteilt ist, in ihrem
160 2318 321 2383 geht.
995 2365 2138 2412 innern Selbst genießen." Nur die wirkliche volle Ehe schützt
177 2347 989 2421 kt hat das Zwischenspiel mit Frau Philine
990 2390 2153 2456 das Weib vor der Hetäre, die in jeder, zumal in der Künstlerin
181 2404 988 2461 Ende. Herr Amadeus erwartei mit Sehn¬
1002 2439 2158 2498 steckt. Der Mann, der ihr diesen Schutz nimmt, muß sie äußer¬
171 2453 989 2504 die in Berlin, begleitet von ihrem Schatten,
996 2482 2155 2526 lich und innerlich verlieren. Eine Doppelmoral für Mann und
171 2484 991 2536 Enstein, ein dreiwöchentliches Gastspiel absol¬
992 2513 2143 2572 Weib gibt es nicht. Das beste Glück blüht aber doch nur aus
171 2523 999 2568 mmt zurück, schöner als je, mit einem merk¬
1002 2548 2153 2596 der Treue. In der Grundidee seines Stückes stimmt
162 2563 994 2616 n den Augen. Die alte Kameradschaft war
1007 2596 2151 2642 Schnitzler mit dieser altmodischen Auffassung überein. Er ist
173 2607 993 2650 hm täglich acht bis zwölf Seiten lange Briefe
1000 2626 2144 2680 weit strenger und moralisch unerbittlicher als das menschen¬
167 2641 984 2690 über findet sie auch Worte, ihm zu sagen, daß
1007 2667 2153 2727 freundliche Publikum, das die Komödie gar so gerne mit einem
177 2679 991 2738 rwacht sei, daß so viele Verheißungen in der
1002 2709 2146 2766 wienerischen „San mer wieder gut!“ abgeschlossen hätte. Er
172 2722 986 2769 bin heute nicht mehr, die ich war ... oder
1009 2753 2146 2802 stellt sich auf die Seite der Frau, die auch von dem Manne
164 2758 983 2811 mmer dieselbe und habe es nur nicht gewußt;
1005 2789 2158 2840 ein ehrliches Einhalten des Paktes verlangt, und zeigt, daß
175 2796 994 2850 pas von mir abgefallen, das mich früher um¬
1007 2823 2155 2880 Mannesschwäche — in jedem Sinne — ebenso die Ehe zerstört,
186 2840 988 2887 , so muß es sein: denn jetzt fühle ich alle
1015 2869 1437 2921 wie weibliche Untreue.
163 2869 995 2935 er an mir herabgeglitten sind wie an einem
1058 2903 2152 2957 Die Mängel des Stückes liegen in der Konstruierung des
179 2921 992 2969 Panzer ... jetzt fühle ich sie über meinen
1008 2940 2147 3006 ganzen Falls und in der Blutleere der Gestalten, die nur
172 2944 987 2998 Seele gleiten, und sie machen mich beben und
1008 2980 2147 3032 Thesenträger, nur Marionetten sind. Es fehlt ihnen die Geste
175 2991 995 3035 scheint mir voll von Abenteuern, der Himmel
1010 3020 2151 3079 ihres Metiers. Wenn Herr Amadeus Advokat und Frau Cä¬
181 3030 986 3074 strahlend und mir ist als sähe ich mich selbst,
1006 3064 2154 3116 cilie Zahnärztin wäre, könnten sie genau das gleiche tun, er¬
162 3053 992 3115 ebreiteten Armen dastehe und warte.“ Das
1006 3101 2137 3159 leben, sagen wie dieses Künstlerpaar. Von den Musikanten —
168 3095 991 3157 n ihr. Der Reiz erwacht wieder, Herr Ama¬
1003 3128 2154 3204 zumal dreißigjährigen — ist auch schlechterdings nicht bekannt,
159 3146 956 3194 ütend an sich. Der Vorhang fällt schnell.“
1007 3173 2160 3228 daß eine einjährige Abstinenz für sie zu den Selbstverständlich¬
156 3165 978 3231 euen Zwischenspiel erträgt nun das wieder
1006 3211 2159 3267 keiten gehöre. Wenn es ein Metier gibt, das — sonstige Nor¬
162 3220 991 3268 eMännchen den Nebenbuhler nicht mehr. Er
1003 3256 2166 3312 malitäten vorausgesetzt — geradezu mit sexueller Hypertrophie
157 3263 996 3307 Fordern, ganz altmodisch fordern, weil von
1002 3297 2158 3349 belastet ist, so ist es das der musikalischen Emotionen. Auch
174 3307 998 3352 er von der Welt weg muß. Der Zufall aber
1007 3332 2151 3384 die Opernsängerinnen finden sich gemeiniglich recht schlecht in
182 3332 992 3391 st grade auf dem Wege zu ihm ist, um ihm
174 3362 2160 3438 machen, daß er sich von seiner Frau schei¬ ein Nonnendasein. Ihsen hat da auf dem Wege zum Währinger
2152 1233 3308 1292 Cottage sein Lokalkolorit verloren und kein neues gewonnen.
2145 1277 3303 1323 Auch der Dialog mutet von der Bühne herab matt und lösch¬
2142 1310 3295 1369 papieren an. Das Stück hat das Verdienst, die Fragen der ehe¬
2140 1351 3298 1400 lichen Sexualethik neuerlich mit Ernst und Strenge in die
2139 1398 3286 1457 Diskussion geworfen zu haben, als Drama aber ist es arm und
2170 1431 2695 1480 — manchmal — langweilig.
2194 1452 3289 1518 Gespielt wurde mit Bravour. Herr Kainz gab den Ama¬
2139 1500 3285 1563 deus nervös, zerfahren, als echten Neurastheniker, Herr
2148 1543 2328 1599 Korff
2322 1542 3294 1589 den aristokratischen Biederjüngling mit herzlicher
2149 1587 3295 1641 Noblesse, Herr Treßler den Raisonneur Albertus mit einem
2144 1613 3299 1678 leisen Zug ins Parodistische. Frau Witt fiel ips Deklamie¬
2151 1666 3304 1727 ren, was freilich auch der Autor mit seiner stellenweise thea¬
2153 1700 2926 1754 tralischen Diktion auf dem Gewissen hat.
