3436 4352
283 120 1191 238 20. Zuischensniel
1349 126 1784 228 box 25/2
1745 1090 2007 1188 Die Zukunft.
1185 1090 1314 1189 374
1181 1183 2571 1288 teuer dieser Nacht zurück. Warum hatte sie sich ihm nichtgeweigert? Weil ihr
1181 1267 2578 1330 Leib hungerte; weil sie mit dem Gedanken an eine vom Abgrund zupflückende
1191 1344 2566 1400 Wonne zu oft in diesen Wochen gespielt hat. Wars nicht Amadeus, so wärs
1197 1404 2568 1457 ein Anderer gewesen. Vielleicht; oder hätte dann die Gefahr, die Furcht, kompro¬
1190 1446 2558 1514 mittirt zu werden oder ihren Schoß befruchtet zu fühlen, sie noch einmal zurück¬
1189 1507 2577 1578 gehalten? Solche Feigheit wäre kläglich. Muß sie nun sich aber zutrauen. Nicht
1195 1570 2563 1634 nach Amadeus langte sie gestern: nur nach dem Mann. Im Arm des Ehegefähr¬
1192 1631 2565 1686 ten brach sie sich die Treue; brach sie auch ihm. Soerniedert ist sie. Mit ausge¬
1184 1705 2571 1774 breiteten Armen stand sie und harrte in Sehnsucht: und der Zufall wollte,
1181 1761 2570 1833 daß Diesen gerade, dem das Eherecht so lange schon lästige Pflicht schien, die
1189 1818 2565 1875 Lust anwandelte, sie wieder zu besitzen. Nie darf sichs wiederholen. Zwei Men¬
1190 1877 2572 1945 schen, die ihre Ehe nicht vor Unsauberkeit zu wahren, auch ihre Freundschaft
1194 1940 2574 1990 nicht rein zu erhalten vermochten, zwei solche Menschen müssen von einander
1192 2003 2577 2071 scheiden. Da der Schleier der Scham zerrissen ist, webt die Frau aus all den
1184 2056 2576 2137 großen Worten, die der Mann sie gelehrt hat, sich schnell einen anderen. „Das
1183 2141 2570 2194 unausbleibliche Ende sollte unserer Liebe würdig sein; mit einerletzten Selig¬
1190 2195 2569 2257 keit und in Schmerzen sollten wir von einander scheiden. Wir sind einander
1188 2237 2577 2314 so viel gewesen, daß wir uns die Erinnerung daran erhalten müssen“. Die
1188 2313 2567 2365 Schülerin hat den Kursus nicht ohne Nutzen durchgemacht und schwatzt mit
1182 2364 2564 2439 den eingelernten Phrasen sich nun aus dem natürlichen Empfinden, aus dem
1181 2433 2568 2500 Glück. Denn als Amadeus gegangen ist, sitzt die Frau am Flügel und weint.
1266 2550 2555 2606 Das, scheint mir, ist der Inhalt der Komoedie, die Herr Arthur Schnitz¬
1171 2612 2566 2672 ler „Zwischenspiel nennt und die das Lessingtheater aufgeführt hat. (Schlecht
1180 2672 2559 2743 aufgeführt. Caecilie brauchtallen Glanzreifer Weiblichkeit; und Frau Triesch,
1178 2744 2567 2807 die weder schön noch graziös ist, hat nur einen klug die Wirkung errechnenden
1184 2791 2555 2854 Verstand. Einen Regisseurverstand: sie weiß fast immer wie es gemacht werden
1181 2850 2563 2924 müßte, kanns selbst aber nicht machen. Kein Charme, kein Auge, kein Herz; nur
1178 2928 2561 2988 was sich erlernen ließ. Wenn sie aus der Gefahr, der Versuchung heimkehrt und
1180 2973 2568 3045 ihr Kindwiedersieht, ruft sie: „Mein Bub!“ So rufen kalte Spielerinnen, rief
1184 3037 2562 3101 nie eine Mutter. Herr Bassermann war als Amadeus unerträglich. Daß er
1184 3097 2569 3172 jede Rolleresolut als Mannheimer spielt, weiß man nachgerade; under findets
1171 3174 2567 3226 offenbar originell. Die Mischung von pfälzischem und wienerischem Dialekt
1174 3221 2559 3281 wirkt aber allzu widrig. Und die kranke Stimme, die im Affekt nur noch ein
1184 3282 2566 3353 heiseres Gebell leisten kann, und diesmal die aufdringliche Sucht, drollig zu
1185 3336 2560 3409 scheinen und durch Zappelei die Lachlust zu reizen: unerträglich. Dieses feine und
1172 3399 2566 3473 kluge Talent müßte viel vorsichtiger behandelt und nie mit Rollen belastet wer¬
1186 3461 2577 3539 den, die Kraft und Jugend fordern. Die Operngräfin und der Fürst werden
