3484 4352
-5 1647 42 1703 1
1332 210 1785 317 box 25/1
264 205 1190 322 20. Zuischensniel
178 1158 2150 1232 Handelt ist, auf die es ankommt, die Frage, nebstbei doch wieder sehr zerbrechlich und durch eine
183 1202 1059 1269 heängstigend und wie auf einer Goldwage
1079 1210 2151 1269 Lücke fallen wir dann rettungslos hindurch, ins leere
214 1255 1059 1306 durch das Stück pendelt, wie delikat die
1066 1265 2151 1329 Nichts. Als eines der Rätsel und nicht als das
210 1294 1058 1350 behandelt sind, wie nur der Wissende ver¬
1069 1308 2136 1369 kleinste wird vielen die Frau und ihre Tat erscheinen.
237 1349 1059 1407 hier öfters mit halben Worten und er¬
1067 1360 2147 1417 Mit kaltem Räsonnement ist dieser Gestalt auch nicht
188 1398 1061 1462 hfen gesagt und noch mehr, was verschwiegen
1064 1409 2152 1473 beizukommen, sondern nur mit den Imponderabilien
205 1451 1066 1508 ganz eigentümlicher Reiz schwebt in dieser
1072 1457 2149 1515 des Gefühls. Dann aber wohl ganz. Nach allem,
186 1490 1060 1560 die geschaffen scheint, nicht zu reden, sondern
1072 1505 2151 1574 was vorging und was er hörte, mußte ihr Mann
177 1538 1055 1602 keiern. Aber das Grundproblem ist klar:
1068 1549 2140 1616 glauben, tdaß sie gefehlt habe. Daß er sie trotzdem
187 1588 1052 1651 die sich einbilden, ohne Liebe, in sogenannter
1076 1593 2146 1672 in Leidenschaft an sich gezogen hat, verwundet ihr
182 1623 1052 1698 aft leben zu können, und, wie sie meinen,
1071 1649 2153 1709 weibliches Gefühl. Sie fühlt sich tief erniedrigt. Sie er¬
177 1682 1057 1740 kleinigkeit auswärts suchen wollen, die ihnen
1068 1688 2153 1759 scheint vor sich selbst als Mittel zum Zweck. Sie verachtet
192 1727 1058 1792 schen sich Und weil bei Schnitzlers Gestalten
1073 1746 2141 1809 jetzt in Adams den Mann und kann so neben ihm nicht
185 1782 1057 1844 hhmen, wenn man will, seine Konstruktionen,
1059 1799 2148 1861 leben. Darum bleibt sie mit dem Kinde lieber allein. Mit
183 1828 1056 1892 und ihm nie der Mut gefehlt hat, aus
1067 1838 2139 1898 dieser Zartheit und Vertiefung hat Schnitzler noch
183 1858 1057 1939 kraussetzungen auch seine Schlüsse zu ziehen,
1058 1879 2143 1953 keines seiner psychischen Probleme gefaßt. Von allen
189 1924 1048 1991 die Handlung zu dem Ende, das sie im
1058 1939 2135 1993 Blüten, die er bisher im Liebesgarten brach und
190 1974 1053 2043 umt. Nach ihm ist es deshalb unmoralisch,
1072 1985 2146 2043 uns reichte, leuchtet und duftet diese zumeist. Niemals
176 2012 1051 2089 te, die innerlich nicht mehr zusammenge¬
1062 2030 2142 2098 gab er sich noch so vornehm und empfindlich zugleich.
169 2066 1058 2145 tzdem beisammen bleiben, aus Gründen
1080 2087 2136 2149 Schnitzler erinnert hier mehr als an Ibsen, an Hebbel
176 2103 796 2187 chkeit oder der Bequemlichkeit.
1068 2136 2143 2191 und seine Cäcilie an die Gestalt der Rhodope, die
193 2164 1058 2228 haben freilich schon andere vor Schnitzler
1057 2171 2131 2239 durch die Ehe mit Gyges in ihrem verletzten Scham¬
186 2203 1041 2277 lichter und Philosophen. Darin liegt auch
1064 2228 2141 2304 gefühl scheinbar entfühnt, sich trotzdem selbst zum
176 2248 1054 2324 Bedeutung des Stückes. Nicht um den Satz
1068 2267 1370 2332 Opfer bringt.
207 2303 1048 2371 sich, sondern um seine Begründung durch
1166 2292 2141 2386 Darin allein, in dieser Vertiefung eines seelischen
179 2356 1052 2420 kr. Es gibt kaum eine einfachere und schmuck¬
1055 2372 2132 2423 Vorwurfes, erscheint das Stück für Schnitzler und
176 2395 1054 2472 rache, als die des Zwischenspiels“. Und
1069 2406 2132 2481 seine Zukunft bedeutungsvoll. Hierin liegt ein un¬
182 2430 1053 2519 den gar viele das Deutsch nicht verstehen,
1056 2446 2133 2522 geahnter Fortschritt seiner Kunst. Aber nicht seiner
194 2503 1038 2566 gesprochen wird. Sie werden davor zu¬
1067 2515 2139 2575 dramatischen. Denn die Handlung dieses Werkes ist
180 2542 1050 2610 klos bleiben, wie vor einem Buche mit sieben
1062 2558 2136 2622 sehr dünn. Sie ist ebenso geradlinig geführt, wie in
181 2596 1055 2667 Denn um den Kern des Werkes schlingt
1061 2608 2131 2678 seinen übrigen Dramen, ohne eigentliche Verwicklung
180 2639 1050 2713 rkbar ein straffes, logisches Maschennetz,
1055 2657 2130 2727 und ohne Gegenspiel. Im wesentlichen handelt es
208 2688 1054 2745 man nicht täppisch hindurchgreifen kann,
1058 2702 2128 2765 sich auch nur um zwei Personen, um den Kapell¬
180 2726 1046 2813 vielmehr versuchen muß recht behutsam zu
1062 2741 2137 2814 meister und seine Frau; die anderen stehen weit zurück.
172 2770 2138 2878 d trotz seiner inneren Festigkeit ist es! Die Spannung, die ja nicht ganz fehlt, ist doch mehr
2164 1174 3241 1248 eine äußerliche Neugier, wie die Geschichte eigentlich
2168 1226 3248 1292 enden wird, da man das Ende so wenig erraten kann
2166 1278 3251 1332 und auf den ersten Blick auch nicht versteht. Man
2165 1326 3249 1378 kann sich ganz gut vorstellen, daß die Wirkung des
2162 1375 3246 1420 Stoffes in erzählender Form ebenso, wenn nicht stärker
2154 1411 3243 1471 zur Geltung kommt. Auf der Schneide zwischen No¬
2167 1467 3251 1533 velle und Drama, an der auch manches andere Werk
2173 1519 3257 1566 Schnitzlers anläuft, um nicht zu sagen, scheitert,
2162 1561 3244 1617 schwebt denn auch dieses Stück. Dazu kommt ein
2169 1614 3236 1675 Anstrich von Komik, der dem ernsten Werke Gefahr
2153 1649 3239 1716 bringt. Diese Komik liegt in der Gestalt des Fürsten.
2155 1701 3232 1775 Denn ein Mann, der die kochenden Instinkte eines
2151 1745 3233 1811 Eifersüchtigen durch einen wohlgesetzten, akademischen
2164 1804 3231 1856 Speech zu beschwören sucht, noch dazu indem er in
2158 1842 3232 1905 aller Seelenruhe vor unseren Augen ein verkapptes
2152 1901 3246 1962 Dreieck konstruiert, stimmt wirklich heiter. Hinter den
2145 1941 3247 2006 Kulissen mag ja manches geschehen, aber man spricht
2156 2003 3233 2056 doch am hellen Tage nicht laut davon. Durch diese
2161 2047 3238 2107 Szene allein wird der ganze dritte Akt aus dem Gleich¬
2149 2090 2953 2145 gewichte gehoben und schlägt fast um.
2243 2129 3244 2193 Für Kenner Schnitzlers wird das Interesse an
2142 2170 3233 2243 seinem neuen Werke noch durch einen anderen Grund
2147 2239 3231 2288 etwas geschwächt. Manche seiner Gestalten führen ein
2158 2282 3247 2358 eigenartiges Doppelleben, eines in der Vergangenheit
2156 2344 3240 2392 und eines in der Gegenwart. Und ihre Rolle in der
2154 2385 3249 2449 Gegenwart erinnert sie an die der Vergangenheit
2150 2433 3232 2482 (Die Frau mit dem Dolche). Es ist eine Art litera¬
2151 2480 3224 2544 rischer Seelenwanderung und die Gestalten verflüch¬
2151 2524 3219 2588 tigen sich dadurch fast zu symbolischem Wert. In ähn¬
2146 2574 3235 2622 licher Weise treten in Schnitzlers ganzem Schaffen
2145 2615 3224 2683 dieselben Figuren immer wieder in seinen Gesichts¬
2136 2649 3220 2737 kreis ein und in seinen Dramen auf. Einzelne Si¬
2141 2709 3223 2770 tuationen früherer Werke wiederholen sich in späteren.
2143 2756 3227 2834 Hie und da entwickelt sich sogar, wenn auch immer
2147 2801 3229 2898 in interessanter künstlerischer Wendung und Verkürzung
