3484 4256
1317 118 1766 212 box 25/5
253 126 1170 237 20. Zuischensniel
1128 1127 1537 1224 Telephon 12.801.
1159 1226 1343 1312 Di.
428 1242 610 1328 Seneen
652 1269 1279 1379 „UDSERTER
434 1349 1524 1435 I. österr. behördl. konz. Unternehmen für Zeitungs-Ausschnitte
552 1422 1404 1517 Wien, I., Concordiaplatz 4.
755 1496 1193 1571 Vertretungen
435 1523 1513 1604 in Berlin, Budapest, Chicago, Christiania, Genf, Kopen¬
440 1595 1518 1658 hagen, London, Madrid, Mailand, Minneapolis, New-Vork,
471 1632 1487 1686 Paris, Rom, San Francisco, Stockholm, St. Petersburg.
775 1681 1205 1733 (Quelienangabe ohne Gewähr).
423 1720 813 1824 Ausschnitt aus:
823 1757 1491 1869 sangVeltazeitung, Innsbruck
688 1790 828 1875 44P
438 1818 594 1904 vom:
597 1872 959 1967 aresie zur un
580 1937 1579 2036 Zwischenakte. Arthur Schnitzlers geist¬
481 1952 1589 2106 reiche Komödie, welche Ostermontägnder unsere
495 2037 1572 2141 Bühne ging, brachte ein nahezu ausverkauftes Haus.
559 2088 1586 2188 i geistvoll zierlicher Rede führt uns der Autor
493 2120 1589 2241 ein Künstlerehepaar vor, das sich nie etwas ver¬
495 2174 1575 2289 heimlicht, selbst dann nicht, als es etwas zu ver¬
475 2231 719 2306 heimlichen
762 2247 976 2308 hatte,
973 2255 1178 2317 nämlich
1202 2261 1576 2344 eine Neigung
475 2290 1575 2391 2zu einer anderen beziehungsweise zu einem andern.
475 2339 1568 2435 Sie kommen jedoch überein, trotzdem beisammen zu
479 2371 1573 2484 bleiben in ihrem hübschen, gemütlichen Heim, nicht
480 2428 1569 2535 als Ehegatten, sondern als treue Kameraden. Das
468 2479 1558 2572 wird alles so ganz ruhig und ver aulich abgemacht,
466 2534 1561 2634 als handle es sich um eine Tarok= oder Schach¬
476 2573 1582 2683 partie. Wie aber die Sache dann bei beiden oren #
474 2626 1546 2723 zelig zu werden beginut und die ganze Oeffentlich¬
471 2671 1561 2779 keit schon von dem eigentümlichen Uebereinkommen
463 2709 1549 2824 spricht und die Gefahr der Kompromittierung droht,
471 2772 1551 2883 da finden sie sich wieder. Weil aber dann in einem
466 2828 1558 2929 Augenblicke beim Manne wieder die alte Liebe zu
459 2867 1560 2954 seinem Weibe zum Durchbruche gelangt und auch
442 2919 1560 3036 über dieses den Sieg davonträgt, wodurch das reine
441 3013 1539 3152 Freundschaftsverhältnis gewissermaßen entweiht
443 3065 1531 3204 wird, lassen sie sich zwar nicht scheiden, aber auf
440 3111 1536 3249 ihren Wunsch gehen sie zur Läuterung und Strafe,
426 3159 1542 3296 einem Rufe einer Berliner Bühne folgend, er ein
431 3198 1552 3336 Künstlertournee unternehmend, auf längere Zeit
420 3271 1297 3381 auseinander. Gespielt wurde vorzüglich.
1227 3333 1536 3448 ——
1825 1231 3345 1331 etwahnten Proferiennin—seinen eigenen Häll= Sönne nicht rauben lassen
2790 1357 3327 1423 gänzen, die sich verstehen
2789 1408 3347 1474 Künstler. Die Kunst, Pet
2013 1400 2607 1492 Feurlleton.
2788 1453 3328 1529 Sohn, und ein schönes H
2793 1508 3349 1580 nach den Stunden oder de
2783 1561 3315 1638 Berufspflichten zeitweilig
1934 1536 2678 1647 Der Roman in Arthur
2798 1610 3345 1681 nung in aller Behaglich
1902 1617 2708 1735 Schnitzlers „Zwischenspiel.“
2787 1657 3351 1730 der Gemüter stets aufs ne
2379 1708 2758 1779 (Nachdruck verboten.)
2786 1709 3325 1783 ihre Welt. Amadeus ist,
2789 1763 3351 1829 so oft vorkommt, eine fast
1894 1762 2780 1837 Die Olmützer Erstaufführung des Stückes,
2792 1814 3343 1885 was sprunghafte, aber du
1810 1814 2779 1869 das den letzten Grillparzerpreis davontrug,
1813 1868 2781 1930 hat dem Publikum den ganzen Gehalt dieses
2794 1859 3354 1940 gerade Natur. Mag sein,
1820 1910 2777 1989 Werkes nicht so nahe gebracht, daß es wie ein
2801 1921 3355 2000 erotische Natur ist. Lüg
1826 1959 2781 2041 klares Bild vor aller Augen gestanden wäre,
2800 1967 3358 2036 Heuchelei sind ihm fremd.
1887 2013 2780 2081 man sah die undeulichen Konturen ver¬
2798 2020 3341 2088 fes Gemüt, stark sensibel,
1824 2056 2790 2152 schwommener Gestalten, man sah nicht die fest
2796 2065 3347 2143 wußt. Jenseits seines Kür
1825 2114 2804 2188 und logisch aufgebaute Tragödic. Vielleicht be¬
2800 2113 3333 2187 Amadeus' Wesen fast ei
1827 2154 2789 2246 nützt der oder jener den nachstehenden Versuch,
2801 2160 3357 2245 Durchschnittsmenschen, ohr
1828 2210 2786 2271 die Fabel des Stückes wiederzugeben, als Ci¬
2802 2218 3343 2296 lie ist tiefer, sie ist. sich
1814 2262 2778 2352 rerone durch die Gedankengänge der Komödie.*)
2803 2273 3355 2340 Sie haben einander au
2803 2317 3359 2393 Sie gehören einander gan
1916 2339 2783 2437 Der Komponist und Kapellmeister Ama¬
2807 2366 3359 2448 nichts zwischen ihnen nas
1823 2404 2783 2474 deus Adams lebt seit sieben Jahren mit sei¬
2805 2422 3356 2499 andern zu verstecken ##auch
1820 2468 2784 2526 ner Frau, der Opernsängerin Zäzilie Adams¬
2802 2468 3347 2544 die erste Grundlage ihres
2611 2510 2794 2580 in der
1821 2514 2520 2587 Ortenburg, — wie man so agt
2884 2497 3360 2598 Doch dieser Herzensb
1819 2551 2785 2656 glücklichsten Ehe. Zwei Naturen, die sich er¬
2807 2572 3350 2651 Fast ohne daß sie es ahn
2807 2621 3348 2698 eines siebenjährigen, stets
1932 2639 2779 2726 *) Diese Inhaltsangabe sollte heute als Nachwor
2799 2665 3362 2750 rierten Nebeneinanders das
1819 2702 2786 2764 zur Reprise, die im Stadttheater gestern hätte gegebei
2788 2729 3345 2804 gegenseitigen Beziehungen.
1822 2748 2782 2806 werden sollen, erscheinen. Da die Vorstellung aus Gründen
2802 2769 3363 2857 die Verführng in der gra
1822 2784 2785 2846 die uns nicht bekannt sind, abgesagt wurde, hoffen wir
1818 2832 2783 2888 daß es der vorstehenden Publikation gelingen wird, das
2798 2826 3373 2903 Opernsängeen, der Gräfin#
1832 2861 2732 2915 „„Zwischenspiel“, doch wenigstens noch einmal auf
2217 2877 3361 2983 — Die Redaktion.heim, heran. Friederike, ei
1816 2909 2142 2973 Bühne zu rufen.
