3484 4352
1344 171 1797 284 box 25/1
278 178 1186 303 20. Zuischensniel
1602 1350 3393 1456 sind aus allen Schnitzlerschen Büchern verschwunden; was Novelle. Eine trübe Komöd
1617 1413 3390 1514 er auf die Tafel stellt, ist rein vom Schmutz der litera=sein. Alles ist wahr, aber
757 1408 1391 1567 Feuilleton.)
1604 1464 3390 1569 rischen Küche. Man muß solchen Dichter hoch schätzen; un= wahr. Man kann das Path
358 1502 459 1588 1
2766 1503 3391 1585 nehmen, ihre Heiterkeit trag
1262 1509 1577 1619 Oog d
1631 1531 2525 1616 abhängig davon, wie hoch man ihn wertet.
1725 1576 3403 1644 Aber mit dem Gejammer darüber, daß Oesterreich, müßte erst wissen, wo de
462 1502 1251 1669 . 20.  Zwischenspiel.
1616 1605 3355 1728 und Wien besonders, gar nicht wisse, was es an seinem alles so gemeint, wie e
1340 1614 1639 1735 Zum erstenmal
426 1653 1361 1740 (Komödie in drei Akten von Artur Schnitzler. —
1632 1639 3390 1754 Schnitzler habe, daß viel zuwenig Schnitzler gespielt, ironisch gemeint? Oder ist
730 1699 1363 1790 ausgeführt im Burgryenseg,
1630 1696 3391 1805 Schnitzler gelesen, Schnitzler bewundert und Schnitzler ge=lirgendein Geschehen in dies
545 1728 1633 1831 Herr Artur Schnitzler ist ein vielgeliebter Dichter.
1624 1768 3395 1856 priesen werde, soll man uns endlich verschonen. Ich weiß beides gelten lassen, die
441 1814 1641 1909 Sein Ruhm ist sicher zur Höhe gewachsen, gibt heute schon
447 1822 3359 1940 breiten wohligen Schatten, in dem der Poct von Unsterblich=kein Beispiel in der Weltliteratur, daß einem Dichter so Das Pathos für die
443 1911 3375 2003 keit träumen darf. Niemand mißgönnt ihm so schönes Los. gerecht zugemessen worden wäre, was ihm an Ruhm und uns, die Zuhörer, die
449 1885 3392 2054 Schon deshalb nicht, weil wenige wie er (ganz abgesehen Erfolg gebührt, wie Herrn Schnitzler. In verhältnismäßig zur Erkenntnis der Zusamm
451 2004 3404 2101 von Fülle und Glanz der Begabung) so geschmackvoll und jungen Jahren hat er einen Weltruf; er gilt als unser höheren Sinne den Witz all
449 2055 3395 2137 angenehm als Dichter funktionieren. Nie hat man ihn mit stärkstes dramatisches Talent, seinem Namen springen alle spürten. Aber es gibt nur
1644 2047 3395 2151 Bühnentore angelweit auf, das Ausland rettet seine Ge= Ueberlegte Worte, Disputatio
460 2101 1649 2194 allen Hunden des Ehrgeizes hinter dem Erfolg herhetzen
1639 2106 3399 2196 danken in die eigene Sprache hinüber, seine Bücher sind im Lessingschen Katechismen
461 2150 1649 2242 sehen; nie hat er den Philistern geschmeichelt, aber auch
1636 2151 3390 2244 wund von den Griffen der Leihbibliothekabonnenten, eine schon so feierlich latinisi
465 2195 1651 2289 nie als Exzentrik=Poet sich den billigen Lorbeer des Philister¬
465 2189 3385 2348 hasses geholt; nie hat er auf den Stumpfsinn, aber auch ganze Schar von Begeisterten folgt ihm als Suite, und Albertus — Wechselgesäng
2812 2246 3345 2319 nach dem Brauch der Ibs
455 2278 2824 2396 nie auf den „Feinsinn“ des Publikums spekuliert (ich weiß jeder Federstrich, den er tut, wird vergoldet von der Zärt¬
2815 2296 3399 2371 stürzt die Komödie ins Offe
456 2305 2826 2435 nicht, was widerwärtiger ist); nie hat er in der Treibhaus=lichkeit der Freunde. Was denn noch also? Ein Schnitzler¬
463 2347 3407 2487 hitze der Ruhmgier seinem Talent raschere Früchte abzu=Festspielhaus? Ausspeisung im Prytaneion? Ich denke, das darauf wird es wieder feier
2814 2399 3377 2474 an die Seelenorgel und
466 2411 2824 2548 jagen oder ihm größere und süßere zu erpressen gesucht, Schicksal war nobel diesem Dichter gegenüber. Es zahlte
460 2441 3371 2582 als solche, für die der Fonds an Kräften und Säften in ihm die präsentierte Ruhmesrechnung auf Heller und falschesten Akkorde. Der I
2814 2494 3399 2570 Menschen knien darin und
472 2499 2835 2642 diesem Talent reichte. Er pflückte, was reif war; oder ihm Pfennig aus, ja, es rundete vielleicht sogar die Summe
2830 2544 3396 2614 allgemeinen Wahrheiten. A
470 2598 2836 2679 reif schien. Und wenn das auch vielleicht gar nicht stimmt, nach oben ab und winkte, als der ehrliche Dichter „her¬
2809 2587 3401 2668 Affären des Lebens, ganz be
1662 2608 2716 2695 ausgeben“ wollte, freundlich: Behalten Sie's nur!
462 2630 1663 2740 wenn die künstlerische Entwicklung und Arheit des Doktor
1759 2642 3396 2740 Nichts anderes als solch ein moralisches petit freieste Lachen neben der ti
479 2690 1679 2796 Schnitzler keine so organische, ruhige, ich möchte sagen:
1660 2686 3407 2782 cadeau kann ich in der Aufführung des neuen Schnitzler=zeigen wäre wohl der Müh
473 2742 1661 2839 artistisch sittliche gewesen sein sollte — so hat der Dichter
1667 2732 3403 2836 Dramas, dieser seltsamen Komödie „Zwischenspiel“, am zu machen, daß man beide
1662 2785 3401 2893 Wiener Burgtheater sehen. Einen Eid, daß dieses Stück Man müßte die künstlerische
472 2795 1665 2891 doch seine Kämpfe gegen das eigene Unvermögen, seine
482 2832 1671 2930 Desperationen und Enttäuschungen stets bei sich zu behalten
1665 2832 3404 2948 vergeblich ans Tor des Burgtheaters geklopft, geläutet und zeigen, daß vom Erhaben
480 2891 1669 2970 gewußt. Seine Werke scheinen immer Ratifikationen eines
1667 2883 3403 2995 getrommelt hätte, wäre nicht der Name Schnitzler, Ein= Schritt (was bald einer zei
487 2933 1680 3023 Friedens, den er mit sich selbst geschlossen. Keine wütende
1658 2923 3405 3044 tritt erzwingend, vorangegangen! Denn es ist eine miß= vom Lächerlichen zum Erha
483 2989 1677 3072 Anstrengung mehr darin, über sich selbst hinauszukommen,
490 2979 3406 3117 kein Gebrüll von Krämpfen, wie sie den zu überfallenlungene Komödie, ein schwaches Werk, das mit all seinen weiter ist — was darzu
1676 3028 3355 3135 mühevollen Windungen sich nicht aus dem Dunst der großen Dichter gelänge.
2947 3058 3411 3151 Amadeus und Cäcilis
488 3087 1685 3192 pflegen, der hartnäckig die eigenen Grenzen überspringen
485 3147 2859 3222 will und immer wieder von unerbittlichen Mauern zurück= Langeweile hinaufdreht in luftigere Gegenden. Es ist gar
485 3178 3412 3274 geworfen wird. Diese Unappetitlichkeiten der Produktion kein Drama, sondern eine in breite Dialoge zertriebene und beschließen, in freier Ul
1807 3208 2687 3322 Hierzu eine Beilage.
