3436 4352
586 91 1485 145 ihnen nichts. Dor der Borge um Un Aisid
571 129 1831 195 das eigene Selbst. Aber an die Kraft der Wahrheit glauben
694 174 1840 242 Wahrheit, rückhaltloses einander Anvertrauen soll
571 190 672 250 sie.
562 236 1821 280 zwischen ihnen bestehen, auf Wahrheit soll ihre Ehe ge¬
572 274 1834 324 gründet sein. Sie haben auch immer alles miteinander geteilt.
578 323 1830 385 Nun die Liebe gestorhen, tritt an sie beide die Versuchung ver¬
567 369 986 432 botener Lust heran.
696 402 1837 483 Es ist eine Szene, in der Schnitzler seine pfrchologische
580 459 1833 532 Meisterschaft, sein überlegenes auf die Menschlein Hinabschauen,
582 525 1779 570 sein Erfassen flüchtiger seelischer Regungen ganz dartut,
572 543 1826 630 diese Szene, in der die beiden nunk einander „Wahrheit“
582 600 1834 669 geben. Was geht da vor sich? Sie beschließen ihre Ehe in
575 643 1846 704 eine Kameradschaft zu wandeln, sie werden ihre künstlerischen
582 697 1831 749 Interessen auch fürder miteinander teilen, sie werden ihr schönes,
574 734 1838 792 friedliches Heim sich erhalten, sie werden fortfahren, gemeinsam
586 777 1851 857 ihrem Kind Dater und Mutter zu sein, aber sie werden sich
1881 97 2341 157 oltell. 6s I1 zu Kee
1982 132 3130 185 Ganz anders der Mann. Nachdem er bei seiner Frau
1876 175 3118 231 wieder Liebesglück gefunden; er weiß nicht, wie weit sie sich in
1870 219 3135 287 der Trennungszeit mit ihrem Freunde vergangen hat — beseelt ihn
1872 277 3126 328 nur der eine Gedanke, seinen Nebenbuhler aus der Welt zu
1882 314 3123 373 räumen. Er, der zuvor seiner Gattin jede Freiheit zugestanden
1876 362 3133 419 hatte, ist jetzt nur noch von Mordgelüsten erfüllt. Ein Duell
1882 418 3131 466 soll ihm dazu die Möglichkeit bieten. Erfährt er, daß seine
1875 451 3133 517 Frau ihm die leibliche Treue nicht gebrochen, so wähnt er, daß
1877 511 3127 563 nun alles in guter Ordnung sei. Aber auch er hat einzusehen,
1872 543 3130 608 hat zu begreifen. Die Tore schließen sich vor seinem ver¬
1872 597 2223 661 stehenden Blick.
1990 617 3118 694 Es gab nur eine dramatische Lösung für das „Zwischen¬
1895 678 3140 744 spiel" und Arthur Schnitzler hat sie gefunden. Sein Drama
1898 728 3135 791 gewinnt damit symbolischen Gehalt. Die Institution der Ehe
1911 785 3139 836 rechtfertigt sich aus sich selbst heraus. Zwei Menschen, denen
1913 896 3175 963 die konventionelle Norm der Begriffe nichts galt, die das Recht
1921 948 3172 1001 freier Selbstbestimmung und persönlichen Sichauslebens für sich
1923 992 3170 1052 forderten, werden eben durch den ungezügelten Trieb dahin
1922 1050 3164 1106 geführt, die Reinheit ehelicher Gemeinschaft anerkennen zu
1926 1086 3174 1131 müssen. Das entheiligte und gebrochene Gesetz erweist seine
1916 1131 3177 1196 zwingende Kraft an seinen Derächtern. Die einmal zerrissene
1914 1177 3171 1234 Kette fügt sich nicht wieder zusammen. Modern aufgeklärte
1923 1222 3180 1278 Anschauungen, oder nicht: die Bedingungen, unter denen Menschen
1917 1271 2847 1321 miteinander leben können, bleiben die gleichen.
2025 1328 3172 1385 Was Schnitzler also vorschwebte und was er gedanklich
1909 1372 3161 1424 zu rechtem Ende durchzuführen wußte, hat er dennoch künstle¬
1912 1419 3170 1475 risch nicht voll zu bewältigen vermocht. Es ist eine Stelle in
1913 1460 3177 1531 seinem Drama, wo der Dichter zu schweigen beginnt, und der
1914 1518 3171 1581 räsonnierende Gesellschaftspfrchologe das Wort ergreift.
1913 1556 3167 1607 Schnitzlers feine und geistreiche Kunst besteht eben darin, das
1907 1621 3169 1668 nichtgesprochene Wort laut werden zu lassen, das, was die
1900 1635 3168 1717 Menschen verschweigen, zu Seelendeutung zu erheben, die
1898 1698 3160 1761 pfrchologischen Dorgänge in Stimmungskräfte umzusetzen. Im
1904 1746 3164 1806 dritten Akt seines neuen Dramas aber nimmt er zu direkter
1909 1790 3168 1851 Auseinandersetzung seine Zuflucht. Nun weiß mit einemmal
1907 1836 3174 1900 ein jeder genau, was in -seinem Innern vorgeht, und spricht
1909 1879 3168 1945 es aus. Die Leidenschaften haben zu ruhen. Sah man
1899 1921 3165 1997 vorher das rätselhafte und doch bedingte Dorrücken des Zeigers,
1898 1967 3151 2028 so ist der Kasten nun aufgeklappt und man erblickt das Inein¬
1896 2023 3167 2084 andergreifen der Räder. An die Stelle der Menschen treten
1896 2065 3155 2130 pfrchologische Begriffe. Sie behalten das letzte Wort. Das
1895 2098 3157 2192 trifft zu, aber es durfte nicht so, vielleicht überhaupt nicht ge¬
1899 2145 2256 2215 sprochen werden.
2011 2185 3164 2275 Schnitzler besitzt viel künstlerischen Geist. Der wird bei
1895 2254 3168 2323 ihm schöpferisch, aber er verflüchtigt oftmals seine wesenhaften
1905 2292 3159 2358 Kreaturen auch wieder zu Begriffen, aus denen sie ent¬
1908 2340 2164 2401 standen sind.
2018 2398 3160 2478 Der Kapellmeister, der das „Zwischenspiel"*) erlebt,
1891 2449 3166 2515 komponiert gleichzeitig ein Zwischenspiel, das er als „Capriccio
1893 2491 3158 2561 doloroso“ bezeichnet. Ein Gleiches schwebte Schnitzler für
1903 2542 3159 2610 sein neues Drama vor, dies Drama mit dem tiefschmerzlichen
1901 2579 3156 2641 Ausgang, das er „Komödie“ nannte. Und ist es nicht Komödie,
1899 2636 3155 2699 wenn zwei Alenschen gezwungen werden, vor dem Altar zu
1899 2681 3148 2745 opfern, von dem sie meinten, ein beliebiger Gesellschaftsgötze
1890 2721 3160 2778 throne darauf? Nicht Komödie, wenn auch der ernste Dorsatz
1900 2776 3155 2839 zur Wahrheit nur eben zu Selbsttrug führt? Diese Ironie
1896 2808 3143 2883 des Geschehens aber war es just, die Schnitzler anzog.
1887 2851 3145 2936 Auch fand er den Weg, auf dem die Verwirklichung seines
1891 2898 2223 2965 Gedankens lag.
2003 2947 3137 3031 Seinem Belden hat der Wiener Doet einen Freund bei¬
1895 3013 3139 3075 gesellt, der mit jenem gemeinsam an einer Oper arbeitet, und
1893 3047 3136 3121 dieser Freund ist seinem Metier nach dramatischer Dichter.
1889 3094 3148 3169 Alles, was der Held erlebt, innerlich durchkämpft, erleidet, sieht
1884 3134 3139 3211 er unter dem Gesichtspunkt des „dramatischen Stoffes“ an.
1887 3196 3136 3238 Immer ist er bereit, dem Freunde zu erklären, wie alles folge¬
1882 3241 3131 3296 richtigerweise kommen muß, welcher. Ausgang seiner Ehe be¬
1887 3297 3144 3353 schieden. Damit ersteht eine Spiegelung des Bühnenbildes,
1895 3333 3142 3398 die Bühnenwirklichkeit wird Schein, und dieser Schein verdichtet
1891 3380 3138 3443 sich wieder zu Bühnenwirklichkeit, die Kunst besinnt sich auf ihr
1888 3422 3142 3491 altes Recht des Spieltriebs. Ein Erbe der Romantiker, hat
1890 3469 3136 3538 Schnitzler mit kecker und doch sicherer Hand dies Doppelspiel
1878 3529 3132 3594 geführt, Komödie und Tragödie zittern durcheinander:
1919 3555 2328 3622 apriccio doloroso.
1992 3618 3137 3683 Nur in dem armen dritten Akt entgleitet Schnitzler auch
1883 3650 3138 3728 dieser Spiegel, die Berechnung tötet die Laune. Immerhin:
1879 3705 3142 3768 man findet in dem Verfasser des „Zwischenspiels“ den Dichter
1889 3741 2516 3821 des „Grünen Kakadu“ wieder.
2636 3824 3021 3907 Ernst Heilborn.
1992 3956 3130 4050 *) Das Buch erschien im Verlage von S. Fischer, Berlin /1906.
