3392 4352
974 87 1339 141 Sr
2280 111 2524 183 Von Arthur
1824 115 2248 170 „Der grüne Kakadu.“
963 119 1759 196 „Zwischenspiel.“ Von Arthur Schnitzler.
1017 155 2156 234 Schnitzler. „Der zerbrochene Krug.“ Von Heinrich von Kleist.
1051 229 1248 319 4 —
1072 297 2548 380 Das Burgtheater hat mit Arthur Schnitzler wieder Frieden geschlossen und
958 342 2545 419 tat wohl daran. Denn der stärkste Wiener Dramatiker gehört zu diesem Hause,
956 392 2540 477 dessen reiche und feine Kunst sein Talent erst zur vollsten Reife bringen wird.
955 443 2548 510 Damit des Dichters Wort in aller Tiefe und Reinheit verstanden werde, muß
955 495 2546 577 es in der herrlichen Schale leuchten, mit der Burgtheaterkunst es kredenzt. Darum
964 542 2530 626 glaube ich noch heute, daß die einzige Bühne, die den „Schleier der Beatrice“
958 588 2544 668 hätte geben müssen, und die damit, wenn nicht lärmende Erfolge, so doch Ehre
964 661 2551 723 für den Dichter und Ruhm für sich selbst geerntet hätte, das Burgtheater war.
964 694 2541 767 Und wenn wir uns die Komödie „Zwischenspiel“ aus dem Burgtheater weg¬
959 749 2556 839 denken, so streifen wir dem Werke den zartesten Schimmer von den Flügeln.
1083 778 2533 863 Der stärkste Wiener Dramatiker ist der Dichter des „Zwischenspiel“
960 816 2554 921 gewiß. Aber damit ist noch nicht gesagt, daß er ein starker Dramatiker ist. Er
967 888 2555 972 ist kein Mann mit dramatischen Biceps, das Theatralische — und es gibt Theatralik,
975 929 2559 1009 das heißt Theaterwirksamkeit ohne bösen Nebensinn — ist ihm zuwider, und je
972 980 2558 1071 mehr er sich zum Lebensweisen läutert, desto mehr weicht er ihm aus. Seine
973 1031 2552 1109 Kunst mit ihren leise mitklingenden melancholischen Untertönen, mit der Sordine
960 1075 2556 1158 der Resignation, ist weicher Anmut voll. Aber es ist stets eine Anmut in Moll.
974 1122 2554 1216 Wenn man ihm einmal in einem Wiener Garten ein Denkmal setzen wird, so
972 1173 2555 1248 wird wohl, wie beim Maupassant=Denkmal im Park Monceau in Paris, eine
975 1235 2556 1317 mondaine Dame die Hauptperson sein. In diesem Fall natürlich eine zierliche
975 1300 2558 1352 elegante Wienerin, schalkhaft und verträumt, Schwermut über den süßen Augen.
979 1322 2567 1397 Die Leserin, die Muse, die Egeria, was weiß ich! Aber von der Frau geht
979 1371 2561 1453 seine ganze Kunst aus, von ihr spricht sie unaufhörlich, von ihrem Duft ist sie
980 1432 2563 1510 durchtränkt, von ihrem Herzen ist sie belebt. Und Schnitzler, der Dramatiker,
980 1468 2563 1549 bleibt immer Schnitzler, der Liebesdichter. Er ist der geistvollste Erotiker, den
979 1526 2558 1599 Wien je hervorgebracht hat, und nur Wien konnte ihn so formen und bestimmen.
984 1584 2561 1662 Die Liebenswürdigkeit unserer schönen Stadt trieb in ihm ihre bunteste und
982 1643 1342 1717 reizvollste Blüte.
1099 1662 2564 1745 Eines ist seltsam: Schnitzler ist mit seinem Witz und seinem Humor zum
987 1718 2573 1801 Lustspieldichter geboren. Er möchte sich aber zum Tragiker erziehen. So ist auch
982 1760 2571 1839 das Problem des „Zwischenspiel“ eine glänzende Lustspielidee. Der Dichter aber
977 1827 2576 1899 will den Scherz jenes Einfalles nicht gelten lassen und bemüht sich eifrig, schweren
987 1873 2574 1938 Ernst in einen Fall zu legen, unter den wir am liebsten mit dem weltüberlegenen
985 1922 2572 1985 Poeten herzhaft lachen möchten. Der Kapellmeister Amadeus Adams ist mit
981 1967 2578 2041 der Opernsängerin Cäcilie Ortenberg vermählt. Die Ehe lockert sich. Amadeus
997 2013 2566 2087 hat eine kleine Liebelei mit einer Schülerin, einer pikanten Gräfin, die gewiß mehr
997 2083 2572 2139 Talent zur Geliebten als zur Sängerin hat, und Frau Cäcilie läßt sich von einem
1000 2116 2575 2195 Fürsten Sigismund den Hof machen. Da beschließen die beiden Ehegatten, die
999 2164 2575 2236 ihren Bund auf Wahrheit begründet haben, einander völlige Freiheit zu ge¬
995 2221 2562 2300 währen. Sie knoten das Eheband auf, sie trennen sich als Mann und Weib —
993 2244 2581 2346 aber die Kameradsche# zwischen den mehr künstlerisch als menschlich verwandien
900 2358 2503 2433 Naturen soll bestehen bleiben. Und was geschieht nun? Amadeus hat das kleine
915 2421 2504 2476 Abenteuer mit der Gräfin so rasch überwunden und verwunden wie auch andere
920 2457 2505 2529 Abenteuer gleichen Kalibers. Das sind Erlebnisse, die nur seine Haut berühren
912 2531 2501 2586 und kaum seine Seele streifen. Cäcilie aber erlebt in Berlin, wo sie gastiert,
915 2560 2509 2640 seelische Berührungen, ohne sich körperlich etwas zu vergeben. Sie ahnt Kommendes:
915 2613 2501 2683 eine Liebe, die versinken, eine, die aufsteigen könnte. Sie entfernt sich, der
906 2656 2500 2724 Freiheit wiedergegeben, viel mehr von ihrem Gatten als er von ihr, der seine
906 2705 2503 2793 Freiheit als Männchen und nicht als Persönlichkeit genießt. Und als Cäcilie
913 2760 2510 2836 nach Wien zurückkehrt, treibt die Eifersucht, die Cäcilie mit physischem, nicht mit
909 2805 2515 2890 psychischem Maße mißt, Amadeus in eine neue Phase des Ehelebens. Er betrügt
918 2860 1966 2935 seinen Kameraden Cäcilie mit der Frau Cäcilie.
1033 2895 2506 2964 Er bricht mit der eigenen Frau die Ehe, eben die Wahrheitsehe, auf die
908 2952 2514 3036 beide so stolz waren. Und das scheidet sie nun vollends. Die letzte Liebesnacht
924 2999 2513 3069 war nur ein Zwischenspiel im Auflösungsprozeß. Und beide tragen schwer und
924 3049 2504 3128 hart an dem Zusammenbruch. Aber dieser Zusammenbruch lag in der Natur des
925 3106 2512 3174 Verhältnisses. Er war nicht aufzuhalten und — der Mann war der schwächere
923 3151 2511 3239 Teil. Das ist alles in der zartesten und. feinsten Farbe angelegt. Aus dem
924 3196 2509 3264 psychologischen Grundproblem quellen Liebes= und Eheprobleme und =Problemchen
926 3248 2517 3331 wie die Blume aus dem Hut des Taschenspielers. Aus jeder Dialogstelle könnte
917 3309 2512 3379 beinahe ein neues Stück keimen. Aber dieser innere Reichtum des Werkes ist
934 3343 2523 3428 sein Schaden. Das Stück ist für den leichten Bau seiner Handlung allzuschwer
932 3395 2508 3476 mit Psychologie beladen. Wir wissen oft nicht, ist das eine Weisheit oder Spitz¬
922 3459 2519 3514 findigkeit, höchste Erkenntnis, oder bloß ein geistvolles, dramatisch gefaßtes Aperen.
1056 3494 2523 3563 Die Schwere, mit der der Vorgang die Personen des Stückes belastet, ist
932 3544 2520 3614 künstlich in das Werk getragen. Die leichten Flügel der Idee hat der Dichter
939 3592 2517 3671 gestutzt. Und so ist die Komödie ein Drama geworden, das als Bühnenwerk
935 3647 2512 3715 nicht vollauf befriedigen kann. Wo aber das Dramatische ausbleibt oder versagt, da
927 3700 2516 3777 hilft der Geist des Poeten über die gefährliche Stelle hinweg, und wenn dieser
935 3766 2524 3810 Geist nicht immer verständlich ist, so macht ihn das Burgtheater klar. Kainz
935 3800 2518 3865 spielte den Amadeus mit einer Nervenmeisterschaft, mit einem Reichtum an Gefühl,
929 3838 2515 3907 daß man diesen komplizierten barakter in all seinen Sprüngen und Wider¬
932 3885 2518 3966 sprüchen mit selbstverständlicher Leichtigkeit zu erfassen glaubte. Fräulein Witt
932 3940 2523 4009 hatte unter ihm einen schweren Stand. Sie kam der Rolle aber nur in ihren
938 4001 2527 4067 äußeren Umrisse nahe, der in ihr verborgene Reichtum erschloß sich nicht, so vieles
945 4063 1747 4134 an Ton und Haltung ihr auch gelang.
