3484 4256
1311 142 1800 227 box 25/5
251 121 1183 254 20. Zwischenspiel
1145 452 1569 543 Telephon 12801.
390 572 459 625 —
381 616 1569 720 S WTTEITS
374 697 492 757 —
381 700 1568 798 G l. österr. behördl. konz. Unternehmen für Zeltungs¬
881 759 1186 832 Ausschnitte
386 764 496 823 6
380 803 499 861 3
550 809 1462 909 Wien, I., Concordiaplatz 4.
371 843 508 920 4
813 881 1217 959 Vertretungen
370 914 1561 1006 in Berlin, Budapest, Chicago, Christiania, Genf Kopen¬
475 969 1570 1038 hagen, London, Madrid, Mailand, Minneapolis, New Vork,
429 1001 1584 1084 ∆ Paris, Rom, San Francisto, Stockholm, St. Petersburg.
826 1048 1238 1127 (Quellenangabe ohne Gewähr,)
381 1066 500 1136 —
1209 1102 1319 1176 —
375 1111 901 1205 1 Aueschnitt aus:
1034 1152 1365 1240 U1. 1 1959
381 1176 504 1261 62
1042 1206 1430 1287 Nanaale Moahr
813 1203 883 1284 9
465 1223 657 1289 vom:
550 1415 1506 1499 * Kleine Chronik. Aus Stuttgart schreibt man
503 1457 1489 1540 uns: Münchner Hofschauspieler führten am
513 1504 1506 1577 Freitag im Residenztheater als Gäste Schnitzlers
514 1557 1513 1612 „Zwischenspiel“ dem Stuttgarter P
520 1598 1505 1639 Stück und Darstellung wurden sehr beifällig aufge¬
513 1625 1505 1701 nommen, am meisten gefiel der zweite Akt. Von den
507 1658 1491 1718 Mitwirkenden erfreuten sich besonders Fräulein
517 1703 1498 1783 Swoboda und die Herren Monnard, Basil und
518 1744 1202 1814 Schwanneke lebhafter Anerkennung.
2697 2485 3362 2575 Gespielt wurde von den Mänchn
419 2487 2667 2575 Stuttgarter Residenztheater. ch die beiden vorspielen. Aber er kanns nicht, denn es ist
2650 2533 3359 2617 Der Amadens von Hin. Monnard
400 2539 2652 2602 Gastspiel der Mitglieder des K. bayr. Hof= ueh ein Stück Leben. Wenn auch nur ein Zwischenspiel. Ein
344 2548 516 2655 100
2650 2591 3330 2654 Swoboda waren Prachtleistungen.
1498 2587 2659 2640 capriccio doloroso, wie es in der Sinfonie des Kapellmeisters
542 2591 1508 2642 .Nationaltheaters zu München.  ###4.
2649 2629 3344 2697 an die Schnitzlerschen Figuren, man
401 2631 1511 2695 XEs ist wirklich eine Komödie! Man sitzt im Parkett,
1495 2631 2648 2691 benannt ist. Albeitus, der Freu d und Dichter, der das platte
2660 2663 3359 2734 sah Menschen. Diese wundervolle M
345 2666 1513 2732 Fört die Reden an, sieht die Personen und möchte lachen — über
1496 2677 2657 2740 Leben ohne Regie und wirksamen Aifbau der Handlung ver¬
2650 2712 3367 2781 in der Szene, in der in Amabens die
376 2709 1508 2771 ihge Schwäcben, die doch schließlich auch die unsrigen sind. Eine
1507 2714 2661 2780 achtet, spielt selbst den Regisseur in der Komödie. Und ist
337 2763 1502 2808 Kknödie ist es. Oder ein „Zwischenspiel“, wie der Ver¬
2649 2763 3355 2820 in Haß un schlägt, oder auch im 1. A
1494 2760 2659 2815 dabei täppisch wie oft das Leben selbst. Ja, er wirkt sogar im
351 2801 1501 2859 fasser es nennt. Man kennt Arther Schnitzlers Novellen,
2650 2801 3356 2855 schließen, sich nur noch Kameraden zu
1510 2808 2663 2866 letzten Akt fast aufdringlich, als Dichter und als Freund. Denn
350 2832 1507 2906 kennkseine Feuilletons mit all ihrer  Fluß und
2648 2829 3354 2910 Albertus Rohn spielte Hr. Basiln
1498 2859 2659 2915 auch ohne ihn kommen die zwei wieder zusammen, auch ohne
342 2889 1500 2944 ihren Mängeln und man sieht nun eine dieser Novellen auf
2654 2889 3338 2947 Verfassers und zwar ausgezeichnet. A
1509 2896 2662 2948 ihn sehen sie ein, daß sie sich zu viel vermaßen, als sie nur die
347 2937 1508 2990 die Bühne gebracht. Er bleibt auch hier der elegante Causeur,
1510 2935 2653 2986 Wahrheit hören wollten in ihrer Ehe. Wobei das Tragikomische
2658 2929 3353 2988 zeichnet und die Figur hat, wie schon
347 2968 1504 3035 der große Themen streift, tiefe Töne anklingen läßt, um sie dann
2663 2974 3365 3023 lich gegen Schluß etwas Unnatüc
1507 2979 2660 3035 ist, daß sie sich ja eig ntlich nie die Wahrheit sagten, wenn es
352 3022 1517 3075 gleich mit der Flut leichter Akkorde zu übertönen. — Es ipieln
2649 3012 3355 3077 Friedensstifters ist zu sehr unterstriche
1511 3020 2657 3078 darauf ankam. Und wenn sie es getan bätten — was dann?
2658 3045 3331 3111 als Fürst Sigismund mit Absicht
349 3059 2667 3118 nur der Kapellmeister Amadens Adams und seine Frau Cäcilie] Sie kommen wieder zusammen, aber Cäcilie will nicht; noch
2661 3089 3356 3162 sprach, oder ob er die kleine Rolle ni
344 3092 2655 3157 im „Zwischenspiel“, das gestern im Residenttheater über die nicht. Sie fürchtet sich vor dem Befangensein — fürchtet eine
354 3142 2654 3197 Bühne ging, alle anderen Personen sind mehr oder weniger! Wiederholung des Zwischenspiels. Nach einem Jahre vielleicht.
2652 3146 3351 3196 sich gleich, der Ton konnte jedenfal
341 3175 1517 3245 überflüssig. Die Gatten, die sich so bochstehend dünken, die sich
2656 3187 3359 3245 werden. In den beiden übrigen kle
1513 3191 2652 3246 Und da nimmt Amadens seinen Koffer und geht. Dann fällt
354 3216 1515 3287 so sicher glauben, daß sie in ihrer Ebe nur die Wahrbeit hören
2654 3220 3366 3287 Frau Giesecke als das naiv=schlau
1513 3233 2659 3288 der Vorhang. Man weiß aber, daß der Kapellmeister wieder¬
356 3253 1506 3339 wollen, daß zwischen ihnen keine Geheimnisse sein sollen, ent¬
2651 3267 3357 3323 hervor und ebenso Frl. Menge al
1509 3277 2663 3328 kommt nach Jahresfrist, denn das Ganze ist ja doch nur
348 3313 1516 3371 fremden sich durch diese krampfhafte Wahrheitsliebe — die
2658 3311 3353 3363 Moosheim, die Philine des Kapellme
1504 3310 2665 3369 ein Zwischenspiel.ie gesagt, eine dramatisierte Schnitzler¬
354 3351 1518 3410 sie gar nicht haben. Es wird schwül zwischen ihnen, sie
2652 3344 3365 3421 war, den Verhältnissen des Residenzth
1512 3362 2655 3414 sche Novelle. Ke#ne straffe Handlung; mehr flüchtig,
355 3400 1509 3455 sehen, es geht nicht so weiter, und sie beschließen, sich zu
2648 3401 3354 3461 schlecht. Der Besuch war gut, hätte
1516 3401 2658 3449 skizzenhaft — aber immer formvollendet. Ein fließender
2659 3438 3347 3500 sein können. Das Publikum sparte
343 3440 1519 3501 trennen. Nicht mehr Gatte und Gattin, nicht mehr Ge¬
1511 3436 2657 3494 Dialog mit einigen Geistreicheleien — so wenn Albertus
346 3470 1514 3546 liebter und Geliebte, nur noch Kameraden wollen sie sein.
2658 3476 3345 3544 nicht, die wohl in erster Linie der
1512 3488 2662 3543 sagt: Ich bachte, du meinst ein Duell, und nun willst
358 3514 1511 3587 So reden sich beide ein, daß nun alles aus sei zwischen ihnen,
2652 3513 3358 3590 galten. Jedenfalls verspricht das heut
1502 3521 2659 3576 du ihm aus Leben gehen!: Der Fehler der Handlung liegt
345 3551 1513 3621 daß er nur noch der Korrepetitor der Sängerin Adams=Arten¬
2660 3559 3362 3635 „Gyges und sein Ring“ — einen g##
1508 3563 2654 3619 darin, daß man schon im ersten Akt weiß, es wird durch die
352 3620 3328 3657 burg ist, daß sie nur noch die Lieder des Kapellmeisters Adams] beiden anderen nichts Neues mehr kommen. Man weiß, es ist ist der Besuch auch dementsprechend.
342 3655 1892 3718 singt. Und der Zuschauer möchte lachen über die Komödie, die ein „Zwischenspiel“.
