3484 4256
1336 107 1770 183 box 25/4
262 115 1174 215 20. Zuischenspiel
893 847 1930 892 — — arischen Gotschaftetb,
857 883 971 934 W
559 855 684 932 Meneen
857 924 1945 979 Leute, die im Innern Musikanten wären, auch wenn
851 966 1936 1025 eine Schicksalslaune den Mann zum Kassenrevisor
187 856 637 1041 und Rasik.
848 1003 1945 1063 und die Frau zur Zahnärztin gemacht hätte. Zwei
859 1036 1934 1089 Menschen mit subtilen, auf die leiseste Reizung leb¬
850 1071 1935 1135 haft reagierenden Nerven. Nicht die Liebe allein hat
174 1059 541 1145 Schauspielhaus.
856 1121 1943 1174 sie zusammengeführt, sondern auch die Betätigung auf
168 1101 778 1186 die wertlosen Karten, die er in
862 1158 1935 1216 demselben Gebiet der Kunst. Und darum ist ihre Ehe
170 1161 790 1231 ung der Spielzeit fortgegeben
861 1198 1934 1251 keine reine Liebesehe, die eins im andern aufgehen
192 1206 766 1268 auf Schlag mit seinen hohen
862 1240 1934 1285 läßt und aus zwei getrennten Wesen eins macht.
191 1247 704 1300 Shaws paradoxem Tende
859 1285 1935 1329 Ider von beiden weiß, daß er als Künstler nur etwas
195 1295 753 1341 ationsstück. Und danach gestern
865 1321 1935 1367 sein kann, wenn er seine besondere Individualität,
214 1318 784 1384 feine psychologische Studie
1669 1361 1949 1409 Und weil
1305 1361 1644 1428 streng wahrt.
881 1368 930 1412 sei
947 1361 1298 1418 ePersönlichkeit
191 1368 794 1431 chnitzler nennt seine Dichtung
1370 1400 1950 1453 hat jeder von ihnen
860 1405 1334 1457 beide das wissen,
203 1406 791 1462 schlechten Brauch darf eine
1349 1426 1937 1481 Ehrfurcht vor der In¬
858 1438 1316 1501 auch eine heilige
202 1444 793 1505 r sich stehen, sondern muß in
870 1474 1943 1533 dividualität, der Persönlichkeit des andern. Sie unter¬
182 1491 785 1549 erden, auch wenn sie nicht
861 1516 1942 1575 scheiden dabei nicht zwischen dem allgemein Menschlichen
188 1526 783 1594 schenspiel“ paßt nicht in die
862 1566 1939 1616 und dem besonderen Künstlerischen. Und so machen sie
209 1566 783 1630 hnicht in die benachharte:
873 1603 1945 1647 sich's zum Gesetz, daß jeder seinen Weg gehen, seinen
214 1611 786 1663 sich überhaupt in keine der
869 1634 1940 1689 Empfindungen und Eindrücken sich hingeben darf. Aber
191 1643 791 1710 fügen. Wenn man seine Art
871 1681 1937 1728 nicht heimlich vor dem andern, nicht im Gefühl, dem
209 1687 795 1758 man schon zu Bildern und
860 1727 1955 1766 andern Unrecht zu tun. Wahrheit soll zwischen ihnen
296 1735 783 1789 so gar nichts handfestes
863 1769 1952 1808 sein und Offenheit. Gute Kameraden wollen sie sein,
208 1762 790 1829 bekanntes und traditionelles
871 1800 1954 1845 die nichts vor einander verbergen. Der Mann hat den
207 1806 799 1867 alles so sein und zart, als
872 1840 1940 1879 Gedanken gefaßt, dem die Frau zustimmt. Der über¬
205 1856 791 1903 ngewoben, so dämmerig glän¬
872 1865 1941 1917 sinnlich=sinnliche Schwärmer hat dabei nur übersehen,
200 1895 794 1952 ketz silberner Mondenstrahlen,
860 1914 1943 1970 daß die Liebe ihr Gesetz in sich selbst trägt und sich kein
190 1931 795 1990 prächen und Vorgängen auf
861 1946 1952 1996 anderes vorschreiben läßt. Und so muß er's erleben,
211 1983 785 2030 man, einen von jenen exo¬
866 1996 1953 2038 daß seine Frau sich von ihm abwendet und ihren Le¬
194 2009 782 2075 n, die mehr einer Blume
870 2027 1943 2076 bensweg von dem seinen für immer trennt, just da, als
236 2050 796 2113 Oder eine jener wunder¬
875 2069 1950 2115 ihm selber klar wird, daß das Gefühl, das er für sie
198 2099 788 2154 r ein Lebewesen scheinen als
861 2103 1946 2162 hegt, stärker ist als alle Theorie, daß auch der Künstler
205 2144 787 2184 jener irisierenden gläsernen
872 2157 1949 2201 nur ein Mensch ist. Er wollte aus seinem Leben, sei¬
196 2175 790 2222 räumter Muraneser Künstler
865 2177 1954 2242 ner Ehe ein Capriccio machen: nun wird wider seinen
205 2221 798 2278 efäßes gab, die aber fast zu
878 2229 1631 2286 Willen daraus ein Capriccio doloroso.
231 2259 787 2315 sind, geschweige denn, daß
945 2264 1955 2323 Zergliedern wir das nicht im einzelnen! Versuchen
202 2298 789 2354 einem Getränk — und wäre
871 2324 1958 2360 wir nicht, trocken nachzuerzählen, wie es sich vor uns ab¬
208 2340 798 2389 dürfte. Ein Seltsames, ein
866 2349 1955 2404 spielt, vor uns auslebt. Der Reiz des Werkes liegt
204 2374 802 2431 lichen Dinge, ist auch Schnitz¬
866 2400 1951 2439 nicht in der Handlung, die sich im knappen Rahmen
200 2415 797 2476 was, dem man nicht mit dem
869 2433 1947 2476 einer Anekdote berichten ließe. Bei diesem Musikan¬
208 2460 797 2515 mit dem Gefühl gerecht wer¬
869 2470 1945 2510 tenstück ist es der Ton, der die Musik macht. Schnitzler
211 2502 806 2563 ntweder auf den ersten Blick
878 2512 1922 2560 zergliedert die Seelen seiner Personen mit einer pf.
223 2540 509 2597 eigen macht.
869 2541 1948 2592 chologischen Schärfe, die er von Ibsen gelernt ha..
870 2578 1949 2630 Aber dieser Schärfe ist eine lässige Grazie, eine ver¬
205 2566 795 2641 is in sein heimatliches Wien.
873 2621 1950 2670 träumte Weichheit beigemischt, wie Ibsen sie nie besessen
205 2630 801 2682 iche Wiener Familie, sondern
877 2664 1956 2716 hat, wie sie nur unter dem heitren Himmel Wiens ge¬
222 2663 808 2726 Ein Musikantenheim. Der
872 2697 1956 2754 deihen konnte. Und in dieser eigentümlichen Mischung
217 2705 794 2764 und Komponist, die Frau
888 2743 1958 2786 liegt der eigentliche Zauber des Werkes, zu dem die
211 2735 805 2800 Größen in ihrem Fach. Und
865 2762 1956 2829 in ihrer scheinbaren Sorglosigkeit kunstvoll geschliffene
196 2786 808 2841 ie vom Autor ihnen überge¬
868 2830 1963 2871 Sprache, die durch das Ganze wie Diamantenschnüre
210 2825 799 2882 der triviale Alltagsmenschen
873 2862 1956 2913 gezogenen feinen Bemerkungen und Paradoxe nur rei¬
209 2868 797 2927 rasenhelden stecken. Schnitz¬
870 2896 1473 2956 cher schmückende Zutaten sind.
224 2911 808 2981 ünstler auf die Bühne. Zwei
235 2990 1885 3203 Cga
2007 827 2638 885 uber Diener mont der Pan .
2073 914 3099 967 Die Aufführung tat alles, um denen, die Verständ¬
2010 951 3092 1003 nis für das Werk hatten, einen vollkommenen Genuß
2013 1002 3096 1050 zu bereiten. Herr von Berger, der die Regie führte,
2011 1031 3104 1080 stellte seines Landsmannes Schöpfung ins goldenste
2023 1075 3091 1124 Licht. Er hatte vor allem feinsinnig dafür gesorgt,
2009 1112 3102 1167 durch häufigen Stellungswechsel der Darsteller die bei
2012 1148 3097 1197 den langen Zwiegesprächen naheliegende Gefahr der
2013 1182 3092 1236 Monotonie zu beseitigen. Unübertrefflich war Frl.
2012 1232 3091 1283 Hönigsvald als Caecilie. Da war nicht eine Spur
2012 1264 3101 1312 von Theaterspiel, da war alles blühendes, quellendes
2017 1305 3098 1350 Leben: eine Meisterschöpfung hors concours! Sie fand
2018 1338 3102 1395 einen würdigen Partner in Herrn Wagner. Schade
2014 1384 3094 1425 nur, daß er — wohl aus Besorgnis, zu schwer zu wir¬
2017 1429 3102 1474 ken — gelegentlich allzu beweglich und unruhig war.
2022 1462 3093 1504 Davon abgesehen, war auch sein Amadeus von ein¬
2012 1492 3098 1553 drucksvollster Wahrheit. Herr Keller=Nebri gab
2018 1538 3103 1588 sehr verständig den Schriftsteller Albertus, aus dem,
2016 1582 3097 1630 wie in den Buchdramen der Romantiker, der Dichter
2031 1618 3097 1667 selbst spricht, sein Stück glossierend und die Einwände
2015 1648 3105 1707 der Kritiker vorweg nehmend. Um die übrigen mehr
2025 1691 3102 1743 episodischen Aufgaben machten sich die Damen West¬
2019 1728 3110 1777 hoven und Kühnert und vor allem Herr Geb¬
2022 1769 3099 1810 hardt wohlverdient. Die schwierige Aufgabe, die die
2030 1809 3099 1874 Rolle des Fürsten stellt, löste der letztgenannte junge
2015 1845 2823 1906 Künstler in ganz ausgezeichneter Weise.
2092 1860 3101 1939 Und die Aufnahme der Dichtung beim Publikum?
2026 1930 3096 1990 Nicht jeder weiß exotische Falter, bunte Orchideen und
2021 1968 3102 2017 Muraneser Kelche zu würdigen. Was Wunder also,
2020 2012 3101 2062 wenn man auch dem Schnitzlerschen Werke zum Teil
2025 2047 3094 2089 ablehnend gegenüberstand, wenn während der Akte lau¬
2025 2086 3096 2124 tes Gemurmel, zum Schluß entrüstetes Zischen hördar
2014 2127 3107 2174 wurde. Deshalb bleibt die Aufnahme dieses feinen
2036 2167 3097 2212 Stückes in den Spielplan des Schauspielhauses doch eine
2039 2203 3111 2245 dankenswerte Tat. Das erkannte auch die Majorität
2036 2243 3102 2286 der Premièrebesucher voll an, indem sie zum Schluß
2019 2283 3100 2326 mit den Darstellern Herrn von Berger wiederholt stür¬
2027 2320 2559 2384 misch vor die Rampe rief.
2899 2316 3051 2387 M.=R.
2239 2402 2864 2476 Schiller=Theater zu Altona.
2097 2455 3115 2527 Klassiker und Moderne, Konversationsstücke und
2023 2518 3102 2567 Schwänke hat uns das Schiller=Theater gebracht. Ge¬
2050 2553 3118 2610 stern zeigte es sich von einer neuen Seite: als der be¬
2046 2595 3096 2645 rufene Interpret einer tollen Wiener Gesangsposse.
2045 2635 3110 2679 „Heißes Blut“ von Leopold Krenn und Carl
2031 2682 3101 2726 Lindau, Musik von G. Schenk, ist ein Traumstück, aber
2044 2713 3109 2762 es geht recht lebendig zu in diesem Traum. Ilona,
2030 2749 3110 2791 das Mündel eines ungarischen Gutsbesitzers, soll mor¬
2024 2791 3107 2840 gen ihren Miklos heiraten und schon heute feiert das
2018 2825 3107 2867 ganze Dorf. Der feurige Wein und der brennende
2025 2867 3110 2920 Schnaps macht die Köpfe heiß, und das Brautpaar sagt
2017 2910 3122 2973 sich im Ransch so böse Worte, daß beide gekränkt auf die
2111 2992 2753 3179 Aun #u##
2865 3011 3277 3193 50
