3484 4384
321 171 1832 287 20. Zuischenspiel box 25/1
2786 382 2927 452 513
2184 413 2874 512 „UBSENVEN
1986 488 3114 568 I. österr. behördl. konz. Unternehmen für Zeitungs-Ausschnitte
2197 557 2919 626 Wien, I., Concordiaplatz 4.
2402 614 2716 688 Vertretungen
1992 660 3101 720 in Berlin. Budapest, Chicago. Christiania, Genf, Kopenhagen,
2006 706 3108 765 London, Madrid, Mailand, Minncapolis, New-Vork, Paris, Rom,
2177 744 2954 803 San Francisco, Stockholm, St. Petersburg.
2360 786 2782 851 (Quellenangabe ohne Gewähr.)
2002 864 2380 940 Ausschnitt aus
2342 845 3043 975 lfe 9 Teretngs-Courter, Wien
2137 935 2661 1025 2o. URinben 4505
2006 970 2162 1031 vom:
2137 1103 3112 1184 Plandereien vom Theater.
2191 1181 3140 1241 Es ist eigentlich nicht zu ergründen, wieso in
2107 1240 3144 1289 weitere Kreise der Oefsentlichkeit, ja sogar der litera¬
2098 1287 3144 1339 rischen, die Meinung gedrungen ist, daß sich das
2104 1333 3152 1385 Wort des Dichters jetzt im Burgtheater mit
2095 1355 3162 1437 größerer Freiheit bewege als ehedem, daß die Fesseln
2104 1424 3158 1477 der Hoftheaterzensur erweitert worden sind — derart,
2098 1460 3153 1511 daß man sie kaum mehr spürt, wenn man nur ein
2095 1497 3165 1554 halbwegs rechtschaffener Autor ist. Nun, diese Meinung
2106 1548 3158 1610 ist wohl auf Steinen gebaut — aber auf solche, die
2103 1577 3156 1654 beim ersten Anstoß in Sand zerfallen. Sehen wir
2114 1635 3148 1691 einmal ein paar Kleinigkeiten an, welche die Hof¬
2102 1680 3155 1727 theaterzensur aus Artur Schuf#lers Zwischen¬
2103 1720 3168 1773 spiel“ mit überaus vorsichtißem Skift-hinausstrichliert
2109 1759 3168 1828 hat. Empfindlichkeiten in den kleinsten Kleinigkeiten!
2112 1803 3158 1870 werden da offenbar. Wir haben schon in unserer
2111 1857 3163 1916 letzten „Planderei“ von einer derartigen jungfräu¬
2109 1893 3163 1973 lich errötenden Zensurleistung gesprochen, die an der
2104 1934 3165 2014 jüngsten Novität des Burgtheaters erreicht worden
2218 1990 3169 2059 aber was hier folgen soll, ist noch hübscher. Da
2100 2033 3161 2094 hat z. B. im zweiten Akte Kainz=Amadeus seinem
2106 2075 3160 2131 Freunde Albertus gegenüber (der Darsteller des
2113 2124 3153 2180 Albertus ist Herr Treßler) die Scheidungsgerüchte,
2103 2171 3158 2226 die bezüglich des Ehepaares Amadens=Cäcilie kol¬
2108 2209 3155 2274 vortient wardenuurgisch zu dementieren. Und da
2094 2241 2554 2316 sägt Kainz=Amadens:
2239 2278 3156 2359 „Sage ihnen (den Leuten), daß die Treue,
2149 2314 2349 2395 die wir
2416 2336 2763 2400 Cäcilie und ich
2820 2343 3149 2409 einander halten,
2143 2381 3165 2450 wahrscheinlich eine bessere ist, als die in manchen¬
2141 2427 3169 2496 anderen Ehen, wo man tagsüber seines
2144 2482 3162 2555 eigenen Wege geht und nichts gemein¬
2149 2519 2760 2573 sam hat als die Nacht.“
2196 2543 3158 2621 Das heißt: Kainz hätte nach dem Wortlaut
2108 2590 3154 2676 des Buches diesen Satz zu sprechen — aber im Burg¬
2104 2653 3165 2717 theater spricht er ihn nicht. Die Zensur hat den
2101 2690 3164 2776 Passus: „wo man tagsüber“ bis zur gemeinsamen
2115 2734 2537 2802 Nacht gestrichen.
2227 2773 3159 2842 Aus einer zarten, aber nichtsdestoweniger grund¬
2106 2812 3167 2884 falschen Empfindung heraus hat man diese Worten
2099 2884 3160 2943 gestrichen. Mit viel mehr Recht hätte man die ganze
2106 2913 3157 2980 Schlußszene des zweiten Aktes eliminieren können,
2103 2968 3157 3042 da Amadeus seine Gattin (noch dazu gerade deshalb,
2046 3048 3123 3160 weil sie in seinen Augen gar nicht mehr seine Gattin ist)
2051 3108 3105 3204 ins Schlafzimmer drängt. Natürlich wäre dann
2048 3141 3091 3234 die Aufführung des ganzen Stückes unmöglich ge¬
2052 3195 3101 3297 worden da es doch kein „Zwischenspiel“ ohne dieses
2056 3241 3099 3335 Zwischenspiel geben kann. Aber Eins hätie sich die
2045 3278 3029 3380 verehrte Hoftheaterzenfur vor Angen halten sollen:
2144 3337 3094 3423 Schnitzlers Zwischenspiel“ ist kein Stück für
2041 3377 3096 3481 Komtessen. Da lassen die Abonnenten ebenso wie die
2038 3418 3085 3500 Billettenkäufer ihre jungen Mädchen zuhause. Und den
2035 3462 3085 3544 „Großen“ den verheirateten Leuten, die da kommen,
2031 3494 3094 3602 um den Dichter und Nervengelehrten Artur Schnitzler
2036 3552 3082 3666 bei der Definition eines ehelichen Problems am Werke
2026 3591 2226 3655 zu sehen
2223 3608 3078 3701 denen hätte der Passus von der „gemein¬
2030 3634 2691 3733 samen Nacht“ gar nicht geschadet
2726 3670 3072 3747 aber nicht ein
2026 3678 2191 3746 Bisserl!
2116 3729 3078 3835 Ueberdies, wenn man sich einen Schriftsteller
2015 3765 2598 3840 Twie Schnitzler vorstellt, dem
2635 3799 3081 3887 das beweist ja schon
2025 3818 2754 3897 die Langeweile seiner Szenenführung
2790 3850 3068 3924 nichts ferner
2020 3849 2801 3948 liegt, als die Erregung von Lüsternheit.
2093 3944 3062 4067 Aber nicht nur die Sittlichkeit hat die Hoftheater¬
2013 3970 2987 4096 Zensur gelegentlich des „Zwischenspiels“ gerettet
2009 4025 3051 4137 sondern etwas viel Höheres, Erhabeneres. In dem¬
2003 4095 2948 4167 selben (zweiten##t, findet sich folgende Stelle:
