3436 4384
1324 149 2425 248 box 25//3 es Stückes „Zwischenspiel“ will
269 151 1173 259 20. Zuischensniel
1794 221 2427 273 men sein etwa so wie die bilder¬
624 263 2430 321 Paris,22#og=vonureihen Kumen der dramatischen Arbeiten Ibsens,
1489 302 2432 350 die ihre poetische Vignette aus einem reizvollen
527 309 1474 386 tugal ist um 3 Uhr hier eingetroffen und
1484 345 2427 400 Detail des Dialoges hervorholen und sie bei
537 350 1480 403 wurde im Bahnhofe vom Präsidenten Lonbet,
1491 373 2420 443 jeder entscheidenden Szeue bedeutsam hervorflim¬
546 391 1482 448 von den Ministern und den Vertretern der Be¬
1494 430 2425 478 mern lassen. Der Kapellmeister Amadens Adams
550 435 1471 487 hörden empfangen. Um 5 Uhr begab sich der
1495 470 2438 525 hat ein Capriccio komponiert, das er ein „Zwischen¬
539 486 1479 542 König in das Palais Elysee, um dem Präsidenten
1492 520 2437 562 spiel“ nennt, und als ihn die beste Interpretation
547 529 1062 589 einen Besuch abzustatten.
1498 552 2431 615 seiner Schöpfungen, seine Gattin, die Opernsän¬
624 550 1473 617 Madrid, 22. Nov. König Alphons
1495 595 2428 653 gerin Cäzilie Adams Ortenburg auf eine heim¬
549 597 1485 664 ist nachmittags hieher zurückgekehrt. Die
1487 634 2439 693 liche Traurigkeit in dem heiteren Tonstücke auf¬
544 644 1433 722 Bevölkerung bereitete ihm lebhafte Ovationen.
1489 683 2441 729 merksam macht, tauft er es Capriccio doloroso.
1498 725 2433 774 Diese verborgene Melancholie hat sich in sein Werk
678 745 1390 837 Kabel-Telegramme:
1482 764 2441 816 vielleicht nur darum hineingeschlichen, weil seine
1500 804 2430 862 persönliche Stimmung sich nicht von Beklem¬
616 789 1482 857 New-Tork. 22 Nov. Getreide- und
1489 849 2431 910 mungen frei weiß. Nach siebenjähriger Ehe, die
543 853 1481 920 Fondsbörse. (New-Torker Börse von hente.)
1487 900 2444 946 mit einem prächtigen Kinde gesegnet ist, fühlt
558 893 1419 942 Tendenz der Getreidemarktes: Stetig.
1193 931 1484 980 Weizen per
1590 934 2436 989 Adams bei aller Wertschätzung für seine
564 936 1146 992 Weizen per Dez. 90.62. —
1499 937 1591 991 sich
556 961 1487 1024 Mai 9062.— Mais per Dezember 54.—.
1491 980 2434 1039 Frau zu seiner gräflichen Schülerin, der
555 1017 1327 1060 Zucker (Fair. Rei. Muscovados) 3 15/16
1489 1020 2439 1072 Opernsängerin von Moosheim hingezogen,
1048 1031 1474 1089 Schlußtendenz der
555 1051 983 1101 Baumwolle 11.65.
1495 1059 2447 1108 welche es freilich an Verführungskünsten nicht
543 1081 1488 1144 Fonds-Börse: Unregelmäß. Aktienumsatz:
1494 1102 2438 1165 fehlen läßt. Da auch die vielgefeierte Gattin
549 1127 1484 1171 1,470.000 Stück. Union - Pacifio 13425,
1493 1129 2438 1207 ihre Liaison mit dem Fürsten Lohsenstein hat,
550 1167 1481 1224 Kanada-Paciflo 178 12, Wechsel auf Lon¬
1495 1188 2435 1247 kommt es zwischen dem Ehepaare zu einer fried¬
558 1191 1135 1263 don 4 8270, Silber 64.37.
582 1209 1480 1281 Glasgow, 22.Nov. Roheisen. (Schluß.) Mixed
1496 1230 2438 1290 lichen Aussprache. Beide halten es sich etwas
559 1273 1478 1333 numbers warrants — sh. 0 d. Middles borough
1499 1270 2446 1325 darauf zu Gute, gegeneinander höchst freimütig
557 1313 800 1379 53 sh. 4 d.
1489 1318 2441 1367 vorgegangen zu sein; sie hatten niemals ein Ge¬
1498 1365 2438 1418 heimnis voreinander und darum scheint alle
634 1380 1453 1463 Stimmungsbericht vom amerika¬
1501 1401 2441 1457 Hoffnung vorhanden, daß aus der brüchig ge¬
1497 1445 2451 1506 wordenen Ehe eine gute Freundschaft werden
708 1443 1369 1515 nischen Baumwollmarkte.
1488 1488 2444 1553 könnte. Nur scheinen sie gerade in diesem fol¬
1024 1487 1463 1558 New=Yrek, 22. Nov.
1507 1541 2438 1596 genschweren Entschlusse, nebeneinander und nicht
623 1530 1494 1606 Die Baumwollbörse verkehrte bei Eröffnung auf
2152 1568 2446 1630 wollen, von
1495 1567 2030 1640 mehr miteinander leben
2020 1577 2131 1626 zu
559 1591 1492 1649 enttäuschende Kabelnachrichten und Abgaben, die in
1695 1607 2435 1675 gerühmten Ehrlichkeit nicht den
1502 1617 1689 1677 der so
565 1648 1484 1704 der Annahme eines bevorstehenden Tendenzumschwungs
1947 1652 2125 1717 machen.
2150 1649 2441 1710 Der Kapell¬
1503 1651 1950 1723 vollen Gebrauch zu
562 1686 1495 1749 vorgenommen wurden, niedriger, zumal auch Reali¬
1500 1692 2443 1755 meister gibt sich dem vorübergehenden
569 1737 1500 1794 sationslust in Erscheinung trat. Späterhin zeigten
1513 1752 2446 1799 Reize einer Liebschaft gefangen und hält die
566 1792 1499 1844 sich vorübergehend Erhöhungen, veranlaßt durch hausse¬
1510 1779 2450 1836 Neigung, die ihn trotz alledem an die Gattin
1500 1820 2449 1886 fesselt, für ein bloßes Bedürfuis des Künstlers,
558 1830 1500 1882 lautende Ernteschätzungen und günstigere Konjunktur¬
1510 1879 2452 1930 der von der verständnisvollen Kennerin seiner
566 1874 1497 1939 berichte von den füdlichen Märkten. Die Hauffiers
1509 1903 2440 1976 Werke nicht lassen will. Und Zäzilie treibt ein
559 1925 1504 1990 waren bemüht, das Kursniveau zu halten, und auch
1514 1952 2443 2004 noch frivoleres Spiel, da sie den zum Freunde
552 1977 1504 2031 die Wallstreet=Spekulanten beteiligten sich als lebhafte
1513 1999 2451 2057 degradierten Gatten, viel iuniger liebt als den
568 2018 1450 2088 Käufer, da aber zuletzt Liquidationen vorgenon
1506 2032 2453 2091 jungen Fürsten, um dessentwillen sie auf die ge¬
564 2056 1502 2129 wurden und dies das aggressive Vorgehen der Baisse¬
1513 2076 2457 2133 fährlichen Freundschaftsexperimente eingeht. Die
565 2108 1496 2177 partei förderte, zeigten sich allgemeine Kursabbröcklun¬
1503 2115 2450 2172 Eheepisode der Beiden hat ein vorläufiges Ende
562 2157 1490 2229 gen. Man schloß in stetiger Tendenz. Wetter: Golf
1563 2160 2454 2227 das Zwischenspiel neuer Liebesromautik kann
1514 2205 2454 2253 beginnen. Doch es ist von recht kurzer Dauer.
542 2194 1036 2280 klar 53, Atlantik klar 55.
1522 2252 2457 2308 Nach wenigen Monaten hat Amadens der ver¬
552 2259 630 2335 5
1515 2276 2450 2347 führerischen Gräfin bereits den Abschiedsbrief
591 2311 854 2421 4
1517 2334 2455 2390 geschrieben, und der Roman seiner Gattin
897 2315 1194 2406 Theater.
1520 2367 2453 2425 hat sich noch in bescheideneren Formen gehalten.
847 2392 1253 2471 Zwischenspiel.
1513 2420 2446 2476 Sie hat dem verliebten Fürsten die Rolle eines
593 2431 1484 2515 Komödie in drei Akten von Arthur=Schicter
1518 2462 2456 2516 schmachtenden Liebhabers zugedacht und kehrt
580 2499 1499 2580 (Erstaufführung am 22. November 1905 im Neuen
1522 2498 2460 2552 unberührt von den Flammen der Leidenschaft
866 2544 1227 2607 deutschen Theater.)
1508 2542 2455 2609 von einer Berliner Gastspielreise in ihr Wiener
1514 2586 2456 2635 Heim zurück. Dort wird sie von Amadeus, der
648 2584 1506 2642 Der Begriff der Komödie ist viel freier und
1509 2627 2449 2686 sich noch nicht eingesteht, daß seine Freundschaft
548 2635 1502 2682 luftiger als uns Schnitzler mit seinem neuen
1517 2672 2450 2726 für Zäzilie längst wieder Liebe geworden ist,
574 2679 1507 2733 Stücke glauben machen will. Vor allem hat er
1515 2704 2467 2765 sehnsüchtig erwartet, und als sie schöner und be¬
577 2715 1508 2767 eine stärkere Ueberlegenheit des Dichters seinem
1522 2748 2465 2817 gehrenswerter als je vor ihm erscheint, da entzündet
572 2764 1507 2820 Stoffe gegenüber zur Voraussetzung und bedingt
1965 2798 2389 2851 der Leidenschaft
1762 2799 1976 2855 Flamme
1524 2798 1771 2858 sich die
571 2802 1500 2851 eine klare Erkenntnis der Seelenzustände aller
1517 2822 2466 2891 mächtig, daß beide in ihrem Glutstrom
574 2842 1507 2899 Gestalten, mit deren inneren und äußeren Erleb¬
1519 2882 2459 2938 versinken. Das Erwachen der Ehegatten nach
580 2890 1515 2937 nissen wir vertraut werden sollen. Erst dann
1520 2925 2460 2978 dieser eigentümlichen Liebesnacht ist ein ganz ver¬
578 2927 1514 2984 kann sich jene athmosphärische Wirkung ergeben,
1529 2956 2467 3025 schiedenes. Amadeus ist am nächsten Morgen der
584 2970 1515 3023 die den Zuschauer so heiter stimmt, daß er selbst
1525 3006 2453 3065 eifersüchtige Liebhaber, der sogar den Fürsten
583 3008 1512 3065 den ernsten Vorgängen auf der Bühne mit der
1527 3051 2453 3098 Lohsenstein zum Duell herausfordert und sich erst
583 3058 1507 3108 wohl temperierten Wärme des eingeweihten Un¬
1530 3089 2459 3145 beruhigt, als er ihm die Reinheit seiner Bezie¬
583 3090 1516 3144 beteiligten begeguet, daß er sich für die Konflikte
1516 3133 2458 3187 hungen und den Willen zur Resignation kund¬
584 3142 1515 3196 der handelnden Personen lebhaft interessiert, ohne
1516 3166 2461 3227 gibt. Zäzilie aber steht diesen Regungen ver¬
577 3181 1510 3236 an ihnen zu leiden. Arthur Schnitzler ist diesen
1521 3219 2470 3280 jüngter Gattenliebe als eine Verwandelte gegen¬
581 3229 1516 3280 Gesetzen des Komödienstiles nur in der Figur
1521 3272 2466 3314 über. Das Erlebnis der Nacht, die sie zur Ge¬
581 3269 1509 3323 des Schriftstellers Albertus Rhon gerecht gewor¬
1525 3303 2465 3354 liebten des Mannes machte, dessen Ehefrau sie
580 3301 1511 3357 den, dem die Rolle zufällt, das bunte Spiel mit
1516 3340 2459 3395 gewesen, hat in ihr einen Sinneurausch entzün¬
583 3356 1520 3410 Gefühlen und Gefühlchen, das den Hauptinhalt
1517 3388 2467 3440 det, der über alle Grenzen hinausstrebt. Vor dem
576 3383 1504 3443 des Stückes ausmacht, mit literarisch verfärbten
1517 3424 2467 3490 Gatten will sie flüchten, bevor sie noch der Ekel
578 3438 1514 3485 Glossen zu begleiten, und gleichsam das kritische
1525 3466 2465 3519 dazu zwingt. Er, der sein Liebesleben so mäch¬
575 3475 1512 3526 Gewissen des Dramatikers darstellt, der sich der
1524 3514 2467 3559 tig glaubte, daß er sich mit problematischen Frei¬
575 3512 1515 3569 Ueberspitzung seines Themas bewußt schien. Aber
1521 3553 2464 3591 heitsgedanken herumtrug, ist an der Sentimen¬
584 3558 1515 3616 mit seinem Stoffe selber ist der Dichter in einen
1529 3599 2455 3656 talität gestrandet, die ihn von der Frau seiner
574 3596 1517 3677 befremdenden und verdunkelnden Mystizismus des
1526 3640 2468 3701 Wahl nicht loskommen läßt. Und sie, deren
587 3649 1518 3696 Liebeslebens hineingeraten; in einzelnen feinen
2147 3678 2469 3742 dem Manne
1517 3673 2153 3742 ganzer Stolz darin bestand,
574 3676 1517 3764 Zügen werden wir an den konsequentesten und
1523 3714 2461 3793 ihrer Neigung aus freien Stücken entsagt zu
589 3729 1508 3781 entschlossensten Deuter herzenstiefer Probleme, an
1518 3757 2465 3817 haben, steuert in = dem Augenblicke, wo
591 3774 1515 3823 Meister Ibsen erinnert, aber gerade dieser Ver¬
1522 3806 2469 3862 sie ihn wiedergewonnen, auf das wilde
586 3810 1515 3874 gleich, der sich bei mancher gelungenen Wendung
1525 3832 2470 3896 Meer der Leidenschaft hinaus. Das sich ab¬
578 3867 1520 3909 aufdrängt, bringt es uns zum Bewußtsein, wie
1520 3888 2460 3953 stumpfende Rätsel von der männlichen Unbestän¬
588 3895 1514 3944 weit diesmal Schnitzler hinter einer selbsicheren
1531 3933 2460 3989 digkeit, die mit den Worten Liebe und Freund¬
591 3946 1520 3995 Gestaltung seines Eheromaues zweier Künstler
1526 3975 2471 4026 schaft ein Gankelspiel getrieben hat, wird durch
580 3977 1527 4035 zurückgeblieben ist, wie ziellos seine Helden zwi¬
587 4016 2470 4099 schen Bejreiung und Gebundenheit schwanken und das Rätsel von der weiblichen Unberechenbarkeit
