3484 4384
246 139 1761 237 20. Zwischensniel box 25/3
856 812 976 885 284
910 911 1902 993 Im Manne ist die Kunst stärker, im Weibe das Weib;
853 977 1905 1039 daher auch im Tasso guter Ausgang, in der Sappho
854 1033 1912 1091 tragisches Ende. Der vielgewendeten Frage, ob Tasso
857 1077 1896 1138 eine Tragödie ist oder nicht, ließe sich so beikommen:
913 1140 1907 1189 Dieser Tasso ist so gut wie tot, der Mann und
855 1191 1904 1256 der Dichter; aber ein neuer Tasso kann werden, be¬
871 1245 1901 1303 reichert um die Voraussetzungen, die aus der tragischen
863 1282 1324 1364 Episode gewonnen sind.
904 1306 1904 1395 Im „Zwischenspiel“ nun leiden zwei feine Menschen,
867 1389 1903 1441 hohe Menschen, leiden jeder an sich selbst und an dem
858 1427 1413 1495 andern, beide Künstler!
914 1469 1912 1536 So glaube ich denn, daß hier das letzte Wort im
868 1521 1910 1581 Künstlerdrama gesprochen ist und daß ein Weitergehen
859 1588 1910 1647 keinen Gewinn mehr brächte. Das Motiv gehe wieder
868 1624 1494 1694 über in den Besitz der Novelle!
915 1680 1237 1744 Was geht vor?
907 1732 1905 1799 Bis vor einem Jahre lehten beide in geradezu idealer
866 1775 979 1840 Ehe.
908 1798 1901 1876 Jetzt schreitet Er über das Grab ihrer Ehe in ver¬
858 1866 1903 1937 lockende Verheißung neuer Liebe. Dann schreiten beide
860 1921 1910 1986 über das Grab der Liebe und Ehe miteinander in brün¬
876 1973 1906 2036 stige Leidenschaft und dann gehen sie auseinander, weil
862 2016 1907 2082 es Sie so will. Cäcilie nämlich, bis vor einem Jahr
862 2075 1912 2129 die keusche Ehefrau, ist von Amadeus zum intuitiven
873 2126 1905 2191 Menschen erweckt worden und noch erträgt sie den Wan¬
862 2167 1911 2220 del in sich und um sich nicht. Liebe und Ehe waren
875 2220 1915 2279 ihr ein und dasselbe. Jetzt ist sie entwurzelt und muß
878 2263 1918 2348 erst aus der an sie heranwogenden Welt selbständiges
881 2314 1162 2389 Leben saugen.
922 2362 1222 2432 Eine Komödie.
923 2390 1913 2467 Es dünken sich die zwei gottbegnadeten Menschen¬
861 2464 1917 2527 kinder über sich selbst und gegenseitig klar zu sein und
878 2515 1917 2582 werden doch von der holden Lügnerin Phantasie ver¬
872 2557 1449 2622 strickt in Irren und Wirren.
920 2594 1905 2672 Das Intuitive, dem die Künstler ihre Größe dan¬
879 2657 1916 2711 ken, dem vertrauen sich die Menschen an und gehen
881 2710 1921 2775 fehl, weil „die Muse zu begleiten, doch zu leiten nicht
873 2757 1057 2821 versteht“
921 2814 1917 2867 Wunderlich! Wahrheit wird Lüge, Lüge wäre Wahr¬
867 2852 1911 2914 Wahrheit. Wer ist seiner selbst sicher? Wer wertet
876 2907 1053 2967 richtig?
932 2946 1912 3017 In würdigem Gewande wurde uns der funkelnde
871 3002 1910 3066 Edelstein dargeboten. Das Interieur war mustergiltig,
875 3053 1916 3112 Licht — natürliches und künstliches —, Blumen, kurz
874 3094 1912 3160 alles, was zur „mise en scène“ gehört, war trefflich.
925 3150 1912 3218 Aber wische die Traube ab und du nimmst ihr viel. Wische
883 3200 1913 3257 das Wienertum weg aus dem Zwischenspiel und du nimmst
885 3242 1921 3299 ihm viel. Die echt wienerischen Wendungen und die immer
883 3295 1917 3360 wiederkehrende Formel „Grüß Dich Gott“ oder „Grüß
875 3346 1918 3405 Sie Gott“ heischen bestimmte Färbung und der liebe Mensch
879 3399 1915 3453 und tadellose Aristokrat, der platonische junge Mann ist
876 3441 1918 3511 so bodenständig in Wien und in den Alpenländern, daß
882 3493 1920 3553 er anderswo ein Lächeln erregen dürfte. Das merken
871 3537 1914 3611 wir erst recht, wenn die andern Figuren so unwienerisch
867 3595 1248 3663 dargestellt werden.
2729 795 2960 881 Rundschau.
1967 931 2960 985 Den Intentionen des Dichters wurde man im ganzen
1926 971 2953 1024 weniger gerecht, als zu wünschen gewesen wäre. Aller¬
1923 1015 2961 1098 dings stellt die Komödie die höchsten Anforderungen an
1929 1070 2969 1125 die Spielleitung und an die einzelnen Schauspieler. Die
1921 1123 2959 1183 heterogensten Charaktereigenschaften treten aus dem
1924 1169 2955 1251 Heldenpaar schillernd zutage, ein Bild der unbegrenz¬
1926 1235 2967 1278 ten Möglichkeiten, die alle im Vollmenschen liegen. Die
1925 1271 2974 1343 Gefahr, die größte, ist ein falsches Pathos. Hart an
1921 1320 2962 1381 der Schneide des Lächerlichen bewegt sich der dialek¬
1932 1370 2972 1428 tische Dialog vom Schrei der Natur bis zum bizarrsten
1932 1429 2971 1490 Selbstbespiegeln. Diskret, delikat, geschmackvoll, spitzig,
1926 1466 2972 1529 witzig, mißtrauisch, exaltiert, launenhaft, ehrlich — alle
1933 1522 2671 1583 die Töne und Farben werden verlangt.
1977 1569 2751 1635 Gebt dem Dichter was des Dichters ist.
1976 1600 2972 1679 Trotzdem danken wir aufrichtig dafür, daß man der
1924 1663 2973 1741 Pflicht nachgekommen ist und den österreichischen Dichter
1919 1722 2494 1787 zu Worte hat kommen lassen.
1971 1754 2982 1827 Die Zwischenaktmusik trug dazu bei, daß man in
1923 1810 2986 1865 Schauspiel=Stimmung kam anstatt in die der Komödie;
1929 1867 2850 1926 es wurden getragene Piecen zu Gehör gebracht.
1970 1905 2962 1965 Was aber hindert den Komödiendichter heute, die
1933 1960 2977 2024 reinste Form ohne Makel zu finden? Was hindert
1926 2013 2973 2087 unsern Dichter, mit diesem schönen Werk durchzu¬
1928 2065 2125 2133 dringen?
1979 2085 2971 2179 Die überwuchernde Produktion auf dem Gebiet des
1927 2162 2974 2228 „mittleren Lustspieles“ und der äußerlich zu Komödien
1936 2201 2985 2292 aufgeputzten Zeitsatiren sperren den Weg zur freien
1921 2269 2131 2325 Komödie.
1978 2317 2972 2370 Und das Publikum akklamiert den gewandten Stücke¬
1935 2363 2965 2424 schreibern, ja es fordert solche maitres de plaisir.
1980 2405 2967 2459 In Wiener Patrizierkreisen (und Wien ist doch Öster¬
1921 2464 2975 2515 reich) ist heute noch Kotzebue beliebt. Zwar sieht man
1924 2500 2976 2555 ihn nicht mehr auf den öffentlichen Bühnen. Aber die
1927 2550 2977 2624 Familien tun sich zusammen und lassen in Privatzirkeln
1922 2603 2982 2678 ihre Jugend Kotzebue (und Birch=Pfeifer und Iff¬
1933 2652 2955 2715 land und deren Epigonen) agieren. „Klein Doritt“
1929 2710 2966 2773 ist darum eine helle Freude der Bourgeoisie und der
1936 2750 2981 2816 „Stein unter Steinen“ des Kotzebue redivivus findet
1930 2796 2668 2870 bereitwillige Nerven und Taschentücher.
1976 2851 2982 2915 Aus England, dem Lande des Oratoriums, dem
1922 2898 2974 2948 Lande des Pietismus, dem Lande der Sonntagsruhe, dem
1924 2947 2974 3020 Lande endlich, woher „Quality Street“ kam, ist der
1926 2998 2986 3067 Keim von „Klein Doritt“ zu uns verpflanzt worden,
1931 3042 2564 3113 aus einem Roman von Dickens.
1993 3095 2978 3156 Zwei Figuren hat das Stück. Den alten Doritt,
1935 3150 2972 3201 den König des Schuldgefängnisses mit der Geberde des
1933 3193 2974 3260 Herrschers, mit der Pose der Wohlerzogenheit, mit der
1929 3243 2974 3304 Gewohnheit, wie ein Tyrann zu brandschatzen; eigent¬
1936 3291 2977 3344 lich recht verkommen, aber liebenswürdig auch dann,
1935 3340 2985 3402 wenn er unnachsichtig seinen Tribut fordert; und die
1928 3388 2986 3435 Tochter des Gefängnisses, Klein Doritt, einen Engel.
1935 3440 2991 3503 Bekehrt alle bösen Menschen zu guten Menschen. (Ganz
1938 3483 2977 3544 die Klassisizierung wie in den Erzählungen von Herchen¬
1940 3539 2981 3597 bach, die man uns in den untersten Gymnasialklassen
1921 3588 2981 3662 vorgesetzt hat.) Bekehrt auch den aristokratischen Wild¬
