3484 4224
1309 63 1760 160 box 25/5
247 77 1165 189 20. Zuischensniel
1254 1139 1444 1218 U U. 3•
853 1245 1820 1303 neu können. Er ist durch Zäzilie eingeweiht,
850 1308 1820 1363 daß sie sich durch gegenseitigen freien Ent¬
858 1352 1817 1407 schluß als Gatten Lebewohl gesagt hatten.
867 1404 1828 1468 Darum will er dem für ihn unerträglichen
863 1452 1822 1515 Zustand der Halbheit ein Ende machen. Für
857 1502 1820 1562 ihn besteht noch immer jener Zustand, dem
870 1546 1817 1615 für Amadeus die gestrige Nacht ein Ende ge¬
866 1600 1822 1665 macht hat, — den Anfang vom Ende. Ama¬
865 1656 1818 1713 deus hat in der neu entflammenden Leiden¬
872 1700 1821 1776 schaft alles vergessen. Vergessen, daß er Zäzi¬
862 1747 1823 1809 lie freigegeben, vergessen, daß er gar nicht be¬
870 1806 1833 1867 trogen werden konnte. Die Eifersucht macht
871 1850 1823 1923 ihn blind und er macht dem Fürsten die Mit¬
873 1900 1727 1962 teilung, daß er ihn habe fordern lassen.
959 1940 1831 2027 Da lächelt dieser. Mit einem Lächeln der
869 1993 1836 2074 Ueberlegenheit und der Resignation. Er ist
867 2050 1834 2116 dem blinden Eifersüchtigen überlegen, weil es
869 2119 1836 2169 zwischen ihm und Zäzilie niemals zu einem
873 2159 1830 2210 „Betruge“ gekommen ist, weil er — wäre es so
859 2198 1837 2273 weit gekommen — jedenfalls nicht die Pflicht
867 2264 1834 2315 in sich gefühlt hätte, Zäzilie zu seiner Frau
871 2299 1832 2376 zu machen. Aber seine Ueberlegenheit wird
877 2353 1838 2425 wehmutsvoll dadurch verklärt, daß er zu er¬
881 2401 1828 2467 kennen glaubt, er sei für Zäzilie nicht mehr
883 2447 1832 2509 und nicht weniger als ein Mittel gewesen,
875 2504 1841 2576 Amadeus zurückzugewinnen. Es söhnt ihn mit
870 2566 1833 2626 Amadeus, der ihm fast wie ein Schwächling
871 2603 1839 2663 erschienen war, aus, daß dieser sich zu einer
870 2652 1839 2714 Duellforderung berechtigt hielt. Er drückt ihm
865 2706 1839 2786 die Hand, und mit diesem Händedruck verab¬
879 2754 1484 2828 schiedet er sich von Zäzilie.
966 2798 1845 2890 Zäzilie aber verabschiedet sich von — Bei¬
869 2865 1891 2953 den. Zu ehrlich, um Sigismund weiter in
2863 1112 2980 1195 2
1806 1132 3353 1258 #iür die ausgelosten Aiglider ds Lirot: (Vertreter für An
2797 1237 3346 1291 erhalten im Bureau der
1834 1251 2784 1327 einer holden Täuschung zu lassen, zu tief
2792 1278 3289 1350 und Gewerbekammer
1828 1296 2786 1386 und zu wahr, um bei Amadeus zu bleiben,
2795 1331 3309 1402 eines gut eingeführten
1826 1361 2791 1436 der für sie zu wenig als Gatte ist und zu
2797 1379 3317 1453 würdiger Seite bestens
1832 1401 2792 1484 wenig als Geliebter. Sie ist eine zu große
2800 1427 3169 1507 ters für Ungarn.
1833 1454 2785 1526 Natur, um an einer gewöhnlichen Ehe festzu¬
2881 1477 3339 1561 (Die Verkehrsverh
1835 1515 2783 1574 halten, in der man sich immer wieder verliert,
2798 1525 3345 1608 Nordbahn.) Wie unseren
1835 1558 2788 1621 um sich immer wieder zu finden, in der im
2793 1580 3349 1658 richtete die Olmützer Han
1830 1604 2778 1669 Wechselreigen des Betruges mit dem Treuege¬
2790 1636 3356 1695 kammer am 7. d. an die
1837 1672 2794 1724 löbnis das Elementarste dieses Lebens lang¬
2805 1685 3341 1755 senten die Aufforderung,
1840 1720 2791 1775 sam aber sicher schwindet: die Liebe ... „Wir
2794 1738 3351 1807 über ungenügende Wag
1835 1769 2778 1833 waren“ — spricht sie zu Amadeus — „weder
2802 1792 3345 1860 verspätete Ablieferung vo
1836 1807 2787 1891 geschaffen, uns ewig in Treue zu lieben, noch
1832 1840 3288 1935 stark genug, um unsere Freundschaft rein über Geschäfts= bezw.
2800 1885 3349 1962 dgl. infolge von Verkehr#
1843 1911 2601 1993 zu erhalten. Andere fänden sich ab.
2790 1935 3339 2011 Nordbahn und anderen
1846 1967 2784 2036 kann es nicht. — Und du darfst es nicht
2799 1973 3352 2061 bekannt zu geben. Die ü
1847 2019 2052 2080 können!!“
2804 2032 3353 2106 allen Teilen des Kamme
1922 2042 2783 2130 So geht sie hin. Wohin? Zu dem
2807 2082 3332 2163 verschiedensten Branchen
1840 2105 2793 2188 Opernsänger Wedius? Ins Ferne, Unge¬
2799 2123 3355 2214 schwerden über die Kefschäl
1842 2159 2792 2223 wisse? — Sie geht mit dem tiefen Bewußt¬
2804 2177 3361 2260 der geradezu in PPerma
1839 2209 2786 2276 sein des erwachten Weibes in die glühenden
2797 2241 3356 2315 kehrseinstellungen Kauf den
1852 2272 2788 2333 Verheißungen des Lebens. Noch eine Träne
2800 2281 3336 2364 Nordbahn, über Hie zur s
1836 2320 2520 2384 weint sie dem verlorenen Glück
2797 2338 3366 2420 gewordenen Lieferfristerstre
1914 2342 2795 2428 Und die Moral aus der Geschichte? Wel¬
2796 2391 3358 2468 fristüberschreituggen wurde
1843 2411 2799 2483 ches war das Zwischenspiel? Der harmlose
2813 2444 3358 2511 fen dem k. ké Eisenbahnn
1854 2462 2793 2529 Flirt mit dem seelen= und taktvollen Fürsten
2798 2490 3361 2567 k. k. Nordbehndirektion b
1844 2518 2795 2580 Sigismund? Jene drei erkenntnisreichen, Ber¬
2807 2550 3386 2618 Kammer het hiebei besond
1842 2562 2785 2625 liner Wochen? Jene Nacht der Wiederkehr
2811 2598 3354 2662 legt, über jeden einzelnen
1854 2612 2538 2699 und des schmerzvollen Glückes?
2796 2646 3359 2728 berichten und immer und
1929 2668 2370 2753 Oder die — Ehe?
2800 2699 3354 2773 den „Bericht des Sonderau
2243 2717 2772 2811 Emanuel Ulrich.
2799 2743 3363 2818 bahnkgelegenheiten“ hinzu
2809 2798 3360 2876 schöpfender Weise jene M
2784 2846 3343 2932 deren Durchführung im
