3436 4256
1226 211 1686 300 box 25/4
152 224 1196 322 20. Zuischensniel
1065 1262 2386 1333 mit einem leisen Stich ins Schwermütige, Grüblerische — denn oi
1182 1320 2023 1366 itzler hat Tiefen. Eine Stärke des „Zwi
2178 1314 2244 1366 Is“
1237 1361 2019 1403 dialog — aber es ist nicht etwa ein Kon
2222 1355 2379 1407 stück. 2
1277 1386 2000 1438 ist wie gesagt Seelenmaler — und in
2249 1401 2315 1444 ten
1300 1436 1971 1483 mi den breitesten Raum das Psych
2275 1474 2383 1527 e
1326 1474 1942 1518 riert sich auch die ganze Handlum
1342 1513 1698 1561 1 fast völlig fehlt.
1356 1511 1927 1596 in „Zwischensoie, in Stlakch
1862 1550 1940 1598 S i
1356 1587 1961 1642 eit, mit welcher Empfindung wi
2139 1586 2219 1643 schil
1813 1631 2058 1675 und wenn 1
2096 1625 2215 1676 n so
1377 1623 1758 1683 die ganzen Vorzüge
1372 1666 2209 1713 Schwächen des Stückes. Aber mag man ir
1343 1704 2333 1760 ß das „Zwischenspiel“ zu zarte Filigranarbeit hat
1334 1745 2303 1790 meinplatz vom Buchdrama anwenden — es ist ein
1325 1787 2317 1835 ns lieb ist, weil es so viel von uns selbst enthält.
1075 1745 1152 1834 30
1929 1814 1975 1865 7,
1318 1817 1898 1874 Beyerleins „Großknech
1981 1816 2316 1865 der am Sonn¬
1357 1854 2365 1907 ner Erstausführung im hiesigen Schauspielhause 6
1383 1898 2316 1945 de, ist nicht viel Gutes zu berichten. Daß sich
1379 1913 2387 1987 iesmal von der Rührseligkeit und Sentimenta= p
1375 1970 2318 2023 fensreichs“ fast freihält, sei ihm als lobenswerte
1366 2011 2332 2065 gesprochen. Im übrigen arbeitet das Stück mit
1360 2050 2311 2104 theatralischen Mitteln und besitzt, was noch
1362 2090 2318 2143 nicht zum mindesten Stil. Hier spukt etwas von
2174 2128 2283 2176 — Un
1339 2117 2163 2176 lbt's ein wenig Hauptmann (Rose Bernd!)
1312 2147 2361 2231 at das Ganze den Anschein, als ginge es damit wie¬
1281 2205 2235 2256 ollen Segeln in den alten Naturalismus hinein.
1175 2244 2383 2293 er Weise wird als Grundidee des Stückes das Hebbelsche;
1534 2283 2320 2333 kein Mann hinweg“ drei Akte lang vor
1165 2281 1413 2348 rt „Darüber
1557 2319 2336 2382 uer zu Tode gehetzt. Die Charaktere
1156 2329 1355 2380 ngepeinig
1590 2362 2374 2422 ert, das Bauernmilieu wird nicht ge¬;
1175 2369 1362 2421 zübem un
1499 2398 2312 2452 ässerlein der Psychologie versandet an der
1175 2404 1370 2456 fen, das tr
1525 2440 2342 2501 dere Schwächen half die vorzügliche Auf¬
1165 2444 1394 2497 eifläche. Ue
1483 2484 1534 2526 g.
1100 2483 1449 2549 führung noch hinz
1329 2499 2362 2578 Pariser Theater, Man schreibt uns aus Paris,
1316 2556 2326 2607 :Neben den eleganten großen und kleinen Theatern
1096 2557 1148 2605 14
2206 2588 2397 2667 ischen
1318 2597 2150 2648 nehme Welt gibt es naturgemäß in der fran
2224 2634 2322 2682 eine
1365 2634 2082 2689 der ja das „Volk“ als maßgebender
2240 2673 2318 2722 ine
1342 2673 2075 2722 ößere Rolle spielt denn in anderen
1182 2689 1218 2727 1
2229 2711 2319 2764 Ab¬
1201 2717 2082 2761 eReihe von Volkstheatern in den verschie
2211 2748 2320 2800 der
1176 2767 2129 2804 ungen. Diese „Théatres du quartier“ finden
1159 2788 2324 2842 zulustigen Menge des Arbeiterstandes die größte Beachtung.
1087 2830 2384 2894 Die Direkioren dieser Bühnen kennen ihre Aufgabe: eine mög¬
1080 2882 2372 2930 lichst „volkstümliche“ Aufführung zustande zu bringen, und a
1454 2913 2371 2957 t bei der großen Masse allen Reforw=d
1087 2913 1400 2969 „volkstümlich“
1090 2932 2401 3025 Estrebungen zum Trotz noch immer vor allem das Sensations=n
