3436 4352
1304 214 1772 328 box 25/1
244 206 1246 334 20. Zuischensniel
466 1360 3369 1406 heuren Apparat von kleinen Beobachtungen; Eifersucht] Leben ein Ende machen, Selbstmord oder Tötung —überwunden, er war von größter E
1529 1388 3370 1459 es gibt nichts, was da unmöglich wäre, und darin aller kunstvollen Nuancierung; ind
470 1405 1536 1477 wird aufgeboten, um für Amadeus die Möglichkeit der
1536 1433 3383 1517 zeigt sich schon ein Gebrechen, wo jedes dem Stoffe nach Nervosität, und naive Selbstüber#
477 1461 1529 1521 Freundschaft zwischen Mann und Weib Lügen zu strafen,
1525 1465 3334 1578 richtig erfaßtes und durchgeführtes Drama nur einen Helden besonders betonte, gewann
478 1502 1540 1571 Cäcilie muß sich von ihm trennen, um in der Ferne die
2567 1527 3364 1606 so schwer erringbare Sympathie. Nur im
1536 1549 2581 1608 einzigen möglichen Schluß haben kann. Schnitzler läßt
481 1557 1533 1625 begehrlichen Kräfte ihrer Natur zu finden. Die Wahr¬
2569 1579 3377 1656 scheint die Zerfahrenheit der Figur auch
1540 1588 2578 1661 sie unter Tränen auseinandergehen. Für wie lange?
470 1614 1543 1673 heit, die sie sich gegenseitig abgefordert, wird zur Lüge,
2565 1630 3355 1716 gemacht zu haben, er überlud sie mit
1538 1647 2568 1707 dürfen wir wohl fragen. Niemand wird einen äußer¬
485 1657 1533 1719 eine Reihe ausgeklügelter Motive schlingt und ver¬
2575 1682 3372 1747 Grimassen. Aber die Leistung bleibt denk
1529 1687 2583 1775 lichen Abschluß von einer Seelentragödie fordern:
470 1702 1536 1763 wirrt sich, ohne daß ihre Bedeutung für das Drama
1530 1738 3378 1809 aber daß ein Augenblick gekommen ist, an dem dieGeschichte des Burgtheaters. Frl. W
483 1757 1542 1820 immer klar würde, psychologische Wendungen gleiten
1533 1782 3367 1850 Personen sich nichts mehr zu sagen haben, ist ein Problemnatur, die bürgerliche Auffassun
484 1810 1539 1882 unbeachtet vorüber, die jede für sich selbst den Angel¬
2573 1838 3370 1908 die Rolle der Cäcilie hineintrug, ließ
1533 1850 2581 1907 Gebot der dramatischen Form. Dieser Amadeus,
486 1857 1437 1937 punkt eines neuen Seelenkonfliktes geben könnte.
2578 1880 3361 1957 wichtiger Stellen vernachlässigen, aber
1529 1901 2581 1968 diese Ckcilie können morgen abend in Berlin, wohin
534 1901 1532 1969 Der Zwischenakt, in denen ja, nach einem Worte
2584 1927 3374 2007 Wesen oft heroischen Zwang an und
1545 1948 2582 2016 sie zieht, ihre langwierigen Debatten wieder auf¬
478 1955 1544 2033 des Stückes, der Dichter mit seinen Figuren anfangen
2570 1983 3370 2067 großen Szene des zweiten Aktes sch
1539 1997 2569 2067 nehmen, und wie viele Zwischenspiele ehelicher Ver¬
488 2004 1533 2061 kann, was er will, macht Amadeus zum wirklichen
2579 2032 3375 2108 Leidenschaft. Noch weniger ist Herr 2
1529 2047 2585 2118 einigung noch ihr Freiheitsleben unterbrechen werden,
487 2061 1546 2116 Anbeter seiner Frau, der dem vermeintlichen Liebhaber
2569 2080 3377 2162 den Dichter Albertus geboren, ern
1543 2099 1942 2179 ist nicht abzusehen.
485 2110 1540 2172 an den Kragen will. Eine Auseinandersetzung mit
1580 2135 3381 2218 Es war dem Dichter nicht genug, durch die Handlung Glück die humoristischen Seiten herau
490 2159 1542 2220 ihm, dem Aristokraten der Geburt, der eine weitaus
2580 2182 3348 2258 mit ihnen das befreiende Lachen,
1534 2199 2589 2279 und deren Träger seine bitter=ironische Auffassung zu¬
486 2203 1538 2270 bessere Rolle spielt als der Aristokrat des Talents,
2590 2211 3377 2304 Publikum gerechnet hatte. In den klei
1537 2241 2589 2320 tage treten zu lassen und durch ein — ich möchte
480 2246 1543 2339 gibt ihm die Gewißheit ihrer körperlichen Unberührtheit,
2580 2283 3381 2348 wirkten Frau Kallina, Frau Ha
1691 2290 2596 2361 — Vexierkind eine ergreifende Versöhnung
1550 2303 1689 2371 sagen
482 2314 1537 2380 er sieht kein Hindernis einer Wiedervereinigung, wohl
1543 2340 3373 2415 boshaft in parrende Aussicht zu stellen, er bringt verdienstlich, die fatale Rolle des Fürste
482 2360 1551 2421 aber deduziert sie wieder die Unmöglichkeit, ihm wieder
2580 2390 3377 2462 brachte Herr Korff gerade durch de
1543 2399 2601 2465 auch noch einen Raisonneur hinein, der sich über das
482 2409 1544 2469 anzugehören, aus Gründen a., b., c. u. s. w. Ein
2585 2440 3342 2523 wienerischen Einschlag, den er ihr
1545 2429 2593 2526 ganze Stück, den Zuschauer und den Dichter lustig
495 2459 1550 2520 einziger heißer Kuß — und die ganze Logik fiele über
2593 2484 3368 2570 Wirkung. Daß zahlreiche Sätze fast
1556 2505 2593 2566 macht. Die beste, aber auch zugleich de unmöglichste
490 2509 1553 2572 den Haufen. Eines ihrer stärksten Worte, von dem man
2586 2541 3347 2601 stellern durch undeutliches Sprechen
1555 2545 2603 2618 Figur des Dramas. Das Publikum versichern, es
487 2553 1553 2619 erwarten könnte, daß es ihn mit Abscheu erfüllen könnte:
1550 2582 3373 2664 werde diese neue Art von Ehe „wenigstens von halb gingen, könnte wieder einmal Anlaß g
496 2611 1555 2675 dieses Glück hätte sich gestern jeder andere auch holen
2588 2642 3374 2713 Klagelied über das Haus anzustimmen.
1542 2653 2590 2721 acht bis zehn Uhr“ begreifen, das gleicht dem Tric des
493 2661 1545 2723 können, fällt unbeachtet zu Boden. Der Autor hastet seinem
2586 2670 3372 2766 schlagenden Erfolg ließ das Stück von
1556 2700 2604 2766 Taschenspielers, der seine Kunststücke selbst enthüllt.
489 2711 1558 2771 Schlusse zu: daß dies nicht die banale Rührszene
2589 2744 3379 2809 erwarten; Respekt vor dem Dichter un
1596 2749 2601 2814 Diese Gestalten zum Leben zu erwecken, ihnen einen
496 2758 1559 2836 sein werde, war dem guten Geschmacke Schnitzlers von
2589 2789 3232 2880 stellern hat es allerseits erweckt.
1557 2801 2598 2867 großen Zug zu geben über all die kleinen zerzupften
497 2803 1552 2874 vornherein zuzumuten. Das Leben freilich hätte
1558 2846 2609 2913 Motivchen heraus — das war eine fast unlösbare
3031 2823 3370 2934 Alexander von
504 2863 1551 2936 schwerlich anders entschieden. Aber bis zum letzten
1546 2904 2608 2961 Aufgabe für den Schauspieler. Kainz hat in den
504 2912 1559 2969 Augenblicke droht der glückliche Ausgang, es könnte
506 2945 2638 3045 aber auch ein Pistolenschuß ihrem Leben, seinem beiden ersten Akten diese Schwierigkeiten glänzend
1187 3074 1270 3179 62
