3436 4352
1354 120 1786 220 box 25/2
273 109 1198 213 20. Zuischensnier
1081 2472 1374 2566 Theater.
651 2563 1771 2645 Kessingtheater: „Zwischenspiel“. Komödie in 5 Akten von Artbur Schnitzler.
696 2629 1844 2705 Wine Dilla liegt am Meer, leuchtend und weiß, Marmor¬
655 2668 1845 2778 stufen führen geradeaus in den blauen See.“ In
773 2732 1565 2801 dieser Dilla wohnt die verbotene Lust.
856 2788 1839 2840 Zwei Menschen, beide Künstler, sind eine Ehe mit¬
768 2820 1855 2891 einander eingegangen. Jahrelang fanden sie in ihrer
575 2849 1844 2941 =Gemeinschaft ihr Glück, dann wurde das Glück zur Gewöhnung,
597 2922 1856 2990 und die Gewöhnung brachte den Tod der Liebe. Sie kennen
593 2970 1855 3010 beide keinerlei äußere Rücksichtnahme auf das billige Urteil der
593 3018 1857 3070 Leute, die konventionelle Heiligkeit der ehelichen Institution gilt
601 3061 1856 3104 ihnen nichts. Dor der Sorge um ihr Kind steht ihnen die für
591 3104 1859 3159 das eigene Selbst. Aber an die Kraft der Wahrheit glauben
593 3150 1861 3202 sie. Wahrheit, rückhaltloses einander Anvertrauen soll
596 3199 1851 3247 zwischen ihnen bestehen, auf Wahrheit soll ihre Ehe ge¬
593 3247 1851 3311 gründet sein. Sie haben auch immer alles miteinander geteilt.
599 3293 1839 3354 Nun die Liebe gestorben, tritt an sie beide die Versuchung ver¬
593 3330 1021 3400 botener Lust heran.
723 3383 1850 3437 Es ist eine Szene, in der Schnitzler seine pfrchologische
593 3431 1845 3489 Meisterschaft, sein überlegenes auf die Menschlein Hinabschauen,
601 3535 1844 3589 diese Szene, in der die beiden, nunk einander „Wahrheit“
600 3579 1858 3640 geben. Was geht da vor sich? Sie beschließen ihre Ehe in
590 3613 1864 3674 eine Kameradschaft zu wandeln, sie werden ihre künstlerischen
601 3670 1855 3719 Interessen auch fürder miteinander teilen, sie werden ihr schönes,
610 3715 1853 3758 friedliches Heim sich erhalten, sie werden fortfahren, gemeinsam
602 3760 1865 3819 ihrem Kind Dater und Mutter zu sein, aber sie werden sich
3004 245 3139 325 140
1902 367 3150 444 jede Freiheit nehmen, nach der es sie gelüstet. Ein leiser Wind
1893 434 3163 498 streicht kühlend über die Wasser, sie kräuseln sich zu neckischem
1893 488 3153 540 Wellengetriebe, aber in den Tiefen, — anders sieht es in den
1889 536 3156 591 Tiefen aus. Die Dilla am See mit den Marmorstufen liegt
1898 578 3163 636 dem Mkann im Sinn, der verbotene Wunsch in seinem Herzen
1894 635 3156 681 macht ihn taub und blind, heißt selbst die Eifersucht in seinem
1891 668 3155 720 Innern schweigen. Er will frei sein, seine Freiheit genießen.
1897 722 3153 773 Er will zugleich sich wahren, was ihm an seelischer und
1887 762 3148 821 zugleich häuslicher „Bequemlichkeit“ wünschenswert scheint. So
1885 824 3159 866 zerschneidet er ruchlos das Band, das ihn an seine Frau fesselt,
1885 856 3148 899 und treibt auch sie auf den bösen Weg. Und kommt sich dabei
1898 908 3147 956 sehr groß, sehr erhaben, sehr modern vor, in seiner Ehrlichkeit.
1892 958 3155 1006 So sieht es um die Wahrheit aus, auf welche die beiden ihre
1890 989 2224 1061 Ehe gründeten.
2000 1032 3152 1098 Es gibt keine Wahrheit. Aber die Leidenschaften sind
1889 1083 3153 1138 wirkliche Kräfte, und eine sehr reale Macht ist auch die Liebe.
1991 1128 3148 1176 Zu längerer Trennung, die der Beruf des Kapellmeisters
1886 1175 3156 1239 und der Sängerin mit sich bringt, gehen die beiden auseinander.
1885 1229 3155 1284 Der Mann findet in der weißen Dilla sein derb vergnügliches,
1894 1266 3156 1327 wenn auch gar vergängliches Liebesglück, die gewahrte Natur
1887 1318 3151 1368 der Frau schützt sie vor dem Aeußersten, doch spielt auch
1893 1369 3152 1418 sie mit dem Gedanken an lockende Freuden. Ein kurzes Zu¬
1887 1414 3156 1463 sammensein ist ihnen bald darauf in ihrem Heim beschieden,
1893 1457 3155 1518 ganz fremd mutet den Mann seine eigene Frau an, verführerisch
1882 1504 3152 1548 in ihrer Fremdheit, biendend im abenteuerlichen Glanz irgend
1891 1546 3158 1604 welcher Erlebnisse, — ein Leidenschaftsaufglühen, ein heißer,
1898 1604 3155 1651 sinnlicher Taumel wirft sie einander in die Arme. Miteinander
1885 1648 3096 1696 genießen sie die verbrecherische Lust gedanklichen Ehebruchs.
2008 1691 3144 1740 Damit ist das Thema der Goetheschen Wahlverwandt¬
1897 1732 3160 1791 schaften gegeben. Es findet seine Lösung ganz im Goetheschen
1881 1772 3148 1845 Sime., Es gibt hier nur einen Ausgang: er heißt Trennung,
1895 1824 2312 1885 Verzicht, Entsagung.
2004 1856 3152 1923 In seiner ironischen Weise hat Schnitzler das Grund¬
1894 1916 3154 1959 thema seines Dramas, dessen Durchführung der Schlußakt bringt,
1883 1963 3151 2018 bexeits im ersten Aufzug parodistisch angeschlagen. Dort sagt
1890 2008 2651 2085 der Dichter, der Freund des Gatten:
2006 2077 3151 2130 „Abentener ...! Müssen sie denn gerade erlebt sein? Einem
1873 2114 3139 2177 aler, der über Stümperei erhaben und über Jugendtorheit hinaus ist,
1885 2168 3153 2223 genügt ein Modell für alle Gestalten, die er träumt und schafft, — und
1884 2209 3143 2276 den, der zu leben weiß, erwarten alle Abenteuer, nach denen ihn gelüstet,
1887 2260 3147 2304 im Frieden seines Heims. Er erlebt sie gerade so wie ein anderer, aber
1889 2304 3148 2364 ohne Zeitverschwendung, ohne Unannehmlichkeiten, ohne Gefahr, und
1881 2351 3148 2411 wenn er Phantasie hat, bringt ihm seine Gattin, ohne daß sie es ahnt,
1882 2402 2515 2467 lanter uneheliche Kinder zur Welt.“
1992 2448 3158 2526 Nun das Abenteuer Wirklichkeit geworden, tritt die Frau,
1893 2511 2972 2565 klagend und Abrechnung heischend, vor ihren Gatten:
1995 2569 3152 2627 „Was ist es denn, was mich mit einem Malé für dich so be¬
1891 2625 3151 2682 gehrenswert machte? Nicht, daß ich Cäcilie war, — nein: daß ich als
1881 2674 3146 2721 eine andere wiederzukommen schien. Und war ich denn wirklich dein?
1882 2723 3143 2777 Ich war es nicht. Oder bist du so bescheiden geworden mit einemmal,
1896 2768 3151 2816 daß dir ein Glück genügte, das zur selben Stunde sich vielleicht auch ein
1894 2815 2950 2886 anderer hätte holen können, wenn er nur dagewesen wäre?“
2000 2867 3154 2939 Die Frau ist es, die so spricht, sie, die nur eben mit dem
1893 2940 3139 2987 Gedanken des Treubruchs gespielt hatte. Nun hat sie den Ehe¬
1900 2977 3148 3039 bruch begangen, mit ihrem Mann. Sie fühlt ihre eheliche Ge¬
1889 3021 3150 3070 meinschaft erniedrigt, an den Pranger ihres eigenen Empfindens
1903 3067 2378 3126 gestellt, es ist zu Ende.
2009 3115 3156 3166 Ganz anders der Mann. Nachdem er bei seiner Frau
1893 3159 3154 3217 wieder Liebesglück gefunden — er weiß nicht, wie weit sie sich in
1897 3210 3154 3262 der Trennungszeit mit ihrem Freunde vergangen hat — beseelt ihn
1955 3254 3148 3315 ir der eine Gedanke, seinen Nebenbuhler aus der Welt zu
1909 3297 3144 3357 räumen. Er, der zuvor seiner Gattin jede Freiheit zugestanden
1892 3342 3143 3394 hatte, ist jetzt nur noch von Mordgelüsten erfüllt. Ein Duell
1891 3402 3138 3462 soll ihm dazu die Möglichkeit bieten. Erfährt er, daß seine
1890 3428 3144 3492 Frau ihm die leibliche Treue nicht gebrochen, so wähnt er, daß
1891 3484 3134 3540 nun alles in guter Ordnung sei. Aber auch er hat einzusehen,
1889 3526 3152 3586 hat zu begreifen. Die Tore schließen sich vor seinem ver¬
1892 3569 2234 3634 stehenden Blick.
2001 3600 3131 3679 Es gab nur eine dramatische Lösung für das „Zwischen¬
1896 3663 3143 3715 spiel" und Arthur Schnitzler hat sie gefunden. Sein Drama
1898 3714 3137 3769 gewinnt damit frmbolischen Gehalt. Die Institution der Ehe
1890 3753 3146 3836 rechtfertigt sich aus sich selbst heraus. Zwei Menschen, denen
1919 3860 3184 3935 die konventionelle Norm der Begriffe nichts galt, die das Recht
1930 3934 3180 3981 freier Selbstbestimmung und persönlichen Sichauslebens für sich
1935 3969 3185 4038 forderten, werden eben durch den ungezügelten Trieb dahin
1928 4025 3182 4086 geführt, die Reinheit ehelicher Gemeinschaft anerkennen zu
1920 4072 3182 4110 müssen. Das entheiligte und gebrochene Gesetz erweist seine
1928 4109 3169 4163 zwingende Kraft an seinen Verächtern. Die einmal zerrissene
