3484 4256
272 98 1190 218 20. Zuischensp1e-
1349 113 1793 202 box 25/5
1006 1155 1313 1235 Vertretungen:
600 1220 1688 1289 in Berlin, Basel, Budapest, Chicago, Cleveland, Christiania,
603 1277 1687 1317 Genf, Kopenhagen, London, Madrid, Mailand, Minneapolis,
595 1316 1699 1356 New-Vork, Paris, Rom, San Francisco, Stockholm, St. Peters¬
996 1343 1287 1401 burg, Toronto.
901 1373 1402 1454 (Quellenangabe ohne Gewähr.)
602 1440 990 1527 Ausschnitt aus
988 1431 1696 1552 eipziger Neueste Nachrichter
868 1527 1245 1607 4. 95¼ 1912
595 1537 763 1597 vom:
477 1595 1770 1691 f- SSchnliane „hwischensolet im Abniglichen Schansptelhaunfe mn
846 1673 1766 1732 amm unserer Dresdner Redaktion.)
521 1694 1773 1770 Der Meister der Poesie des Junggesellentums und des Milieus der
523 1730 1758 1810 Wiener Süßen Mädel hat sich in dieser nun schon sechs Jahre alten
519 1762 1759 1853 Komödie in den Bereich der Ehe begeben. Und er hat das mit nicht
512 1805 1759 1872 viel Glück getan. Vielleicht gerade deshalb nicht, weil er Klänge aus
514 1840 1755 1906 der Welt der freien Liebelei in die Akkorde des strengeren Eheprobiems
508 1884 1756 1955 zu mischen suchte. Wenn er in jenen Stücken, die ihm auch seine
503 1922 1760 1999 besten Erfolge gebracht haben, einer ernsten Trennung eine Träne
501 1956 1757 2038 nachweint, dann liegt das Gold der einen Poesie über dieser Träne,
491 2002 1749 2074 und die Wärme, die von seinem Empfinden ausstrahlt, macht ihn dann
492 2034 1745 2114 als Mensch und Dichter gleich sympathisch. Ein ganz anderer ist er,
496 2064 1749 2150 wenn er geistreich wird und reflektierend sich in Probleme vertieft,
489 2100 1747 2185 die in das Ibsensche Lager gehören. Dann wird er kalt, ohne immer
501 2144 1744 2225 geistvoll zu sein, und in dem Bereiche seiner Dichtung kommt man sich
487 2186 1756 2277 vor, wie im Winter in einem Zimmer, in dem das Feuer ausgegangen
488 2217 1745 2300 ist. Das ungefähr war auch die Stimmung, die über der Sonntags¬
491 2262 1750 2337 aufführung im Königlichen Schauspielhause lag. Die Vorstellung war
484 2291 1748 2377 vortrefflich vorbereitet und bot in den Hauptrollen eine Anzahl her¬
484 2341 1748 2410 vorragend barstellerischer Leistungen. Indessen besriedigte das Stück
491 2377 1742 2450 als solches nicht, und der Zuschauer ist schließlich nur damit einver¬
485 2412 1749 2486 standen, daß der Dichter wenigstens eine literarische Lösung gefunden
483 2441 1735 2517 hat, wenn er den Helden des Stückes die Haltlosigkeit seiner Ideen
478 2481 1730 2562 erkennen läßt, sobald die letzteren ihm von anderer Seite her in Vor¬
469 2529 1739 2600 schlag gebracht werden. Der Kapellmeister Adams und seine Gattin,
461 2553 1740 2635 die Sängerin Cäcilie Ortenburg, sind unter dem Bann einer großen
464 2595 1738 2672 Liebe ein Paar geworden. Als die Leidenschaft verrauscht, aber die
459 2615 1728 2715 Ehe geblieken ist, beschließen beide eine Trennung, bei der äußerlich
461 2667 1729 2738 indessen alles beim Alten bleiben soll. Frei sollen beide sein, und nur
466 2716 1736 2786 insofern soll eine Gemeinschaft sein, als sie als Freunde für das Leben
468 2752 1732 2826 kein Geheimnis voreinander haben wollen. Diese gute Kameradschaft
466 2774 1726 2861 soll alles verstehen, alles billigen, alles überbrücken. Indessen, diese
457 2808 1731 2899 gute Kameradschaft versagt, sobald eine junge Durchlaucht sich der
462 2868 1726 2910 Künstlerin nähert, sie heiraten will, und dem früheren Ehegatten er¬
464 2900 1725 2972 laubt, die geistige Freundschaft mit der Gattin im Hause des neuen
466 2933 1718 2999 Heims der Frau zu pflegen. Hier ist das Stück zu Ende. Daß der
464 2976 1723 3051 Dichter noch allerhand Fragen dialektisch zu lösen sucht, geschieht auf
454 3007 1725 3092 Rosten der Bühnenwirksamkeit, ohne dem Problem als solchem zu
441 3057 1723 3122 „naßen. Der Effekt war denn auch in dem sehr zaghaften und spär¬
456 3093 1723 3160 lichen Schlußapplaus zu erkennen. Darstellerisch war alles vorzüglich.
444 3120 1730 3204 Hermine Körner und Theodor Beiter, als Vertreter der Hauptrollen,
1499 3186 1700 3227 K
532 3160 777 3243 Seite 8.
1529 3241 1700 3281 —
430 3268 1684 3323 gerieten psychologisch überall in die Tiefe, und Lothar Mehnert als
429 3305 1679 3368 Schriftsteller John in einer täuschend guten Schnitzlermaske, ließ sich
431 3337 1688 3413 keine Gelegenheit entgehen, die komischen Pointen des Stückes mit der
424 3382 1140 3444 ihm eigenen Gewandtheit zu servieren.
1142 3402 1654 3503 Dr. Ludwig Weber.
2383 107 3203 188 e, Kn., ui Pranleisco, Stockhoim, St. Peters¬
2515 166 2812 223 burg, Toronto.
2421 208 2907 274 (Quellenangabe ohne Gewähr.)
2118 255 3092 354 Ausschnitt lausssener Nachriehe
2404 333 2819 410 4. 940½ 191
2120 361 2278 423 vom:
2216 519 3020 636 Kunst und Wissenschaft.
2432 619 2832 700 Zwischenspiel,
2071 672 3248 761 Komödic in drei Akten von Reh#chitzlor.—
2220 731 3243 791 (Erstaufführung im Königl. Schauspielhauft!
2116 777 3223 853 Eine Variante des Falles Nora und Hellmer ins
2039 831 3225 902 Musikalische und spezifisch Schnitzlersche übertragen ist das
2044 883 3233 929 „Zwischenspiel“ Eine Komödie nennt der Dichter dieses
2044 923 3235 976 Bühnenwerk, aber die tragischen Unterströmungen sind doch
2035 949 3230 997 so stark, daß der Begriff Komödie nicht recht zutreffend er¬
2036 992 3228 1054 scheint — oder lag es am Spiel der Darsteller, daß man der
2042 1030 3236 1078 Tragik oft ganz nahegerückt wurde. Im Grunde scheiden
2041 1070 3231 1107 die Opernsängerin Cäcilie Adams=Ortenburg und ihr
2032 1105 3237 1156 Gatte, der Komponist Amadeus Adams, voneinander, weil
2032 1153 3230 1201 er ihr Tiefstes und Bestes nicht verstanden hat. Als er zu
2031 1202 3232 1245 begreifen anfängt, ist es zu spät, da sie innerlich den Schritt
2042 1231 3237 1277 vollzogen hat — saat sie. Schnitzler gibt einen Fall, wie
2034 1264 3223 1331 er ihn zu kogstruieren und=der schönen Menschlichleit seiner
2029 1332 3211 1387 Empfindungen auszustatten liebt. Das musikalische Ehe¬
2033 1377 3215 1439 paaar hat sieben Jahr in einer Ehe gelebt, die in das helle
2037 1431 3208 1473 Licht vollster Aufrichtigkeit gestellt war und durchaus glück¬
2037 1465 3216 1521 lich schien. Sie sagen sich schlechterdings alles, Frau Cäcilie
2035 1517 3208 1565 ist über die Seitensprünge ihres Gatten unterrichtet, Kom¬
2029 1537 3227 1614 ponist Amadeus glaubt an die Schuld seines Weibes, die,
2034 1581 3221 1640 angeblich zu dem Fürsten Sigismund in nahen Beziehun¬
2038 1618 3218 1671 gen steht. Auf der Basis dieser gegenseitigen Kenntnis be¬
2038 1662 3216 1710 schließen diese beiden Menschen, die sich künstlerisch in der
2036 1706 3211 1751 wundervollsten Weise ergänzen, aufrichtige, treue Freunde
2030 1745 3217 1796 zu werden, ohne Anlaß zu mehr. Der Zuschauer nimmt
2029 1777 3220 1837 an den leisen Seelenkämpfen Frau Cäciliens teil, von
2027 1810 3214 1867 denen Amadens Adams keine blasse Ahnung hat. Als die
2032 1853 3232 1918 Künstlerin von einem Gastspiel in Berlin, an Erfolgen
2029 1896 3218 1947 und inneren Erlebnissen reich, in ihr Heim zurückkehrt, er¬
2041 1931 3222 1984 scheint sie dem Gatten so ganz gewandelt, so neu und ver¬
2036 1970 3220 2018 lockend, daß er sie in aufblühender Leidenschaft bestürmt
2041 2008 3234 2062 und den idealen Freundschaftsbund bricht. Für sie ist dieses
2043 2034 3218 2101 letzte Zusammensein in Seligkeit eine Abschiedsfeier. An¬
2033 2087 3235 2144 deren Tages wird es ihr innerlich klar, daß ein weiteres
2039 2130 3216 2178 Miteinanderleben in reiner Luft für die nächste Zeit un¬
2034 2174 3221 2222 möglich ist. Er aber glaubt sich sicher in ihrem Besitz und
2033 2201 3227 2255 jubelt, besonders, nachdem er aus dem Munde des Fürsten
2032 2238 3226 2293 erfahren hat, daß er zur großen, wild tobenden Eifersucht
2034 2289 3230 2332 keinen Anlaß hat. Cäcilic geht, weil sie gehen muß, wie
2037 2319 3216 2366 Nora ging, aber eins bleibt unwahrscheinlich: diese Ab¬
2039 2365 3215 2405 schiedsfeier in Seligkeit. Der Versuch hätte als Antrieb zu
2031 2398 3214 2449 ihrem Entschluß schon genügt. Im Sinne eines höheren
2037 2434 3221 2486 seineren Schuldbeuriffs waren beide schuldig, und auf dem
2029 2470 3224 2523 Boden einer gemeinsamen Schuld könnte neues Verständ¬
2033 2516 3222 2562 nis erwachsen. Aber Cäcilie, die sich über alle Dinge so
2031 2556 3227 2608 unheimlich klat ist, und darüber reden kann, wie Arthur#
2038 2590 3228 2640 Schnitzler in seinen besten Augenblicken, geht, um sich selber
2042 2618 3223 2679 treu zu bleiben. Amadens Adams wird durch den großen
2045 2652 3230 2715 Schmerz, den er infolge seiner naiven selbstsüchtigen
2031 2711 3229 2760 Lebensführung ertragen muß, die Note erhalten, die Mensch
2026 2745 3215 2787 lund Künstler noch bedurften. Das seelische Drama der
2028 2777 3220 2841 beiden, die als Freunde sich „alles“ sagen wollten, wird von
2032 2814 3218 2882 Ironie umkränzt, deren Träger der feine, kluge Dichter
2041 2846 3217 2906 Albertus Rhon mit den Zügen von Arthur Schnitzler ist.
2042 2893 3216 2950 Der liebe Wiener Poet, dessen leise behutsame Art sinn¬
2042 2939 3229 2984 und seelenverwandte Menschen so rasch einfängt, gibt auch
2032 2970 3221 3025 in diesem Zwischenspiel mit der tragischen Unterströmung
2027 3014 3122 3052 lviel Feines und Zartes. Als Seelenkenner von
2023 3041 3233 3108 gerühmtem psychologischen Scharfblick kennt er sich über
3116 3090 3212 3140 zu
2879 3081 3113 3148 Menschen
2748 3090 2867 3147 der
2032 3101 2710 3153 die delikatesten Beziehungen
2991 3125 3214 3182 manchmal
2841 3123 2957 3178 sich
2660 3121 2842 3179 verrät
2569 3131 2656 3177 er
2407 3135 2534 3181 aber
2039 3132 2259 3180 einander
2259 3131 2409 3182 aus,
2031 3175 3218 3221 als Puppenspieler und wird in der Betrachtung seelischen
2041 3210 3226 3256 Zustände oft ein bißchen breit und umständlich. Selbst ein
2041 3239 3213 3292 Dialog, so geschliffen, wie dieser, so innig zart und tief,
2042 3277 3228 3337 kann ermüden, wenn er tempolos in breitem Fluß
2819 3324 3211 3381 dichterische Gabe,
2301 3317 2805 3371 Die seltene und echt
2039 3325 2293 3379 dahinzieht.
2042 3354 3212 3409 mit wenigen Strichen und Tönen seinen Gestalten ein
2039 3403 3222 3451 reiches, individuelles Gepräge zu verleihen, tritt auch hier
2047 3434 3219 3488 zutage. Ein Schluß seiner Lebensweisheit: wir alle
2041 3475 3217 3529 wissen nicht, wer wir sind, welche Möglichkeiten in uns
2053 3523 3220 3564 schlummern, beherricht auch hier eindringlich die Stimmung.
2037 3553 3216 3593 Letzte Bitterkeiten und Härten liegen nicht in Schnitzlers
2042 3590 3220 3642 Natur — Wunden schließen sich, Lehen und Zeit glätten —,
2037 3630 3215 3682 und wenn sich Komponist Amadeus Adams und Opern¬
2035 3667 3216 3716 sängerin Cäcilie Adams Offenbarung einmal wiederfinden¬
2034 3705 3221 3760 auf einer neuen Grundlage, so ist das „Zwischenspiel“ am
2036 3746 3220 3798 Ende doch nur eine Komödie. Die Zuschauer wird es herz¬
2035 3777 3211 3819 lich freuen; denn sie haben zu den beiden Menschen inner¬
2044 3817 3228 3875 lich aufrichtig und mit Gefühl Stellung genommen. Schnitz¬
2042 3866 3227 3911 ler ist als Poet in einer lanten, oft recht unerfreulichen
2037 3895 3218 3964 Zeit eine so sympathische Erscheinung, daß man ihr gern
2032 3928 3227 3997 auch in den zarten, wenn auch dramatisch etwas matten
2043 3979 2852 4039 Emanationen seines Talents begegnet.
2114 4015 3213 4061 Die Aufführung war unter Ernst Lewingers
2041 4060 3209 4112 Regie mit voller Berücksichtigung der eigentümlichen inne¬
2039 4108 2097 4135 „* *
2382 4099 3211 4141 ##. Ugmödie vorbereitet; vielleicht hatte
