3436 4352
260 118 1165 229 20. Zuischensniel
1321 120 1768 223 box 25/2
1571 997 2057 1071 Der Roland von Berlin.
1086 992 1216 1090 1804
1753 1122 1882 1198 IV.
1171 1184 2545 1260 Bliebe die Darstellung. Es gab da einen interessanten Vergleich.
1099 1247 2552 1318 Irene Triesch neben Bassermann. Vor vierzehn Tagen sprach ich, was
1084 1299 2547 1368 Bassermanns Schaffensart scheidet von der Else Lehmanns. Ich könnte
1093 1368 2550 1434 es heute wiederholen. Sage ich von Bassermann: er findet die Symbolik
1084 1424 2544 1494 der Einzelheit, von Irene Triesch möchte ich sagen: sie findet die Einzel¬
1094 1481 2542 1538 heit der Symbolik. In diesem Schnitzler kommt Bassermanns Schaffens¬
1090 1536 2541 1608 weise wie unter einem Vergrößerungsglase. Alles an ihm ist ruheloses
1091 1602 2541 1684 Bewegen, ein organisches Zusammenketten von Gebärden . .. von Ge¬
1087 1673 2556 1728 bärden! Dies absolute Zusammenhängen von Bewegung zu Bewegung
1098 1716 2540 1776 schafft eine Einheitlichkeit; man kann nicht sagen: dies ist ein Lichtpunkt,
1086 1771 2545 1834 jenes ein Schatten. Der Zusammenfluß der Elemente formt einen Or¬
1086 1837 2553 1907 ganismus, der in sich unlösbar wird. Ein Deutsch spricht er: man weiß
1087 1895 2547 1966 nicht, ist es weanerisch oder mannheimisch; sicher kein Theaterdeutsch. Ich
1089 1951 2548 2034 spreche es aus: all dem gegenüber verblaßte Irene Triesch zu einer Art
1088 2006 2546 2072 großzügiger Konvention. Bassermann drückt sich aus. Irene Triesch
1090 2079 2542 2151 spricht. Spricht sie von Freiheit, so rollt das Zungenr. Das ist der
1086 2132 2552 2207 Unterschied. Immer wieder kommt man dazu: ihr Element ist der
1082 2188 2537 2255 Schmerz. Wo jene wehe zitternden Halbtöne kommen, tief empor aus
1083 2256 2536 2315 einer gequälten Frauenbrust, da ist sie Siegerin. An dem Ausbruch des
1091 2311 2541 2381 dritten Aktes, da, wo sie am Schreibtisch steht und klagschreit, leise und
1081 2361 2537 2441 bebend, von Verzweiflung und unwahr gewesen sein, da steigt sie zum
1091 2432 2538 2494 Gipfel. Des ersten Aktes beleidigtes Sehnen aber, mit der gepreßten
1088 2484 2543 2552 Verhaltenheit, suchte sie nicht im Vokalischen, ihrer zwingendsten Waffe.
1091 2535 2532 2606 Sie unterstreicht mimisch; die Augenbrauen zucken; und in die Mund¬
1083 2590 2555 2672 u kel blitzt jäh herbe Härte. Hier tut sie das, in dessem Vermeiden
1094 2663 2013 2744 sonst Schnitzlers Zauber lag: sie verdeutlicht.
2015 2705 2454 2801 Hans Winand.
1352 3052 2524 3160 feinrestaurant-Bar-hleingroßhandlung
1349 3182 2552 3283 Eennemmeanm
1590 3267 2277 3336 Potsdamerstrasse 127•128.
1532 3317 2320 3397 Direktion: Hermann Preifter.
1278 3384 2531 3475 yN/ Dejeuners - Diners - Soupers - Speisen¬
1155 3437 1269 3525 8
1234 3443 2567 3524 % ala Carte - Sämtl. Delikatessen der Saison.
1107 3504 1374 3597 G
1462 3504 2334 3588 Maliné und Abend Konzerte.
