3436 4224
106 3824 364 3905 hon 12.801.
108 4042 369 4111 -Ausschnitte
237 104 1142 216 20. Zuischenstie-
1304 119 1759 211 box 25/5
447 811 1773 884 großer Liebe; sie sind psychisch ineinander verschmolzen, im Grunde un¬
456 872 1708 948 zertrennlich. Fern voneinander, müßten beider Herzen verbluten.
1057 919 1176 972 II.
532 953 1781 1029 In jenem Glauben, immer wahr gegeneinander gewesen zu sein
450 1017 1781 1059 und offen gegeneinander zu bleiben, leben Amadeus und Cäcilie dahin.
439 1045 1793 1087 Aber es ist nur ein Wahn. Sie sind sich gegenüber wahr und unwahr zu¬
446 1073 1787 1132 gleich, ohne es zu wissen. Und das wird ihr Verhängnis. Als dann am
448 1114 1779 1160 Schlusse der große Bruch nach jener zerschmetternden Entdeckung ein¬
457 1154 1781 1218 tritt, erhebt Amadeus die bedeutsame, schmerzensvolle Frage: Und wenn
447 1186 1783 1260 wir wahr gewesen wären? Ueber diese Frage breitet Schnitzler, der
449 1250 1785 1301 zarte, verwöhnte Psychologe, jedoch einen dichten Schleier. Er ent¬
447 1275 1788 1328 wickelt mit behntsamen Fingern seelische Vorgänge von einer Zartheit
449 1312 1784 1359 und Feinheit, daß die kunstvollsten Erklärungen noch Wortnetze aus zu
456 1346 1791 1405 groben Maschen bilden würden, um sie restlos einzufangen, wieder
453 1384 1785 1452 hervorzuhoken und auszubreiten. Nur unsere Gefühle schwingen in
451 1436 868 1490 großer Klarheit mit.
542 1443 1777 1521 Amadeus' und Cäciliens Seelen sind zu groß, um für sie selbst ganz
454 1512 1786 1556 übersichtlich zu sein, zu tief, als daß beide deren Irrgänge mit der (ver¬
465 1549 1789 1604 hältnismäßig) schwachen Laterne des Intellektes bis an die fernen End¬
466 1578 1791 1637 punkte durchleuchten könnten. Ihre Psychen haben Schlupfwinkel,
459 1624 1786 1674 in denen ihnen selbst noch nicht zu Bewußtsein gekommene Triebkräfte
473 1654 1790 1716 und neue Entwicklungsmöglichkeiten verborgen liegen. In dieser Manier
463 1699 1781 1746 ist ihr Seelenverhältnis zu hoch gezüchtet worden, als daß sie es bis auf
463 1745 1795 1800 die kleinsten Funktionen wechselseitig noch genau zu kontrollieren ver¬
458 1775 1789 1828 möchten. Es ruht auf einer glaszarten Basis, in die eines Tages ein
459 1814 1785 1884 unheilbarer Riß springen wird. Und liegt nicht am Ende auch der
470 1865 1797 1906 ganze seelische Reiz im erotischen oder überhaupt intimeren Verhältnis
466 1893 1787 1947 zweier Menschen darin, Geheimnisse voreinander zu haben, das Letzte
466 1932 1788 1981 und Tiefste der Seele nicht herzugeben, die besten Erlebnisse nicht zu
460 1969 1789 2024 beichten, dies überhaupt nicht zu vermögen? Fesselt es nicht innig an¬
473 2009 1791 2056 einander, Geheimnisse zu hegen und in dem andern nur die Ahnungen
464 2054 1784 2097 davon nachzittern zu lassen? Wertvolle Individualitäten, setzen wir
466 2082 1803 2151 hier den Künstler, sind im Innersten überhaupt scheu und unmitteilsam!
1074 2136 1185 2200 III.
540 2165 1794 2238 Im ersten Akt schon schiebt sich das Moment der Abkühlung wie eine
467 2225 1795 2290 kalte Eisenwand zwischen Amadeus und Cäcilie, in der das Feuer der
465 2278 1799 2328 großen Liebe, wenn auch jetzt zu einer kleinen Stichflamme herab¬
753 2308 786 2336 4—
479 2315 1798 2359 geschroben, weuer brennen wird. Sie haben keine Geheimnisse vor¬
467 2337 1801 2403 einander in ihrer Ehe. Amadeus, der Kapellmeister, gesteht seiner
1681 2375 1792 2435 eine
464 2377 1674 2439 Gattin, daß er sein Herz an die Gräfin Friderike,
1529 2418 1688 2475 Cäcilie
1048 2421 1127 2470 die
1135 2411 1531 2476 Mignon singt
458 2416 943 2479 rötlich=blonde Philine
1686 2446 1790 2506 Po¬
1409 2454 1672 2506 Tempo di
817 2452 1392 2524 mit der er eben das
469 2455 796 2516 verloren habe,
460 2496 1795 2550 lacca „Titania ist herabgestiegen ... für die „Mignon“=Vorstellung
470 2540 1799 2584 am Klavier einstudiert hat. Cäcilie verkehrt ihrerseits sehr lebhaft mit
462 2575 1802 2625 dem Fürsten Sigismund, einem eleganten, belanglosen Herrn,
472 2611 1796 2659 der sehr viel Takt hat. Vielleicht bedient sie sich seiner aber nur als
461 2646 1792 2697 Mittel, um nachher Amadeus durch ihn zurückzugewinnen. Das Ge¬
458 2680 1804 2739 ständnis der beiden Gatten, daß ihre Liebe tot sei, geschieht ruhig, verklärt
470 2742 1797 2785 von ein wenig schmerzlicher Heiterkeit. Es sind großherzige, weise Men¬
478 2768 1805 2819 schen. Beide beschließen, sich nicht scheiden zu lassen, nicht auseinander¬
477 2811 1804 2855 zugehen, da sie sich menschlich und künstlerisch zu sehr ergänzen, als daß
473 2848 1804 2898 sie einander je missen könnten. Sie wollen Freunde bleiben. Nur,
460 2882 1797 2930 daß sie von nun ab vollkommen frei sind. Wenigstens sagt Amadeus,
473 2923 1800 2986 aufatmend in seinem Wahn, nach der großen Erklärung: „Mir ist bei¬
460 2955 1792 3005 nah', als finge es schon jetzt an besser zu werden. Seltsam ... Man
901 2999 1797 3051 Er ahnt nicht, daß Cäcilie, der er im Grunde
582 3002 858 3047 atmet freier.“
471 3026 1810 3084 seelisch Gewalt antut, ihn halten wollte. Als der Vorhang fällt, sitzt
463 3079 1810 3135 Amadeus am Klavier und Cäcilie singt mit wehen Lippen Brahms
469 3112 1259 3159 „Nicht mehr zu dir zu gehn, beschloß ich ..
545 3143 1791 3189 Im zweiten Akt kehrt Cäcilie von einer großen Konzertreise zurück.
461 3193 1801 3243 Sie ist eine andere geworden. Wie einer Entfliehenden ruft Amadeus
460 3223 1800 3274 ihr nach, die plötzlich mit glänzenden Augen vor ihm steht und bekennt:
461 3268 1805 3324 „Die Erde scheint mir voll Abenteuern, der Himmel wie von Flammen
470 3301 1806 3361 strahlend, und mir ist, als säh' ich selbst, wie ich mit ausgebreiteten
470 3352 1805 3397 Armen dastehe und warte. Die stille, gütige Cäcilie, die wie der Friede
470 3386 1807 3427 selbst war, lindernd wie ein kühler, waldumschatteter Brunnen, ist ver¬
462 3424 1814 3471 schwunden. Die neue brennt vor Lust und Wünschen. Sie leuchtet in fast
466 3453 1810 3516 grausamer Schönheit. In Amadeus geschieht jetzt wieder ein psycho¬
469 3507 1801 3553 logischer Weichenwechsel: die Freundschaftsgefühle entschwinden aus
469 3526 1801 3583 seiner Brust, seine Seele wird von Cäciliens Anblick versengt, seine
465 3577 1809 3628 Sinne entzünden sich. Er haßt sie, er liebt sie wieder heiß. Und, trotz¬
466 3612 1800 3653 dem sie sich wehrt, wird sie, die Gattin und Kameradin, heute
468 3648 1261 3716 noch einmal seine Geliebte für eine Nacht.
556 3672 1813 3737 Dritter Akt: Amadens will die Frau, die ihm so jäh eine neue¬
479 3728 1806 3781 große Liebe einflößte, nicht wieder von sich lassen. Aber es ist zu spät.
473 3776 1812 3813 Cäcilie kann nicht mehr zurück. Auch die Freundschaft ist nun zer¬
475 3794 1807 3861 brochen. Ihr ist ein erschreckendes Licht aufgegangen: „Wir waren
475 3833 1798 3900 weder geschaffen, uns ewig in Treue zu lieben, noch stark genug, um
1702 3877 1806 3932 ich
484 3885 1632 3931 unsere Freundschaft rein zu erhalten. Andere fänden sich ab
483 3916 1810 3963 kann es nicht. — Und du darfst es nicht können, Amadens. Unser Ver¬
483 3957 1807 4007 such ist mißglückt, nehmen wir die Enttäuschung hin. Das ist zu er¬
475 3987 1799 4044 tragen. Aber ich bin nicht neugierig, zu wissen, wie es schmeckt, wenn
486 4032 1805 4079 Ekel das Ende ist.“ Sie geht über die Terrasse und verschwindet im
486 4073 1795 4125 Garten. Als sie zurückkommt, hat Amadeus das Haus verlassen. Für
1816 802 3148 879 einzelnen Empfindungen dann und wann wie schwarze Zypressen in
1817 861 3156 913 einen silbernen Mondhimmel heben, sehen sanfte schwarze Weiher.
1817 897 3154 945 Und plötzlich geht ein immer mehr anschwellender Sturmwind darüber
1816 922 3158 986 hin. Die Zypressen ächzen, die Wasser zischen. Und das Bild vergleitet
1822 963 2884 1028 langsam und traumzart in eine stille, schweigende Tragik.
1894 994 3149 1050 Die Form des Stückes ist vollendet. Seine drei Akte sind von einem
1817 1036 3154 1099 weichen Mollklang, gehalten in langsamen, ebenen Crescendi und nur
1827 1076 3151 1138 zögernd verhallenden Diminnendos. Dazwischen, in den Intervallen
1823 1139 3162 1186 des großen Adagio, der leisen Pathetik der Seelen, eine überlegene,
1840 1168 2242 1234 schwebende Heiterkeit.
1890 1246 3146 1305 Es ist sicherlich nicht die Schuld der Darsteller allein, daß die
1821 1280 3160 1344 gestrige Aufführung des „Zwischenspiels“ im Schauspielhaus die Kon¬
1828 1326 3152 1388 turen des Stückes vollkommen zerstörte. Was man sah, das war zum
1820 1373 3147 1426 größten Teil nichts weiter, als ein geschickt gemachtes, etwas senti¬
1829 1415 3155 1460 mentales Theaterstück, in dem nebenbei auch noch ein paar gute Witze
1817 1441 3162 1507 vorkommen. Dieses Seelendrama ist zu fein, lesen Sie das Stück. Sie
1827 1484 3163 1527 werden dann sehen, daß es ein Wunder ist, etwas ganz anderes, als
1821 1518 3158 1567 das, was Sie da gestern im Theater sahen. Nun die einzelnen Dar¬
1832 1557 3158 1622 steller. Trotzdem Herr Kainz ab und zu subtile psychologische Mo¬
1821 1596 3152 1655 menie in dem Amadeus sehr fein unterstrich, gab er ihn doch zu hastig,
1827 1651 3152 1690 zu zappelig und brachte deutlich äußerliche Effekte an. Natürlich ging
1824 1680 3160 1734 die Amadeusseele flöten. Die Bedeutung, die Tiefe dieser Gestalt, ver¬
1824 1710 3152 1765 schwand. In diesem Reich tritt vielleicht doch der Umstand in Er¬
1829 1751 3153 1813 scheinung, daß Kainz mehr Schauspieler als Künstler ist. Ich denke
1827 1786 3156 1850 mir Bassermann als Amadeus; der würde ihn ganz, ganz anders
1837 1829 3153 1883 spielen. Die Cäcilie des Fräulein Reinau trug geschmackvolle
1833 1867 3162 1918 Toiletten, das war der einzige ästhetische Genuß, den diese Gestalt zu
1836 1906 3160 1960 spenden vermochte. Schade nur, daß die schöne Dame so wenig Seele
1830 1957 3146 2000 hat und gar kein. Beziehungen zur Kunst unterhält. Dann der
1830 1983 3152 2034 Albertus. Herr Wildenhain ist gewiß ein viel zu guter und
1837 2018 3159 2073 intelligenter Schauspieler, als daß er nicht selbst gemerkt hätte, wie
1826 2058 3152 2113 weltensern diese Schnitzlersche Figur von seiner Individualität liegt.
1830 2100 3161 2152 Man sah lediglich einen braven, schwatzhaften Bierphilister. Die banale
1836 2145 3152 2192 Maske (blonder Teutonenbart!) verstärkte diesen Eindruck nur noch.
1830 2180 3149 2234 Machen Sie's wieder gut, Herr Wildenhain! Vorzüglich war nur
1830 2211 3149 2269 Herr Herterich als Fürst Sigismund. Er gab ihn unauffällig. Die
1817 2244 3150 2314 Regie (derselbe Herr) hatte für ein überaus geschmackvolles Szenenbild
1830 2289 2757 2354 gesorgt. Das Publikum war sehr beifallslustig.
2748 2315 3123 2379 Walter Behrend.
