3436 4320
261 121 1195 226 20. Zuischenshiel
1326 135 1794 224 box 25/5
634 1013 2716 1047 welthe den Krieg aufgenommen hal, muß sich in andsdie Gesthälte in Babrof geplundert und ein kürtischer!
642 1037 2704 1151 Resultate fügen, das ist eine Pflicht, die nicht ver= General wurde sogar dabei von seinen Soldaten
2710 1048 3357 1132 Man will hier wissen, daß, w#
633 1080 1911 1150 gessen werden darf. Man darf weder auf Siege stolz mißhandelt.
2712 1120 3356 1172 auf die Gebietserweiterung ve
1718 1182 3336 1259 Wahrheit und Lüge. Sicherheit ist nirgends. sich das Gefühl der Frau — ein
863 1192 1426 1295 Zwischenspiel.
1716 1227 3356 1305 Wir wissen nichts von andern, nichts von uns.] Dichter läßt uns einen tiefen Bl
1723 1258 2601 1321 Wir spielen immer, wer es weiß, ist klug.
2688 1280 3343 1338 tiefer und stärker als das des
696 1266 1577 1358 Komödie von Arthur Schnithzler.
1718 1294 2704 1372 Um die zwei ringenden Seelen zweier erhöhten
2760 1327 3329 1385 Bald ist der Rausch, nach
1647 1344 2696 1400 Menschen, zweier Künstler, hat Arthur Schnitzler
713 1337 1556 1412 Zum erstenmal im Kgl. Schanspielhause.
2703 1357 3353 1420 Natur des Mannes langte, ver
1652 1390 3347 1453 kleine und kleinste Seelchen gruppiert. Der geist=der nach der landläufigen Au
670 1391 1645 1458 Die feine Komödie, die Schnitzlers dichterische
1655 1431 3358 1498 reiche Schriftsteller Albertus Rhon, der an dem „Rechts"auffassung keinen Grun
593 1427 1650 1496 und denkerische Wesensart gleichsam in einem
1661 1471 3342 1543 großen Problem nur höchstens einmal knabbert, auf Eifersuchtsgefühlen. Von e
599 1483 1637 1542 reinen Kristall zeigt, ist in den acht Jahren seit
1648 1509 3346 1581 weil er sich bei seinen andern derben Organen die Triumphen kehrt ihm die Ga
601 1511 1645 1586 ihrem Entstehen nicht allzuoft auf deutschen Bühnen
1651 1546 3346 1621 zu allen Genüssen bereiten Zähne scharf halten will, Freundin, heim. Er beargwöhn
605 1565 1646 1614 sichtbar gewesen. Neue Komödien, dabei die Ein¬
1659 1587 2695 1649 seine im engen Kreis zufriedene Frau, die eine
2689 1600 3349 1661 man sich gegenseitig gewährleiste
607 1604 1645 1656 akter mit dem „Puppenspieler", „Der Ruf des
1655 1627 2682 1683 Talgängerin bleibt ihr Leben lang, vertreten ge¬
2694 1633 3360 1691 sucht, die ihn Cäcilie in einem
603 1645 1641 1701 Lebens“, die von napoleonischen und wienerisch¬
1654 1666 2687 1726 wissermaßen die lebenspraktischen Grundsätze der
2691 1683 3357 1733 anders als die gesicherte Ehege
602 1680 1648 1743 biedermeierischen Lichtern wie ein seltsamer, far¬
1644 1709 2690 1765 öffentlichen Convention über Liebe, Ehe und Ver¬
2685 1713 3348 1772 erhebt sich in dem Manne wieder
588 1720 1651 1779 biger Garten am Abend übersäten Medardus¬
1642 1738 2685 1795 wandtes. Daueben steht die gröber organisierte
2685 1763 3348 1802 gilt. Und er zwingt die unend
604 1757 1634 1815 Scenen, boten den Theaterleitern Gewähr für
1647 1776 2688 1844 Gräfin Moosheim, die ihrer Liebhaber Skalpe am
2688 1796 3346 1853 sierte und bedeutendere „Freun
593 1809 1645 1861 stärkeren, äußeren Erfolg. Daß das Hoftheater
1652 1818 2688 1888 Gürtel trägt mit der Zärtlichkeit eines leidenschaft¬
2678 1826 3338 1894 seines Begehrens. Man fühlt,
593 1851 1645 1907 nach der Neueinstudierung der „Liebelei“ in einer
1653 1855 2691 1914 lichen Trophäensammlers. Ihr ist die Ehe eine
2697 1878 3341 1940 nung werden muß, was im b
593 1880 1634 1924 sehr reizvollen Aufführung das „Zwischenspiel“
1652 1899 2676 1956 Form, die Liebe ein angenehmes Gesellschaftsspiel,
2687 1909 3338 1957 versöhnte. Die Frau hat das
594 1917 1638 1972 herausbringt, erscheint mir höchst verdienstlich.
1643 1942 2693 1998 der Mann eine wechselnde Auswahl. Der Reigen
2691 1955 3354 2014 genommen, will keine Concessic
590 1960 1636 2010 Dieses capriccio doloroso — denn es ist eine
1638 1972 2679 2039 um die zwei, die sich im Tiefsten zu umfassen sehnen
2683 1991 3329 2036 verführte Freundin muß sich
599 1990 1634 2047 schmerzhaft wehmütige Komödie — gehört zum
1642 2022 2686 2078 und abstoßen, um sich vielleicht am Ende der Leiden¬
2692 2031 3352 2089 trennen. Sie weiß, daß auch ei
593 2035 1084 2098 Schnitzler=Repertoire.
1097 2034 1647 2103 Und dieses schmerzlich
1643 2051 2679 2118 schaft wieder zu umfassen, wird geschlossen durch
2689 2072 3346 2134 Freund, der ehedem ihr Gatte w
595 2074 1641 2133 lächelnde Capriccio mit seinem Ignorabimus, aus¬
1647 2087 2680 2154 den jungen Fürsten Sigismund zu Maradas=Lohsen¬
2685 2112 3342 2168 unbewachten Moment ihrer 2
595 2115 1644 2174 gesprochen (am Schlusse der Kämpfe) von einem
1646 2132 2676 2206 stein, den Idealisten ohne Schwert, den Jüngling
2679 2142 3345 2205 können. Und der Frau gelten
597 2149 1640 2206 tiefen Wisser der Seele und einem Weisen, ist viel¬
1649 2173 2215 2237 der frühreifen Resignation.
2673 2183 3336 2248 Das vollendete Geschehen mag fi
595 2197 1644 2262 leicht einzig in der Vollendung der Kunst des
1716 2203 2685 2278 In der Mitte aber stehen zwei vollblütige
2683 2228 3310 2276 Mann das Wesentliche sein.
582 2226 806 2289 Dialogs.
1633 2243 2688 2313 Menschen, denen nichts Zwischenstufliches anhaftet.
2679 2252 3356 2321 der Cäcilie Adams messen Tr#
676 2267 1637 2328 Im Grunde geschieht nichts, als eine leifeste,
1645 2291 2684 2351 Ein ganzer Mann. Ein ganzes Weib. Kompromisse
2679 2301 3353 2364 nicht am Geschehen oder Nichtg
582 2304 1640 2368 äußerste, erhöhteste Zwiesprache zwischen Mann
1635 2319 2685 2392 dünken beide unmöglich. Ihre Ehe, die nun sieben
2679 2346 3339 2392 sich: Der Mann, den die Liebe
599 2350 1643 2412 und Weib. So, daß man einem nach Europa ver¬
1651 2374 2681 2422 Jahre im Glück dauerte, soll ganz auf Wahrheit ge¬
2678 2383 3341 2443 ausfüllt, hat sich in seinem Wa
591 2392 1640 2444 sprengten Kanadier, der einen fragte: Was ist das,
1642 2407 2680 2460 baut sein. Darum muß der Kapellmeister Amadeus
2673 2416 3344 2484 einen neuen Weg über alte K
594 2423 1632 2485 ein Dialog? das Buch in die Hand drücken müßte
1644 2448 3338 2518 Adams seiner Frau, der gefeierten Opernsängerin wollen. Er muß einsehen, daß
594 2473 1627 2523 als eine Offenbarung dessen, was die Kunst der
1635 2490 3335 2544 Cäcilie Adams=Ortenburg, das Geständnis einer wiederersehnte Ehegemeinschaft
590 2507 1634 2575 Zwiesprache bedeutet. Dieses Saitenspiel meistert
1631 2518 3350 2598 sehr ir ischen Leidenschaft machen. Darum muß Frau, deren unendliche Zärtlich
588 2533 1626 2610 Schnitzlers Künstlerhand, wie keines andern. Man
1643 2564 2675 2629 Cäcilie eine leise, nur aus im Stiche gelassenem,
2683 2584 3351 2628 einem wiedererlangten, unbedach
594 2588 1632 2646 ertappt sich in währender Aufführung bei dem Ge¬
1638 2606 2681 2669 feinstem Zärtlichkeitsbedürfnis keimende Neigung
2675 2624 3346 2673 andre, eine Gefahr aus dem Wege
579 2628 1633 2681 danken, wie weit wohl die Macht der menschlichen
1632 2644 2676 2704 zu dem sanften und vornehmen Fürsten Sigismund
2673 2659 3347 2715 der Zerstörung des letzten Reste
588 2658 1626 2726 Sprache lange, wo ihr die Grenzbarrieren gesetzt
1641 2685 2668 2747 bekennen. Amadens will sein Wahrheitssystem
2672 2696 3343 2760 Freundschaft. Es zeigt sich ihr
579 2700 1625 2764 seien — so stark drängt sich, was gesprochen, was
1634 2722 2673 2781 durchsetzen und die Gattin dennoch nicht verlieren.
2674 2730 3343 2789 ten Versuch zunächst nur eine M
585 2752 1637 2812 zwischen dem Spiel der Worte greifbar,
1633 2758 2675 2824 Keine bauale Ehescheidung. Höhenmenschen brauchen
2668 2782 3350 2853 schiednehmen. „Wir waren“, sagt
578 2781 1632 2842 lebendig und heiß ist, ins Bewußtsein. Und dann
1630 2801 3333 2863 keine Zuschauer auf ihrem einsamen Sonnenweg. Klarheit Schnitzlers und mit
592 2820 1625 2883 steigt aus der unendlichen Fülle dieser dichterischen
1631 2840 3343 2909 Und eine Escapade in fremdes Liebesrevier mit Unterton dieses capriccio dolo
585 2862 1624 2928 Variationen über ein Thema — „Konflikt zwischen
1638 2879 3352 2941 banaler Versöhnung erscheint ihnen lügenhaft und weder geschaffen, uns ewig in Tr
583 2898 1621 2966 Ehe und Liebe und Begehren“ — das Dominierende,
1626 2910 2675 2982 häßlich. Amadeus, der seine Musiker, überhört doch
2668 2927 3355 3002 stark genug, um unsre Freunds#
583 2938 1629 3001 das an Ewiganziehendes, Ewigunlösliches Klopfende,
1627 2952 2671 3025 die allerfeinsten Zwischentöne in den Worten seiner
2667 2973 3299 3030 halten. Andre fänden sich ab.
577 2963 1628 3060 das große Schnitzler=Motiv herauf. Paracelsus
1630 2997 2666 3067 Frau. Die willigt — von allen Ahnungen gefoltert —
2650 3018 2731 3064 —
2715 2999 3353 3071 Und du darfst es nicht können
585 3012 759 3085 spricht:
1625 3034 3354 3111 in eine Fortsetzung der Ehe ein, die auf Wahrheit,i Versuch ist mißglücki, nehmen wi
666 3036 1541 3118 Mit Menschenseelen spiele ich. Ein Sinn
1627 3079 3345 3154 Freiheit und Freundschaft gegründet sein soll. hin. Das ist zu ertragen. Aber
659 3102 1548 3159 Wird nur von dem gefunden, der ihn sucht.
1631 3116 3354 3189 Sie hat zuerst gefühlt, daß, was heute Wahrheit,gierig, zu wissen, wic es schmech
671 3147 2907 3240 Es fließen ineinander Traum und Wachen, morgen notwendig Lüge sein muß. Und so erweist Ende ist.“
706 3203 1495 3363 gress K. Neu
1197 3335 1350 3518 2
