3436 4352
2299 173 2482 341 N04
856 178 1376 359 VoaneM
1834 356 1998 435 924
671 444 3149 505 vollen Ernst vworgetragen, an einzelnen Stellen bekräftigt durch! Herzens hatte sie ihn den noch immer Geliebten, verlassen,
668 490 3159 537 Klavierbegleitung. Es war schauerlich ergreifend. Die kleine doch draußen in der großen glänzeden Welt vernarbte die Wunde.
664 533 3155 570 Gerda bekommt vor ihrer Liebe solche Angst, daß sie sich Hals über Ein neues Jugendgefühl und wildes Glücksverlangen sind in ihr er¬
674 570 3153 622 Kopf mit einem faden Forstassessor verlobt. Das Licht erlischt, wacht. Als seine alte liebe Kameradin heißt der Komponist sie will¬
672 606 1919 665 die Mächte der Finsternis haben den Unglücklichen wieder. Das
1907 608 3163 667 kommen. Ihre Schönheit entflammt ihn, seinem heißen Werben
674 650 3146 694 Kollier, das die Kommerzienrätin am Schluß ihm anvertraut, gibt die Widerstrebende einmal noch, zum letztenmal sich hin.
665 686 3156 745 wird sie nie wiedersehen Das ist die Strafe, wenn man Ueber= Der dritte Akt, der bei dem Premierenpublikum auf teilweise
668 727 3146 765 menschen um eines Ajsessors willen ausschlägt. Die mäßigen, Opposition stieß, hat noch den meisten dramatischen Alzent.
669 758 1919 819 Komödienszenen, die das schicksalsschwangere Seelendrama ein¬
1921 763 3017 830 Wie diese Liebesnacht den bissigen Gemahl in
2695 797 2792 855 der
669 796 1906 848 rahmten, retteten das Stü## vor dem verdienten Durchfall. Der
2793 794 3154 858 den fürstlichen
1916 798 2689 863 eifersüchtigen Liebhaber umwandelt,
676 830 1415 908 Autor konnte einige Mal###cheinen.
1907 829 2791 906 Kurmacher seiner Frau vor die Pistole
2792 839 3159 905 fordern möchte,
765 872 1916 935 Matkowsky mußte n Rinaldo tragieren. Die relativ
1908 874 3155 932 das ist mit überlegener feiner Ironie skizziert. Recht glauben kann
1907 917 3160 969 man freilich nicht an diese plötzliche Duellwut, wie man auch nicht
666 909 1907 977 dankbarste Rolle, der Polizeirel, wurde in sehr charakteristischer
1901 954 3160 1014 versteht, daß sich des Amadeus geistreicher Freund, der mit seinem
677 965 1456 1028 Maske von Herrn Grube gespielt. —
1891 993 3160 1045 spöttischen Räsonnement begleitet, zur Sekundantenrolle pressen läßt.
748 1031 3153 1084 Lessing=Theater. Zwischenspiel. Komödie in drei Amadens meint, nun müsse alles wieder sein wie früher; sie aber,
1911 1073 3152 1122 die weiterschauende, die tiefer fühlende und kühnere löst den Bund.
672 1072 1910 1122 Akten von Artur Schnitzler. Der interessanteste Dramatiker,
1913 1115 3157 1173 Das was gewesen, wird sich immer wiederholen; die Illusion, die
668 1113 1903 1159 den wir neben Hauptmann besitzen, ist in Gefahr, sich dem Theater zu
1914 1158 3164 1218 ihr das Bild des Mannes zauberisch verklärte, ist dahin. So scheidet
671 1156 1908 1194 entfremden; dieser Eindruck ließ keine rechte Freude an dem ver¬
1906 1184 2175 1251 sie von ihm.
675 1192 1916 1241 schlungenen Geflechte seelischer Nuancen in dem neuen Werke auf¬
1984 1210 3151 1283 Das Spiel von Bassermann und Irene Triesch in den
671 1236 1915 1282 kommen. Er nutzt, schon in dem „Einsame Wege“ trat diese Neigung
1920 1259 3158 1312 beiden Hauptrollen war meisterhaft. Würdig stand ihnen Reicher
662 1273 1918 1316 hervor, seine Menschen jetzt lieber zu einem geistreich gedankenvollen
1918 1308 2996 1378 in der Figur des Hausfreundes und Räsonneurs zur Seite.
668 1312 1915 1368 Spiel, als daß er sie und ihre Schicksale zu anschaulicher
1328 1351 1917 1410 Er verkörperlicht die Per¬
2965 1339 3088 1421 dt.
681 1352 1322 1412 Realität auszugestalten strebt.
674 1385 1921 1431 sonen, rückt sie in eine schattenhafte Ferne, in welcher der
2336 1390 2734 1473 Astronomisches.
667 1423 1923 1473 Zuschauer nicht mehr unterscheiden kann, was ein notwendiges Ge¬
1980 1441 3168 1500 — Der nene Komet nimmt an Helligkeit immer
677 1459 1927 1515 schehen, was dichterische Willkür ist. Nicht nur die Bühnenwielsam¬
1914 1484 3161 1545 mehr ab. Auf Grund der Beobachtungen vom 18., 19. und 20. No¬
674 1503 1921 1561 keit im größeren Sinne, auch die, die mit zu dem Wesen jeden
1915 1540 3162 1578 vomber hat Dr. M. Ebell in Tiel seine Bahn berechnet. Danach
670 1548 1911 1598 echten Dramas gehört und sich auf den Glauben an die Wohkheit
1917 1579 3164 1647 hat der Komet, wie derTägl. Rundsch.“ geschrieben wirh, seine
673 1585 1908 1643 des im Bühnenbilde Dargestellten gründet, geht bei dieser Ark ver¬
1920 1615 3161 1667 größte Sonnennähe (das „Perihel“) bereits am 27. Oktober erreicht;
679 1621 1920 1671 loren. Die dreiaktige Komödie wirkt wie ein Selbstgespräch des
1917 1649 3167 1704 er stand damals in Leinem=Abstanck von 159 Millionen Kilometer
679 1655 1926 1713 Dichters ein Duett der Empfindungen, das er an Mann und Frau
1923 1693 3163 1751 (also nur etwas mehr als die Erds) von ihr; erfahrungsgemäß
677 1694 1911 1749 verteilt hat; davon, daß die beiden mehr als nur die Vortragenden,
1917 1736 3161 1788 nimmt nach dem Perihel Helligkeitund Schweifentwickelung immer
685 1735 1922 1791 daß sie selbständige Eigenwesen sind, davon kann er uns nicht über¬
1924 1773 3161 1832 mehr ab. Unglücklicherweise ist auch die größte Erdnähe schon vor¬
676 1782 866 1850 zeugen.
1916 1813 3160 1858 über; am 20. November war exf36,4 Millionen Kilometer von uns
754 1801 1924 1863 Niemand wird Schnitzlers Landsmann Hermann Bahr, der sein
682 1847 3164 1899 Talent durch so viel schlechte, flüchtig auf den Tageserfolg hin=]entfernt, bis zum 10. Desember wächst der Abstand auf
677 1902 3155 1935 gearbeitete Stücke kompromittiert hat, als künftlerische Gesamt=|120 Millionen Kilometer. Die Helligkeit war zur Zeit der Ent¬
677 1931 3165 1986 persönlichkeit dem Wiener Dramatiker zur Seite stellen wollen. Aber deckung auf siebente Gpeße geschätzt worden (zum Vergleich diene
1918 1961 3159 2014 die Vemerkung, daß unter günstigen Verhältnissen Sterne sechster Größe
678 1982 1925 2028 in dem einen Bühnenwerk, das Bahr gelungen und das einen in
678 2012 3166 2057 mancherlei Hinsicht verwandten Konflikt behandelt, hatler, der Unbedenk=mit bloßem Auge mährnehmbar sind), am 28. November ist er nur
687 2054 3153 2105 liche, der auch hier die Mittel der Theatermache nicht verschmäht, viel neunter am 6. Bezember zehnter und am 10. Dezember nur noch
676 2092 3161 2116 mehr als Schnitzlers überseines „Zwischenspiel“ die Impression der Wirk=s elster Größe zues gehören dann schon rechi große Fernrohre dazu,
685 2128 3173 2165 lichkeit erreicht. Der Meister Cajus, der grobkörage für Koniequenzlum ihn aufzusen ndn besbachten. Die Bahn, in der er seinen
679 2164 3167 2209 begeisterte Naturwissenschaftler, der gleich Schnitzlers ätherischem Kapell= Weg um die Sonne zieht, liegt außerhält=der Erdbahn, deren Ebene
1917 2202 3158 2248 ist gegen die letzteren um 41 Grad geneigt. Durchstoßungs¬
677 2205 1917 2252 meister die eheliche Treue für eine belanglose Konvemtion erklärt und sich
1919 2238 3168 2287 punkte (die „Knoten“) seines Weges mit der genannten Grundebene
690 2243 1919 2288 wie seiner Frau — sie ist bei Bahr die wissenschaftliche, in Schnitzlers
1923 2269 3170 2336 liegen in der Richtung, die von der Sonne nach der Wage führt,
686 2288 1915 2331 Stück die künstierische Muarbeiterin des Mannes — das Recht der
1914 2313 3170 2365 und zwar kommt er in der Wage selbst von Süden nach Norden
687 2329 1918 2381 vollen Liebesfreihen wahren will, steht in fest umrissener Zeichnung
1912 2350 3162 2400 herauf, dort ist also der „aufsteigende Knoten“. Sein Weg ist eine
686 2363 1924 2410 leibhaft uns vor Augen. Man begreift, wie er geworden, wie sich
1923 2378 3158 2440 Parabel: aus dem Unendlichen kommend, wurde er von der
691 2398 1923 2453 das angeborene Temperament mit seinem geistigen Entwickelungs¬
1927 2431 3165 2490 anziehenden Kraft der Sonne gezwungen, sie zu umkreisen, je näher
680 2438 1924 2484 gang vereinigte, um dies und gerade dies Produkt zu erzeugen.
1919 2477 3166 2526 er ihr kam, um so eiliger ward sein Lauf, bis mit der größten An¬
689 2468 1918 2532 Die Trennung zwischen ihm und seiner Frau, die in ihrer Freiheit
1917 2508 3170 2566 näherung an die Sonne das Spiel sich umkehrte, in verselben
685 2523 1929 2575 nach Zärtlichkeit und Liebe hungert, erscheint durch eine klare Not¬
1922 2545 3175 2613 Weise verringerte sich die Geschwindigkeit, er verliert sich wieder ins
691 2559 1074 2620 wendigkeit bedingt.
1929 2589 2169 2653 Unendliche. —
771 2581 1922 2643 Bei Schnitzler aber verlieren sich die Voraussetzungen in ein
693 2622 1934 2675 dämmerndes Zwielicht. Wir hören das Gespräch der beiden selt¬
694 2675 1934 2731 samen Meuschen, des Komponisten Amadeus und seines jungen
698 2706 1932 2750 Weibes, der berühmten Opernsängerin. Sie haben einen Pakt ge¬
696 2748 1927 2796 schl sen: Jedes von ihnen soll den Regungen des Herzens frekegen
2411 2754 2664 2834 Notizen.
694 2791 1938 2844 dürfe, aber verpflichtet sein, dem anderen in voller Wahrheit
2052 2812 3111 2875 Zur Instandsetzung des Kleist=Grabes ist i
689 2826 1936 2880 alle Seitensprünge auch die der bloßen Empfindung, zu beichten.
684 2865 1924 2917 Wie sie ihn schließn, wie sie ihn bewahren konnten, wie sich unter
1927 2859 3162 2919 den preußischen Etat die Summe von 10000 Mark eingesetzt
1928 2902 2089 2964 worden.
695 2901 1927 2953 dieser Bedingung die sieben Jahre ihres Chelebens gestaltet haben
689 2935 1927 2992 mögen, das alles deckt ein dichter S#leier zu. Der Palt, auf den
2075 2932 3168 3005 Hermann Nissen wird vom 1. Juli 1906 ab die
692 2981 1924 3036 sich alles weitere aufbaut, scheint wio kinnig in sich selber. Eine
1918 2973 3162 3038 Leitung und Pacht des Neuen Theaters übernehmen. Rein¬
692 3021 1923 3061 Freiheit, die in dieser Weise die Beichte eicht vom inneren Be¬
1925 3029 3162 3075 hard: erhält eine Abstandssumme von 135000 Mark. Das Neue
692 3068 2946 3115 dürfnis abhängig macht, sondern für alle Fäue vorschreibt, ist keine Theater soll eine „vornehme Lustspielbühne“ werden. —
695 3098 1834 3138 Freiheit mehr, am wenigsten sollte man meinen, für
2042 3109 3163 3168 Maxim Gorkis neue Stücke „Die Barbaren“ und
698 3127 1929 3183 empfindrde Naturen, wie es doch Schnitzlers Amateus sein soll.
1932 3153 2354 3214 „Kinder der So¬
2415 3151 3166 3225 werden im Kleinen Theater in
697 3180 1916 3224 Das Eingehen einer solchen Verpflichtung hat offenbar
1927 3196 2269 3258 Szene gehen. —
687 3208 1921 3260 nur einen Sinn für den, der ganz im Widerspeuche zu dem flatter¬
2078 3221 3171 3294 „Der Weg zur Hölle“, ein neuer dreiaktiger Schwank
689 3254 1933 3313 haften Helden des Stückes sich gegen die Versuchung zur Untreue
1924 3279 3168 3323 von Gustav Kadelburg, gelangt zu Weihnachten im Lust¬
690 3299 1922 3345 mit aller Kraft verschanzen will. Dem, der diese Dinge leicht
1927 3321 2549 3376 spielhause zur Aufführung. —
689 3332 1939 3387 nimmt, muß das Versprechen zum lästigen aufgedrungenen Zwenge
2067 3359 3160 3430 Im Gärtnerplatz=Theater zu München hat
691 3371 1932 3421 werden. Der Stolz, mit dem ein Amadens davon spricht, ist einfach
690 3411 1922 3458 unverständlich. Es sieht so aus, als sei ihm die Erfüllung dieser
1923 3402 2422 3457 [Ludwig Thoma's
2406 3404 3173 3454 vieraktige Posse mit Gesang „Der
702 3453 1931 3505 Pflicht besondere Genugtnung, als ahne er gar nicht, welchen Schmerz
1936 3450 2896 3510 Schusternazi“ freundliche Aufnahme gefunden. —
705 3472 1940 3540 er seiner Frau bereitet. Er rühmt sich sogar seiner Offenheit noch
2046 3477 3139 3545 Hermann Bahrs Schauspiel „Die Andere“ ist im
1595 3525 1706 3580 der
701 3525 1578 3568 vor der ganz gewöhnlichen Kokette,
1560 3530 1610 3564 00
1722 3524 1935 3584 gräflichen
1932 3531 3173 3587 Wiener Deutschen Volkstheater unter Zischen und Pfeifen zu Ende
1128 3562 1245 3612 ihn
1234 3565 1349 3609 in
962 3564 1077 3616 „ die
693 3560 983 3615 Theaterdame,
1332 3553 1933 3618 ihren Netzen sängt. Die
1924 3578 2316 3639 gespielt worden. —
699 3593 1930 3656 Auseinandersetzung der beiden Gatten vollzieht sich mit musterhafter
2082 3605 3166 3676 „Gesang der Verklärten“ Max Regers fünf¬
691 3645 1929 3697 Delikatesse, durch keinen rauh vorbrechenden Naturlaut des Leides
1929 3646 3164 3706 stimmiges Chorwerk mit großem Orchester, gelangt am 14. Dezember
699 3677 1921 3735 gestört. Die Freu, von einem jungen Fürsten hofiert, wird in
1935 3700 3155 3759 durch das städtische Orchester in Aachen zur ersten Aufführung. —
692 3725 1933 3772 Berlin ein Engagement annehmen. Der Mann kann so, ganz un¬
2068 3737 3161 3814 „Tannhäuser“ hat dieser Tage im Wiener Hof¬
702 3760 1934 3804 gehindert, sich der neuen Liebschaft, die er, wie alle früheren als un¬
1930 3772 3161 3844 [Operntheater die 300. Aufführung erlebt. Die Gesamt¬
692 3798 1930 3847 abänderliche Schickfalsendung hinnimmt, widmen. Als Cäcilie nach
1932 3825 3167 3874 einnahmen betrugen zwei Millionen, die Tantieme 200 000 Kronen. —
693 3832 1934 3892 einigen Monaten voll rauschender Bühnentriumphe Amadeus und
697 3860 1941 3931 ihren kleinen Knaben wieder aufsucht, findet sie das Feuer
2042 3861 3182 3941 — Mit der Kunstausstellung Mannheim 1907 wird
700 3916 3083 3943 dieser letzten Leidenschaft schon langst verglüht. Bangenl eine große Gartenbau=Ausstellung verbunden sein. —
721 3957 3163 4044 Verantworil. Redakteur: Haus Weber, Berlin, — Druck u. Verlag: Vorwärts Buchdruckerei u. Verlagsanstalt Paul Singer &Co., Berlin SW.
