3436 4352
245 233 1784 351 20. Zwischenspiel box 25/1
2143 1355 2325 1442 S
290 1372 751 1465 — — —
882 1438 3293 1541 haftigen Menschen wohl vergeblich suchen. Nun führt aber wird ihrem Gatten gegenüber solche Zuhälterworte
549 1495 880 1573 Nachdruck verboten.
889 1522 3276 1607 schon der erste ernste Fall, in dem dieses Aufrichtigkeits= gebrauchen? Ist also auch diese Supposition willkürlich
170 1550 547 1650 irgtheater.
887 1569 3275 1648 prinzip zur Anwendung gelangt, zum Bruche. Der und kaum anders als im Lustspiel haltbar, wie wenig
887 1599 3275 1706 Kapellmeister Adams umschwärmt eine hübsche und ist ihr Zustandekommen mit dem Thema und seinen
174 1611 855 1708 in 3 Akten von Artur Schnitzler. -
897 1652 3280 1740 elegante Sängerin, die Gräfin Moosheim, und wenn er Weiterungen verbunden! Es soll doch davon die Rede
168 1671 737 1753 le aufgeführt am 12. Oktober.)
2064 1691 3279 1779 sein, daß die gegenseitige Wahrhaftigkeit die Ehe der
890 1709 2089 1786 sich auch verzweifelt und grob wehrt, so fühlt er sich
173 1739 904 1814 Artur Schnitzler seinem neuesten
2065 1740 3272 1817 Adams zerstört. Diese ist indes nur die scheinbare
899 1762 2080 1853 doch von der verführerischen Frau mächtig an¬
175 1780 901 1847 ironisch. Was dem Kapellmeister
901 1782 3280 1891 gezogen. Frau Adams=Ortenburg wieder wird von Ursache. In Wirklichkeit besteht sie in der grund¬
159 1824 898 1905 brochenen, sozusagen suspendierten
901 1853 3273 1935 dem jungen Fürsten Sigismund Lohsenstein, einem verschiedenen Auffassung, die Mann und Weib von
176 1884 904 1951 erscheint, ist in Wirklichkeit letzter
2070 1887 3281 1972 dem Verhältnis zwischen Liebe und Ehe haben.
897 1909 2086 1991 tadellosen Gentleman und früheren Schüler ihres Mannes,
176 1931 907 2008 e, die nach mathematischen Formeln
2070 1940 3277 2011 Für den Mann schwindet in dem Augenblick, da er eine
896 1959 2084 2034 verehrt und hegt zu dem liebenswürdigen Kavalier eine
187 1968 902 2047 ,als ihm eine dieser Formeln nicht
903 1994 3271 2091 leise Neigung und Frau Cäcilie fügt hinzu: „Noch gibt andere liebt, das Interesse an der Ehe beträchtlich
169 2031 904 2101 n; später kommt er dahinter, daß
2076 2036 3280 2121 und er denkt nicht daran, diese Verschiebung zu
899 2061 2087 2126 es etwas, das mich halten könnte, wenn es will.“ Mit
167 2078 921 2148 kentliches Moment war, welches er
2083 2088 3271 2165 regulieren; die konservativere Frau aber gibt die einmal
907 2112 2087 2182 der Erwiderung: „Es will nicht“ zerreiß Amadeus
178 2123 916 2198 I den Akt wieder aufheben. Aber
2078 2119 3274 2210 gewonnene Ehe nicht so leichten Mutes hin. Nicht weil
908 2161 2088 2222 Adams seine Ehe. Er blickt erleichtert und voll schöner
180 2171 911 2235 n gewechselt; die Voraussetzungen
2078 2189 3274 2264 ihm Cärilie über ihr Verhältnis zu Lohsenstein berichtet
895 2200 2087 2281 Heffnungen in die Zukunft, namentlich nachdem es ihm
175 2225 913 2301 dieser Ehe sind nunmehr für seine
2080 2252 3283 2309 und nicht weil er daraus schließt, daß die Trennung,
896 2249 2096 2340 gelungen ist, seine Frau zu überreden, daß ihr gemein¬
162 2267 912 2343 nd so wird eine von vornehmen
2080 2284 3292 2367 wenn auch diesmal noch verhindert, in einem zweiten
910 2286 2098 2370 samer Hausstand, die Pflege ihres Kindes Peter und
157 2329 914 2402 it den besten Absichten geschlossene
2088 2335 3284 2403 oder deitten Falle unaufhaltsam wäre, gibt er Cäcilie
904 2343 2096 2424 ihre Künstlerkameradschaft aufrecht bleibt. Frau Cäcilie
171 2375 548 2439 truktur zunichte.
2084 2382 3284 2447 auf, sondern weil ihn selbst ein anderer momentan stär¬
898 2401 2095 2466 jedoch geht in ihr neues Leben mit schwerer Bekümmernis
166 2393 912 2485 daß dieser komplizierte und subtile
2086 2416 3293 2494 kerer Magnet ablenkt, das Verlangen nach der schönen
902 2448 2090 2516 und banger Depression ein, Träuen ersticken ihre sieg¬
166 2459 920 2535 zahllosen Möglichkeiten im Bühnen¬
2093 2462 3289 2548 Gräsin Friederike. Nicht das Wahrhaftigkeitsprinzipistes also,
901 2489 2101 2577 gewohnte Stimme, während sie mit dem frohgemuten
162 2511 916 2570 erfassen ist. Es gehört die Prä¬
2077 2529 3285 2596 aus dem der Konflitt entsteht, sondern die physiologische
907 2545 2087 2604 Musiker Brahms „Nicht mehr zu dir zu gehn beschloß ich“
181 2547 912 2628 fsicherheit eines Ibsen dazu, um aus
2084 2581 3156 2638 Leichtfertigkeit des Mannes in Sachen der Erotik.
902 2584 2102 2659 studiert und in dem Liede die eigene Gemütsstimmung
160 2607 918 2673 gischer Entwicklungen, die das Thema
2174 2600 3297 2699 Ein weiterer Alt dieser Leichtfertigkeit ist auch des
897 2648 1272 2729 gespiegelt sieht.
164 2659 914 2717 mgeben, gerade den Weg heraus¬
1004 2706 3280 2760 Daß der neue Zustand, das Nebeneinanderleben der Kapellmeisters Rückfall in seine alte Liebe zu Cäcilie.
170 2685 917 2774 sch zu markieren, der zu dem ge¬
2086 2733 3289 2802 Die Episode mit Frieberike ist vorbei; er ist wieder
916 2731 2097 2801 Ehegatten unter einem Dache bei freiem Bestimmungs¬
171 2748 917 2819 k. Schnitzler hat diesen Gang weder
2084 2770 3295 2843 allein mit Cäcilie, die ihm von ihrem Freiheitsleben be¬
910 2782 2102 2852 recht in erotischen Fragen nicht nur ungesund, sondern
161 2797 915 2881 uen vermocht, noch weniger hat
2093 2819 3281 2878 richtet, von der ernenten Werbung Sigismunds und
907 2833 2099 2894 unsittlich, ja unsauber ist, hat Schnitzler wohl slbst
153 2841 911 2924 n, ihn in glaubhafter und zwingen¬
2092 2866 3300 2932 ihrer eigenen aufkeimenden Leidenschaft für einen dritten
906 2879 2095 2946 gefühlt, indem er die Frau lange sich wehren läßt, bevor
162 2891 913 2965 en. Sein Spiel ist von der ersten
2093 2913 3301 2975 Mann. Adams ist natürlich der Meinung, daß sie von
923 2921 2107 2998 sie ihn akzeptiert. Umso häßlicher klingt es dann, wenn
154 2939 923 3013 nden Moment, an bis zur Lösung
2094 2961 3294 3027 ihrer Freiheit den gleichen Gebrauch gemacht hat wie er.
908 2982 2100 3045 Frau Cäcilie mit ihrem Mann über dessen geheimes
158 2978 916 3071 d und von Elementen beein¬
2091 3011 3294 3082 Und nun erscheint sie ihm nach dem Friederike=Zwischen¬
922 3022 2103 3091 Verhältnis zur Gräfin Moosheim ungeniert plandert
165 3037 927 3108 deren Zielen führen müßten. Schon
2098 3051 3294 3129 spiel von neuem begehrenswert; der anderen satt, reißt
917 3076 2101 3140 und ihm Ratschläge gibt, wie er sich vor der Entdeckung
165 3075 923 3165 ser schematischen auf unbeschränkte
2091 3112 3291 3181 er sie wiederum an sich. Und da Cäcilie, wenn auch nach
910 3117 2102 3189 durch den betrogenen Gatten schützen soll. Welche Frau
175 3139 921 3211 keit gebauten Ehe ist etwas be¬
1543 3141 3293 3225 — und im ganzen Stücke einigem Sträuben, damit einverstanden ist, sollte man
200 3170 1569 3242 den Theaterkapellmeister und die von Ehre und Anstandsgefühl
183 3204 3297 3319 n solcher Ehe leben, unter den leib= erscheint Frau Cäcilie Adams=Ortenburg als solche — meinen, sie hätten sich wieder und das Stück wäre aus,
