3532 4192
293 139 1206 242 20. Zuischenshie-
1370 123 1824 207 box 25/6
2230 69 3123 115 de Haagsche Reigen-vertooning. De 11. K.
2236 102 3129 141 zonden hier ook cen zijner andere werken
2240 137 2600 184 moeten vertoonen.
2262 133 3139 212 Zoo ging gisteravond voor cen nattig bezet¬
2236 202 3138 250 ten Koninklijken Schonwburg Zwischenspiel
2249 248 3135 301 (1904) bekend uit de voorstellingen door
2237 288 3120 334 „Comoedia“ onder den titel „Intermezzo“ ge¬
2234 314 3126 371 geven. Vergelijkingen dringen zich op en wil
2235 367 3136 421 moeten dadelijk bekennen dat voor ons gevoel
2225 407 3138 461 het stuk beter benaderd werd door de Hollan¬
2240 447 3069 497 ders dan door deze gasten uit Hamburg.
2266 475 3138 525 Begrip, eenvond en innigheid waren de
2227 516 3146 576 kenmerken van de vertooning dor „Comoe¬
2241 556 3129 611 dia“ en vergoedden wat aan het individueele
2235 600 3140 651 spel te kort schoot. Bij de Duitschers zagen
2229 635 3137 707 wij subliem spel van de vrouwelijke hoofd¬
2234 689 3143 735 persoon (Mirjam Horwitz), zeer geestig en
2237 715 3139 763 fiine typeering van den raisonneur (Paul
2235 733 3152 819 Marx). Maar de geest, de sfeer van het werk
2231 801 2413 855 ontbrak.
2267 819 3153 884 Het gaat in die stukken om het huwelijk
2238 875 3136 924 van Amadeus en Cäcilie, beide menschen van
2231 902 3145 982 talent en karakter als voor elkaar geschapen.
2240 951 3141 1006 Om de tragiek van het lot tot ziin recht te
2221 985 3139 1068 doen komen, moet men de schoonheid van dit
2237 1022 3146 1080 huwelijk gezien hebben vöör den onvermijde¬
2239 1074 3151 1116 lijken ondergang, en om de waarde van wat
2239 1108 3147 1159 had kunnen ziin, te doen begrifpen, moet men
2245 1144 3149 1216 de beide hoofdrollen a.h.w. gelijk gestemd be¬
2237 1186 2402 1249 zetten.
2272 1203 3159 1285 Deze eenheid ontbrak in de Duitsche ver¬
2245 1264 3146 1316 tooning. Dit huwelijk was onevenwichtig en
2248 1298 3172 1354 van den beginne af veroordeehd en hierdoor
2247 1347 3163 1412 kon de voorstelling niet tot schoonheid
2250 1397 2437 1446 stigen.
2281 1412 3146 1474 Na dit voorbehond niets dan goeds. Miriam
2246 1470 3155 1524 Marwitz en Pau] Marx noemden wij reeds,
2251 1501 3149 1565 Erich Liegel (als lager plan) uitstekend als
2255 1524 3159 1600 de kapelmeester, Olga von Mahr was het lieve
2251 1579 3155 1643 vronwtje van zijn vriend en Annie Reuter een
2230 1607 3162 1675 goede Philine. Knap samenspel in een vlot¬
2332 1661 3162 1710 vertooning, succes en bloemen voor de
2287 1676 2318 1709 2
2248 1698 2681 1759 vrouwelijke hoofdrol.
2274 1712 3169 1802 En toch zonder chauvinisme: de Hollanders
2252 1777 2614 1841 waren mij liever.
2887 1845 3121 1907 Reigen.
2281 1893 3162 1943 „Reigen“, 25 Jaar geleden geschreven en
2237 1932 3163 1992 sindet vorig voorlaar overal gespeeld in de
2253 1981 3160 2025 Duitsch sprekende en begrijpende wereld,
2257 2025 3153 2071 beleefde vanmiddag zijn eerste opvoering in
2247 2051 3159 2127 ons land. Het kabaal, dat door publiek en
2259 2100 3158 2152 critiek om dit stuk gemaakt is, heeft den
2259 2119 3169 2182 schrifver in zlin werk een andere vermaard¬
2244 2170 3157 2220 heid verschaft dan die, waarop beide recht
2247 2212 3161 2270 hebben. Bij lezing eerst en daarna bij vertoo¬
2247 2258 3159 2301 ning bleek ook, dat Reigen niet een schunnig,
2259 2300 3157 2341 maar een knap werk is en werkt het niet op¬
2253 2336 3036 2403 bouwend, neerhalen doet liet evenmin.
2289 2371 3165 2428 Tien dialogen volgden wij tusschen tien
2256 2406 3161 2453 verschillende menschen, waarvan wij de eene
2245 2438 3169 2493 kennen uit een vorige combinatie, terwijl een
2251 2485 3174 2546 ander de gewezen geliefde in die functie ver¬
2260 2524 3161 2575 volgt, met elkaar vormen zij een ring en het
2250 2565 3165 2627 is niet tosvallig, dat juist „die Dirne“ de
2247 2600 3177 2654 sluitsteen vormt. De liefde der 10 paren vliegt
2253 2646 3159 2709 niet hoog, daar het hier echter als steeds bil
2252 2678 3178 2729 kunst minder om het onderwerp gaat, dan
2256 2728 3174 2796 wel om de wiize, waarop dit door den schrif¬
2374 2765 3191 2816 behandeld wordt, kan zeifs de meest!
2269 2778 2360 2820 ver
2255 2805 2969 2865 preutsche toeschonwer gerust ziin.
2293 2833 3177 2896 Schnitzler is geestig, cynisch, meedoogen¬
2258 2862 3182 2933 loos en eerlijk, maar hij is nooit gemeen. Dit
2270 2905 3186 2965 werk stelt hooge eischen aan spel en zeg¬
2264 2957 3166 3023 gingskracht. Maar dan is het ook de opvoe¬
2259 3014 2749 3064 ring ten zeerste waard.
2305 3040 3175 3092 Aan deze eischen hebben de „Hamburger
2254 3056 3179 3139 Kammerspiele“ met een brillante vertooning
2265 3123 3171 3170 gedeeltelijk voldaan. De knappe dictie aan
2268 3157 3176 3211 Duitsche tooneelspelers eigen kwam hun zeer
2261 3187 3181 3252 van pas en van den tintelenden geest ging
2265 3235 3184 3286 niets verloren. Dat Dultsche actrices geen
2267 3270 3106 3319 Wienerinnen ziin, bleek echter duidelijk.
2310 3298 3178 3365 Volmaakt was alleen Paul Marx als „Der
2259 3349 3192 3399 Gatte“ en aan ziln regie zal de vertooning wel
2268 3384 3168 3437 tempo en vlotheid danken. De volle zaal ap¬
2264 3429 3183 3485 plaudisseerde geestdriftig en de vertoonen¬
2274 3467 3189 3532 den namen deze hulde op geestige wiize in
2269 3519 2497 3572 ontvangst.
2273 3607 3188 3688 REIGEN TE ROTTERDAM VERBODEN
2445 3692 3014 3753 (Van onzen correspondent).
2306 3731 3188 3812 Rotterdam, 8 Aug. — Naar wij vernemen ziin
2293 3789 3189 3848 de opvoeringen van „Reigen“ van Arthur
2287 3824 3183 3881 Schnitzler door de Hamburger Kammerspiele
2279 3862 3191 3924 te Rotterdam door Burgemeester Zimmermag
2274 3908 2493 3976 verboden.
