3532 4352
1303 208 1761 300 box 25/2
246 224 1227 325 20. Zuischensniel
790 901 2836 986 haltung gab Herr Grunwald den Fürsten, der umfrufe und Zischen und setzte dieses Spiel in förml
1834 940 2836 1011 provokatorischer Weise fort, trotz der Abwe
789 975 1834 1029 Cäcilie sich bemüht; in kleineren Rollen taten Frau
1834 993 2735 1054 der entrüsteten Mehrheit. Nach den
796 1016 1835 1074 Hedwig Pauly wie Frl. Else Schiff geschickt das
1841 1031 2846 1093 schlüssen benutzten die Störer sogar Pfeif
797 1059 1848 1108 ihre für die Aufführung. In Lessings bewährter
793 1108 2771 1171 Inszenierung half sie denn auch dem Werke und dem Man lachte in ernste Szenen hinem und
1839 1095 2855 1176 darb dergestalt die Stimmung. Die Anpöbeln
788 1138 1839 1200 nach jedem Akt gerufenen Verfasser zu dem zwar
1836 1140 2849 1220 ging immer von demselben Häuflein aus. Die De
799 1169 1838 1242 nicht so ganz unbestrittenen, nicht gerade über¬
1846 1194 2849 1265 stellung war ungleichmäßig. Die Hauptrolle m
802 1206 1836 1282 wältigenden, aber doch zu dem ganz entschiedenen
1836 1239 2835 1299 einer Anfängerin, Frl. Ritscher anvertraut, i
1614 1255 1789 1319 J. L.
792 1273 986 1343 Erfolg.
1830 1264 2851 1344 aus ihr ein somnambules, hysterisches Wesen mach
1836 1316 2860 1383 Sie ist unverkennbar begabt, aber unreif. Glau
860 1310 1842 1391 Im „Berliner Theater“ wurde gestern Abend
1842 1353 2862 1423 würdig war Jensens Professor, von köstliche
802 1385 1843 1439 zunächst „Der Geigenmacher von Cremona“ gegeben.
1849 1389 2868 1459 Cynismus Kutscheras Konzertagent, sehr unhein
804 1410 1843 1471 Das Stück und Ferdinand Bonn in der Haupt¬
1844 1442 2841 1506 lich der verbitterte Sozialist Vallentins. D
802 1449 1833 1531 rolle sind bekannt. Es erübrigt sich also, darüber
1847 1484 2629 1549 Darsteller wurden lebhaft applaudiert.
806 1495 1848 1569 etwas zu sagen. (Das Geigen=Solo wurde stürmisch
799 1549 1080 1620 applaudiert.)
882 1535 2863 1631 Es folgte eine Novität „Annemarie", Lustspiel in Aus Nürnberg telegraphiert unser Korresponden
808 1590 2859 1687 drei Akten nach Israel Zangwill von Kurt! Im Intimen Theater wurde die Satire „Frosck
981 1630 2874 1708 Die Novelle des seinsinnigen englischenlkönig“ von Eckart nach dem ersten und zweite
799 1670 984 1726 Berns.
813 1681 2856 1749 Schriftstellers und Sittenschilderers, aus der dieses Akt sehr beisällig ausgenommen. Der letzte Akt f
1846 1724 2869 1783 ab. Um die Aufführung verdient machte sich Bir
806 1735 1850 1800 Stück herausgehauen ist, kenne ich nicht. Wie sie
1859 1758 2872 1831 in der Hauptrolle, ebenso Edthofer als Polizeira
811 1783 1848 1835 auch sein mag, sie hat jedenfalls etwas Besseres ver¬
1861 1812 2397 1889 Die Regie war vorzüglich.
818 1820 1849 1875 dient als diese hahnenbüchene derbberlinische Be¬
814 1863 1853 1928 arbeitung. Die ersten beiden Akte, die ich mit ansah,
1909 1863 2883 1939 Aus Frankfurt a. M. telegraphiert unse
814 1905 1861 1974 wurden von den Bonnianern mit Begeisterung auf¬
1841 1906 2875 2000 Korrespondent: Meyer=Försters dreiaktige
804 1964 1069 2036 genommen.
1860 1955 2888 2020 Lustspiel Der Vielgeprüfte“, ein derb=possen
894 1964 1849 2043 Herr Bonn gab einen jungen Tondichter, der
1866 2000 2873 2062 haftes, äußerst sadenscheiniges Machwerk, hatte nat
806 2027 1847 2090 Höherem zustrebt und mit Abschen davon spricht, daß
1862 2030 2893 2111 dem einigermaßen lustigen ersten Akt einen Heiterkeit“
812 2059 1849 2122 er, um leben zu können, „Tinnef mit Lackritzen“
818 2118 2896 2167 komponieren muß — offenbar eine ganz neue Mischung.s erfolg, wurde aber nach dem zweiten und dritten Ak.
1860 2121 2893 2190 zieinlich deutlich abgelehnt. Das beste Bemühen des
822 2154 1855 2209 Der Darsteller war bei gutem Humor, lieh der
1866 2165 2895 2225 Oberregisseurs Quincke und die slotten Leistunge#
823 2197 1849 2266 Gestalt viel Liebenswürdiges und spielte im zweiten
1863 2206 2889 2266 der Herren Diegelmann, Wanka und Bol¬
820 2234 1863 2292 Akt die kleine Szene des Abschieds von Annemarie,
826 2242 2898 2346 einem armen Dienstmädel, das plötzlich die Universal=lvermochten über die Inhaltlosigkeit des Werkes nich
1864 2305 2217 2377 hinwegzutäuschen.
820 2313 1859 2390 erbin eines englischen Millionärs wird, mit wohl¬
814 2356 1869 2407 tuender Schlichtheit und Herzlichkeit. Frau Maria
1917 2342 2907 2428 Ein Telegramm unseres Korrespondenten berichte
827 2399 1861 2465 Vonn war in der Titelrolle ganz annehmbar
1868 2397 2901 2470 uns aus Wiesbaden: Gerhart Hauptmann#
823 2439 1861 2497 und hatte einige sehr hübsche Momente. Josephine
1867 2430 2900 2510 [„Elga“ machte im hiesigen Hostheater einen tiesez.
830 2483 1871 2540 Dora als Zimmervermietermn, der die meisten Mieter
1875 2468 2911 2557 Eindruck. Darstellung und Regie waren vortrefflich¬
820 2519 1867 2569 das Geld schuldig bleiben, schuf eine Gestalt von
1883 2532 2435 2611 und fanden reichen Beifall.
832 2554 1876 2613 sastiger Komik, und Schmasow in der Rolle eines
824 2600 1879 2678 von Gläubigern hart bedrängten, flotten Chambre¬
1919 2599 2911 2659 Aus Leipzig meldet ein Telegramm unseres
830 2639 1871 2697 garnisten war sichtbar froh, einmal in Posse plant¬
1868 2647 2896 2710 Korrespondenten: Dietrich Eckardts „Frosch¬
831 2683 1867 2746 schen zu können. Herr Berns, von einer Parkettloge
2049 2667 2916 2737 übte bei seiner heutigen Uraufführung ind
1886 2705 2058 2756 könig“
827 2733 1871 2795 rechts einstimmig gerufen, erschien im Frack und ver¬
1877 2738 2913 2788 Stadttheater in guter Darstellung eine tiefe Wirkungs
822 2777 1080 2836 neigte sich.
1872 2774 2918 2832 die sich in einem ehrlichen, aber nicht lauten Erfolgs
884 2794 1879 2863 Der Abend verlief harmonisch. Es wurde nicht
1880 2824 2071 2893 äußerte.
823 2843 1873 2909 ein einziger Zuschauer hinausgeworfen — wenigstens
1647 2885 1833 2950 B. J.
1922 2868 2916 2942 Unser Korrespondent telegraphiert aus Hannover #
834 2897 1392 2966 bis nach dem zweiten Alt.
1876 2927 2910 2989 Bei der Première im Deutschen Theater übte Haupt;
885 2952 1875 3015 Im „Theater des Westens“ gastierte gestern
1886 2976 2915 3033 manns „Elga“ eine starke zwingende Wirkung ausg
828 3004 1885 3065 Yvonnede Tréville, „erste Koloratursängerin
1884 3018 2936 3073 Olga Engl hatte in der Titelrolle prachtvolle
835 3055 1884 3118 der Opéra comique in Paris“, als Rosine im
1886 3057 2920 3118 Momente, und auch der Starschenski Albert Kehme
832 3087 1876 3149 „Barbier von Sevilla“. Der Erfolg hielt sich
1884 3111 2928 3157 war eine sehr interessante Leistung. Voraus ging
2588 3134 2921 3190 „Ninon vols
824 3129 1881 3186 während des ersten Aktes in bescheidenen Grenzen:
1879 3142 2577 3192 Ernst Hardts neuer Einakter
837 3172 1875 3223 man konnte sich nicht verhehlen, daß die gebotene
1889 3187 2927 3239 1 Enclos“, der nur mäßig zu interessieren ver¬
837 3215 1876 3270 Leistung den gehegten Erwartungen keineswegs ent¬
1889 3227 2053 3285 mochte.
1152 3253 1886 3306 in der Tiese wenig ausgiebige,
1017 3258 1159 3309 Eine
829 3261 1007 3319 sprach.
835 3292 1898 3360 in der Höhe unangenehm scharfe Sopranstimme von
1934 3261 2931 3351 Unser Korrespondent meldet in einem Telegramnz
831 3335 1872 3387 ganz netter, aber nichts weniger als „bravouröser“
1889 3323 2936 3393 aus München: Ludwig Thomas vieraktige
838 3364 1885 3425 Beweglichkeit und eine ziemlich indifserente Darstellung
1892 3374 2928 3431 Posse mit Gesang „Der Schusternazi“ fand¬
832 3415 1882 3487 war alles was diese Rosine zu bieten vermochte. Im
1894 3403 2933 3490 im Gärtnerplatz=Theater mit Dreher in der Haupt¬
837 3458 1891 3513 zweiten Akt kam dann als Einlage die bekannte
1893 3471 2629 3541 rolle eine sehr freundliche Aufnahme.
841 3501 1885 3548 „Glöckchen=Arie“ aus „Lakmé“ von Délibes. Und es
1937 3508 2921 3584 Nina Sandow, die zur Zeit wieder auf eine
830 3536 1890 3606 läßt sich nicht leugnen, daß diese mit einem gewissen
1896 3572 2930 3633 Gastspieltournee begriffen ist, hat vor einigen Tagen¬
848 3579 1903 3627 Elan gegeben wurde und infolgedessen einen starken
844 3620 2944 3679 Applaus auslöste. Es fragt sich nur, ob eine solche im Stadttheater in Danzig vor jedesmal ausver¬
1881 3656 2936 3723 kauftem Hause als Hedda Gabler, Nora und Camille,
841 3669 1882 3738 „Paradenummer“ — denn das ist die Arie — hinreicht,
847 3700 1883 3762 ihrer Interpretin den Besitz wirklicher Künstlerschaft
1897 3705 2943 3772 („Flattersucht"), wie die dortigen Zeitungen kon¬
838 3740 1893 3812 zu gewährleisten! Die Wiedergabe der Oper seitens
1906 3745 2804 3815 statieren, ganz ungemein große Erfolge erzielt.
836 3784 1891 3835 der sonst an ihr beteiligten Mitwirkenden ließ übrigens
1751 3825 1903 3879 Herrn
837 3827 1722 3889 auch recht viele Wünsche unbefriedigt.
842 3866 1897 3919 Hansen fehlte für den Grafen Almaviva ebensowohl
2069 3861 2764 3950 Hinker den Kulissen.
838 3897 1908 3961 das nötige gesangliche Können, wie Leichtig¬
1943 3911 2937 3979 Rechter Hand, linker Hand, alles vertauscht!
1784 3935 1917 4003 Herr
850 3938 1728 4006 keit und Eleganz in der Darstellung.
844 4002 2947 4052 Geißler (Figaro) war hörbar indisponiert Unsere Theater zeigen am heutigen Totensonntag
850 4008 2940 4077 und Herrn Zieglers Bartolo gefiel sich in ein völlig verändertes Gesicht. Veränderlich ist ja
1793 4034 2938 4114 sichlihrer ganzen Natur nach die Repertoire=Physiognomie
1255 4062 1781 4132 Als Basilio bewährte
850 4069 1204 4139 Uebertreibungen.
848 4083 2956 4175 wie gewöhnlich Herr Stammer, und das unserer großen und ernsten Theater wohl immer, abers.
