<?xml version="1.0" encoding="UTF-8" standalone="yes"?>
<PcGts xmlns="http://schema.primaresearch.org/PAGE/gts/pagecontent/2013-07-15" xmlns:xsi="http://www.w3.org/2001/XMLSchema-instance" xsi:schemaLocation="http://schema.primaresearch.org/PAGE/gts/pagecontent/2013-07-15 http://schema.primaresearch.org/PAGE/gts/pagecontent/2013-07-15/pagecontent.xsd">
    <Metadata>
        <Creator>prov=University of Rostock/Institute of Mathematics/CITlab/Gundram Leifert/gundram.leifert@uni-rostock.de:name=ONB_Newseye_GT_M1+(htr_id=10810)::::v=2.4.2
prov=University of Rostock/Institute of Mathematics/CITlab/Tobias Gruening/tobias.gruening@uni-rostock.de:name=de.uros.citlab.module.baseline2polygon.B2PSeamMultiOriented:v=2.4.2
prov=University of Rostock/Institute of Mathematics/CITlab/Tobias Gruening/tobias.gruening@uni-rostock.de:name=/mnt/transkribus/LA/DEA/URO/LA_news_onb_att.pb:de.uros.citlab.segmentation.CITlab_LA_ML:v=2.4.2
Transkribus</Creator>
        <Created>2019-10-07T11:20:53.078+02:00</Created>
        <LastChange>2019-10-08T06:45:49.952+02:00</LastChange>
        <TranskribusMetadata docId="223968" pageId="9497931" pageNr="349" tsid="16504614" status="IN_PROGRESS" userId="40391" imgUrl="https://files.transkribus.eu/Get?id=WRFUVXKCAKEWGNXYJWEMJUAF&amp;fileType=view" xmlUrl="https://files.transkribus.eu/Get?id=KYYSOTMNKXMJFKCNUBWORYHF" imageId="6188157"/>
    </Metadata>
    <Page imageFilename="223968_0349.jpeg" imageWidth="3436" imageHeight="4384">
        <ReadingOrder>
            <OrderedGroup id="ro_1711439752278" caption="Regions reading order">
                <RegionRefIndexed index="0" regionRef="r1"/>
            </OrderedGroup>
        </ReadingOrder>
        <TextRegion orientation="0.0" id="r1" custom="readingOrder {index:0;}">
            <Coords points="1233,88 1233,4071 2358,4071 2358,88"/>
            <TextLine id="r1l1" custom="readingOrder {index:0;}">
                <Coords points="2087,123 2090,124 2097,123 2098,124 2101,121 2115,122 2120,93 2114,93 2111,89 2105,91 2101,86 2093,85"/>
                <Baseline points="2096,111 2110,113"/>
                <TextEquiv>
                    <Unicode>*</Unicode>
                </TextEquiv>
            </TextLine>
            <TextLine id="r1l2" custom="readingOrder {index:1;}">
                <Coords points="1244,138 1921,139 1964,114 2050,126 2049,72 1745,90 1660,52 1611,89 1359,88 1298,63 1242,92"/>
                <Baseline points="1250,131 1289,131 1329,131 1368,131 1408,131 1448,130 1487,129 1527,129 1567,128 1606,127 1646,126 1686,125 1725,124 1765,122 1805,121 1844,120 1884,119 1924,118 1963,116 2003,116 2043,114"/>
                <TextEquiv>
                    <Unicode></Unicode>
                </TextEquiv>
            </TextLine>
            <TextLine id="r1l3" custom="readingOrder {index:2;}">
                <Coords points="1226,180 2319,170 2305,113 1226,159"/>
                <Baseline points="1233,181 1286,180 1340,180 1394,179 1448,179 1502,178 1556,178 1610,177 1664,177 1718,176 1772,176 1825,175 1879,173 1933,172 1987,171 2041,169 2095,166 2149,165 2203,162 2257,159 2311,155"/>
                <TextEquiv>
                    <Unicode>nehmen: „Die Aufführung ist großartig, das Stück</Unicode>
                </TextEquiv>
            </TextLine>
            <TextLine id="r1l4" custom="readingOrder {index:3;}">
                <Coords points="1228,236 2322,209 2321,169 2182,163 1227,195"/>
                <Baseline points="1235,232 1289,230 1343,228 1397,227 1451,226 1505,226 1559,225 1613,225 1667,224 1721,224 1775,224 1829,223 1883,222 1937,221 1991,220 2045,219 2099,217 2153,215 2207,212 2261,208 2315,204"/>
                <TextEquiv>
                    <Unicode>aber miserabel.“ Das Publikum gibt mit diesem</Unicode>
                </TextEquiv>
            </TextLine>
            <TextLine id="r1l5" custom="readingOrder {index:4;}">
                <Coords points="1240,290 2324,262 2323,226 2205,217 1239,237"/>
                <Baseline points="1246,284 1299,283 1353,281 1406,280 1460,278 1513,277 1567,276 1620,275 1674,274 1727,273 1781,272 1835,271 1888,271 1942,269 1995,268 2049,267 2102,265 2156,264 2209,261 2263,260 2317,257"/>
                <TextEquiv>
                    <Unicode>harten Worte seinem Unmute über die Schwerver¬</Unicode>
                </TextEquiv>
            </TextLine>
            <TextLine id="r1l6" custom="readingOrder {index:5;}">
                <Coords points="1240,345 2259,331 2326,306 2325,260 1239,298"/>
                <Baseline points="1246,336 1299,333 1353,330 1407,328 1460,326 1514,325 1568,323 1621,323 1675,321 1729,321 1783,320 1836,319 1890,318 1944,318 1997,317 2051,315 2105,314 2158,313 2212,311 2266,309 2320,307"/>
                <TextEquiv>
                    <Unicode>ständlichkeit intimer Seelenvorgänge, den Mangel</Unicode>
                </TextEquiv>
            </TextLine>
            <TextLine id="r1l7" custom="readingOrder {index:6;}">
                <Coords points="1229,385 2340,357 2286,318 2189,346 2138,315 1229,352"/>
                <Baseline points="1236,383 1290,381 1345,380 1400,378 1455,377 1510,376 1564,375 1619,374 1674,373 1729,371 1784,371 1838,370 1893,368 1948,367 2003,365 2058,364 2112,362 2167,360 2222,357 2277,355 2332,352"/>
                <TextEquiv>
                    <Unicode>an dramatisch bewegter Handlung und die gegen</Unicode>
                </TextEquiv>
            </TextLine>
            <TextLine id="r1l8" custom="readingOrder {index:7;}">
                <Coords points="1230,430 2319,433 2330,376 1308,380 1229,411"/>
                <Baseline points="1236,431 1290,430 1344,428 1399,427 1453,426 1508,424 1562,423 1616,422 1671,421 1725,420 1780,418 1834,417 1888,416 1943,415 1997,413 2052,412 2106,411 2160,410 2215,408 2269,407 2324,406"/>
                <TextEquiv>
                    <Unicode>alles Herkommen disharmonische Lösung des Kon¬</Unicode>
                </TextEquiv>
            </TextLine>
            <TextLine id="r1l9" custom="readingOrder {index:8;}">
                <Coords points="1234,500 2328,462 2293,411 1232,431"/>
                <Baseline points="1241,481 1297,480 1354,479 1411,478 1468,476 1524,475 1581,474 1638,472 1695,470 1752,469 1808,467 1865,466 1922,465 1979,464 2036,462 2092,461 2149,460 2206,459 2263,459 2320,458"/>
                <TextEquiv>
                    <Unicode>fliktes aufrichtigen, wenn auch derben Ausdruck.</Unicode>
                </TextEquiv>
            </TextLine>
            <TextLine id="r1l10" custom="readingOrder {index:9;}">
                <Coords points="1243,528 2339,504 2222,461 1243,501"/>
                <Baseline points="1250,528 1304,528 1358,528 1412,528 1466,527 1520,526 1574,525 1628,523 1682,522 1736,520 1791,518 1845,516 1899,515 1953,513 2007,511 2061,509 2115,508 2169,507 2223,506 2277,505 2332,504"/>
                <TextEquiv>
                    <Unicode>Schnitzler stellt farblose Charaktere auf die Bühne,</Unicode>
                </TextEquiv>
            </TextLine>
            <TextLine id="r1l11" custom="readingOrder {index:10;}">
                <Coords points="1228,587 2058,580 2151,545 2239,569 2330,551 2329,507 1227,555"/>
                <Baseline points="1235,577 1289,577 1343,577 1398,577 1452,576 1507,576 1561,574 1615,573 1670,572 1724,571 1779,569 1833,568 1887,566 1942,564 1996,563 2051,561 2105,560 2159,558 2214,557 2268,556 2323,555"/>
                <TextEquiv>
                    <Unicode>Menschen, die nicht Fisch, nicht Fleisch sind; er prä¬</Unicode>
                </TextEquiv>
            </TextLine>
            <TextLine id="r1l12" custom="readingOrder {index:11;}">
                <Coords points="1234,625 1978,634 2311,616 2328,577 1234,595"/>
                <Baseline points="1241,631 1295,630 1349,629 1403,628 1457,626 1511,625 1565,624 1619,622 1673,621 1727,620 1781,619 1835,617 1889,616 1943,615 1997,613 2051,612 2105,610 2159,608 2213,607 2267,605 2321,603"/>
                <TextEquiv>
                    <Unicode>pariert mit dem. Seziermesser des gewandten See¬</Unicode>
                </TextEquiv>
            </TextLine>
            <TextLine id="r1l13" custom="readingOrder {index:12;}">
                <Coords points="1243,681 2162,679 2335,643 2334,609 1242,641"/>
                <Baseline points="1250,682 1303,680 1357,677 1411,676 1465,674 1519,673 1573,671 1627,670 1681,669 1735,668 1789,667 1842,666 1896,665 1950,663 2004,662 2058,661 2112,660 2166,659 2220,657 2274,656 2328,654"/>
                <TextEquiv>
                    <Unicode>lenforschers alle Stimmungen, Regungen und Ge¬</Unicode>
                </TextEquiv>
            </TextLine>
            <TextLine id="r1l14" custom="readingOrder {index:13;}">
                <Coords points="1244,732 2101,730 2313,717 2337,676 1242,681"/>
                <Baseline points="1250,727 1304,727 1358,726 1412,726 1466,725 1520,724 1574,724 1628,723 1682,722 1736,721 1790,720 1844,719 1898,717 1952,716 2006,714 2060,713 2114,711 2168,710 2222,708 2276,706 2330,704"/>
                <TextEquiv>
                    <Unicode>heimnisse der Psyche, legt sie säuberlich geordnet</Unicode>
                </TextEquiv>
            </TextLine>
            <TextLine id="r1l15" custom="readingOrder {index:14;}">
                <Coords points="1241,778 1939,790 2292,769 2325,714 1240,741"/>
                <Baseline points="1247,779 1300,779 1354,778 1407,778 1461,777 1515,776 1568,775 1622,773 1675,772 1729,771 1783,769 1836,768 1890,766 1943,765 1997,763 2051,761 2104,760 2158,758 2211,757 2265,756 2319,755"/>
                <TextEquiv>
                    <Unicode>vor uns hin, gleich feinen, ausgeschälten Nerven¬</Unicode>
                </TextEquiv>
            </TextLine>
            <TextLine id="r1l16" custom="readingOrder {index:15;}">
                <Coords points="1245,837 2274,823 2345,804 2345,771 1244,798"/>
                <Baseline points="1251,828 1305,827 1359,826 1414,825 1468,824 1523,823 1577,822 1631,821 1686,820 1740,819 1795,819 1849,817 1903,816 1958,815 2012,814 2067,813 2121,811 2175,810 2230,808 2284,807 2339,805"/>
                <TextEquiv>
                    <Unicode>fasern — und vergißt, daß sie eben wegen dieser</Unicode>
                </TextEquiv>
            </TextLine>
            <TextLine id="r1l17" custom="readingOrder {index:16;}">
                <Coords points="1244,900 2344,850 2343,806 1243,837"/>
                <Baseline points="1251,881 1305,879 1359,878 1413,876 1468,875 1522,873 1576,872 1631,871 1685,870 1739,869 1794,868 1848,867 1902,866 1956,865 2011,864 2065,863 2119,862 2174,860 2228,859 2282,858 2337,857"/>
                <TextEquiv>
                    <Unicode>Feinheit und Dünnheit uns nicht sichtbar werden,</Unicode>
                </TextEquiv>
            </TextLine>
            <TextLine id="r1l18" custom="readingOrder {index:17;}">
                <Coords points="1242,946 2141,932 2330,883 1241,899"/>
                <Baseline points="1249,929 1302,928 1356,927 1410,926 1463,926 1517,925 1571,924 1624,923 1678,922 1732,921 1786,920 1839,919 1893,918 1947,917 2000,915 2054,914 2108,912 2161,911 2215,909 2269,907 2323,905"/>
                <TextEquiv>
                    <Unicode>nicht greifbar sind. Zwischen Bühne und Zuschauer¬</Unicode>
                </TextEquiv>
            </TextLine>
            <TextLine id="r1l19" custom="readingOrder {index:18;}">
                <Coords points="1244,987 2295,970 2333,958 2332,907 1243,946"/>
                <Baseline points="1251,979 1304,978 1358,977 1412,976 1466,975 1519,974 1573,973 1627,972 1681,970 1734,969 1788,968 1842,967 1896,965 1949,964 2003,963 2057,961 2111,959 2164,958 2218,956 2272,954 2326,953"/>
                <TextEquiv>
                    <Unicode>raum ist ein großer Abstand mit dem der Drama¬</Unicode>
                </TextEquiv>
            </TextLine>
            <TextLine id="r1l20" custom="readingOrder {index:19;}">
                <Coords points="1251,1029 2248,1034 2344,1021 2343,974 1250,992"/>
                <Baseline points="1258,1027 1311,1026 1365,1025 1419,1025 1473,1024 1527,1023 1581,1022 1635,1021 1689,1020 1743,1019 1797,1017 1850,1016 1904,1015 1958,1013 2012,1012 2066,1010 2120,1008 2174,1007 2228,1005 2282,1003 2336,1002"/>
                <TextEquiv>
                    <Unicode>tiker rechnen muß. Der erzählende Dichter</Unicode>
                </TextEquiv>
            </TextLine>
            <TextLine id="r1l21" custom="readingOrder {index:20;}">
                <Coords points="1241,1075 2353,1073 2316,1011 1240,1034"/>
                <Baseline points="1247,1077 1301,1076 1356,1075 1411,1075 1466,1074 1521,1074 1576,1073 1631,1073 1686,1073 1741,1073 1796,1072 1850,1072 1905,1071 1960,1070 2015,1070 2070,1069 2125,1067 2180,1065 2235,1063 2290,1061 2345,1059"/>
                <TextEquiv>
                    <Unicode>darf sich solche feine seelische Zergliederungen ge¬</Unicode>
                </TextEquiv>
            </TextLine>
            <TextLine id="r1l22" custom="readingOrder {index:21;}">
                <Coords points="1271,1216 1445,1187 1524,1220 2347,1223 2363,1128 2172,1166 2071,1126 1949,1161 1705,1126 1270,1160"/>
                <Baseline points="1277,1202 1331,1202 1385,1202 1439,1201 1493,1201 1547,1201 1601,1201 1655,1200 1709,1200 1763,1200 1817,1200 1871,1200 1925,1200 1979,1199 2033,1199 2087,1199 2141,1199 2195,1199 2249,1200 2303,1200 2357,1200"/>
                <TextEquiv>
                    <Unicode>statten; diese bilden sogar einen der vornehmsten</Unicode>
                </TextEquiv>
            </TextLine>
            <TextLine id="r1l23" custom="readingOrder {index:22;}">
                <Coords points="1260,1271 2365,1255 2365,1219 2292,1208 1260,1216"/>
                <Baseline points="1267,1251 1321,1251 1376,1252 1430,1252 1485,1252 1539,1252 1594,1252 1648,1252 1703,1253 1757,1253 1812,1253 1867,1253 1921,1253 1976,1253 2030,1254 2085,1254 2139,1254 2194,1254 2248,1254 2303,1254 2358,1254"/>
                <TextEquiv>
                    <Unicode>Reize der psychologischen Novelle. Der Drama¬</Unicode>
                </TextEquiv>
            </TextLine>
            <TextLine id="r1l24" custom="readingOrder {index:23;}">
                <Coords points="1259,1310 2089,1329 2356,1309 2357,1255 1260,1269"/>
                <Baseline points="1266,1301 1320,1301 1374,1301 1428,1301 1482,1302 1536,1302 1590,1302 1645,1302 1699,1302 1753,1302 1807,1303 1861,1303 1915,1303 1969,1303 2024,1303 2078,1303 2132,1303 2186,1304 2240,1304 2294,1304 2349,1304"/>
                <TextEquiv>
                    <Unicode>tiker aber stelle Leben auf die Bühne, scharf</Unicode>
                </TextEquiv>
            </TextLine>
            <TextLine id="r1l25" custom="readingOrder {index:24;}">
                <Coords points="1255,1371 2350,1367 2359,1308 1255,1316"/>
                <Baseline points="1262,1356 1316,1355 1371,1354 1425,1353 1480,1352 1534,1352 1589,1352 1643,1351 1698,1352 1752,1352 1807,1352 1861,1352 1916,1353 1970,1353 2025,1353 2079,1354 2134,1354 2188,1354 2243,1354 2297,1353 2352,1353"/>
                <TextEquiv>
                    <Unicode>gezeichnete Gestalten, Menschen mit Leidenschaft</Unicode>
                </TextEquiv>
            </TextLine>
            <TextLine id="r1l26" custom="readingOrder {index:25;}">
                <Coords points="1270,1411 2306,1418 2361,1369 1270,1371"/>
                <Baseline points="1277,1404 1330,1404 1384,1404 1438,1403 1492,1403 1546,1403 1600,1403 1653,1403 1707,1403 1761,1403 1815,1403 1869,1403 1923,1403 1977,1403 2030,1403 2084,1403 2138,1403 2192,1403 2246,1403 2300,1403 2354,1403"/>
                <TextEquiv>
                    <Unicode>und Willen, und behandle ihren Widerstreit mit</Unicode>
                </TextEquiv>
            </TextLine>
            <TextLine id="r1l27" custom="readingOrder {index:26;}">
                <Coords points="1264,1468 2266,1470 2355,1444 2355,1407 2156,1409 2113,1443 2041,1409 1264,1410"/>
                <Baseline points="1271,1455 1324,1454 1378,1454 1432,1454 1486,1454 1540,1453 1594,1453 1647,1453 1701,1453 1755,1454 1809,1454 1863,1454 1917,1454 1971,1454 2024,1454 2078,1454 2132,1454 2186,1454 2240,1453 2294,1453 2348,1453"/>
                <TextEquiv>
                    <Unicode>gewaltigen, bewegenden Mächten. Im „Zwischen¬</Unicode>
                </TextEquiv>
            </TextLine>
            <TextLine id="r1l28" custom="readingOrder {index:27;}">
                <Coords points="1260,1503 2346,1506 2212,1453 1259,1468"/>
                <Baseline points="1267,1508 1320,1506 1374,1504 1427,1503 1481,1503 1535,1502 1588,1502 1642,1502 1695,1502 1749,1502 1803,1503 1856,1503 1910,1503 1963,1503 2017,1503 2071,1503 2124,1502 2178,1502 2231,1501 2285,1499 2339,1497"/>
                <TextEquiv>
                    <Unicode>spiel“ aber wird in langen, unbewegten Dialo¬</Unicode>
                </TextEquiv>
            </TextLine>
            <TextLine id="r1l29" custom="readingOrder {index:28;}">
                <Coords points="1258,1565 2296,1573 2361,1518 1258,1523"/>
                <Baseline points="1265,1558 1319,1557 1373,1555 1428,1554 1482,1554 1537,1553 1591,1553 1646,1553 1700,1553 1755,1554 1809,1554 1863,1554 1918,1554 1972,1555 2027,1555 2081,1554 2136,1554 2190,1553 2245,1552 2299,1551 2354,1549"/>
                <TextEquiv>
                    <Unicode>gen, welche zumeist von dem an einer krankhaf¬</Unicode>
                </TextEquiv>
            </TextLine>
            <TextLine id="r1l30" custom="readingOrder {index:29;}">
                <Coords points="1256,1628 2233,1618 2351,1603 2351,1563 1409,1557 1256,1588"/>
                <Baseline points="1263,1606 1317,1605 1371,1604 1425,1604 1479,1603 1533,1603 1587,1602 1641,1602 1695,1602 1749,1602 1803,1602 1857,1602 1911,1602 1965,1602 2019,1602 2073,1602 2127,1603 2181,1603 2235,1603 2289,1603 2344,1604"/>
                <TextEquiv>
                    <Unicode>ten Selbstbeobachtung leidenden Ehegatten Ama¬</Unicode>
                </TextEquiv>
            </TextLine>
            <TextLine id="r1l31" custom="readingOrder {index:30;}">
                <Coords points="1258,1656 2271,1669 2353,1623 1258,1627"/>
                <Baseline points="1264,1658 1318,1657 1372,1656 1426,1656 1480,1656 1534,1655 1588,1654 1643,1654 1697,1654 1751,1653 1805,1653 1859,1653 1913,1652 1967,1652 2022,1652 2076,1652 2130,1652 2184,1652 2238,1652 2292,1653 2347,1653"/>
                <TextEquiv>
                    <Unicode>deus und Cäcilie Adams geführt werden, über</Unicode>
                </TextEquiv>
            </TextLine>
            <TextLine id="r1l32" custom="readingOrder {index:31;}">
                <Coords points="1266,1706 2358,1702 2292,1656 1266,1670"/>
                <Baseline points="1273,1706 1329,1706 1386,1705 1443,1705 1500,1705 1556,1704 1613,1704 1670,1704 1727,1704 1784,1704 1840,1704 1897,1704 1954,1704 2011,1705 2068,1705 2124,1705 2181,1705 2238,1705 2295,1704 2352,1704"/>
                <TextEquiv>
                    <Unicode>Liebe und Ehe, deren Ende und Bruch verhandelt.</Unicode>
                </TextEquiv>
            </TextLine>
            <TextLine id="r1l33" custom="readingOrder {index:32;}">
                <Coords points="1264,1752 2354,1773 2354,1721 2291,1704 1264,1723"/>
                <Baseline points="1271,1754 1324,1754 1378,1754 1432,1754 1486,1753 1540,1753 1593,1753 1647,1753 1701,1752 1755,1752 1809,1752 1862,1752 1916,1752 1970,1753 2024,1753 2078,1753 2131,1754 2185,1755 2239,1756 2293,1756 2347,1758"/>
                <TextEquiv>
                    <Unicode>Daß Liebe im Leben des Mannes bloß eine Episode</Unicode>
                </TextEquiv>
            </TextLine>
            <TextLine id="r1l34" custom="readingOrder {index:33;}">
                <Coords points="1266,1819 2349,1806 2348,1771 2284,1758 1809,1783 1265,1752"/>
                <Baseline points="1273,1808 1326,1808 1379,1807 1433,1807 1486,1806 1540,1806 1593,1805 1647,1805 1700,1804 1754,1804 1807,1804 1860,1804 1914,1804 1967,1803 2021,1803 2074,1804 2128,1804 2181,1804 2235,1804 2288,1805 2342,1805"/>
                <TextEquiv>
                    <Unicode>ist, im Leben der Frau alles bedeutet, daß eine</Unicode>
                </TextEquiv>
            </TextLine>
            <TextLine id="r1l35" custom="readingOrder {index:34;}">
                <Coords points="1256,1847 1459,1877 1622,1842 1654,1870 2357,1857 2328,1808 1256,1820"/>
                <Baseline points="1263,1857 1317,1856 1371,1856 1426,1855 1480,1854 1535,1854 1589,1854 1643,1853 1698,1853 1752,1853 1807,1854 1861,1854 1915,1854 1970,1854 2024,1854 2079,1854 2133,1854 2187,1854 2242,1853 2296,1853 2351,1852"/>
                <TextEquiv>
                    <Unicode>vorübergehende Treulosigkeit des Mannes noch</Unicode>
                </TextEquiv>
            </TextLine>
            <TextLine id="r1l36" custom="readingOrder {index:35;}">
                <Coords points="1253,1913 2152,1922 2353,1908 2353,1865 1253,1866"/>
                <Baseline points="1260,1906 1314,1905 1368,1904 1422,1903 1477,1902 1531,1902 1585,1902 1640,1902 1694,1903 1748,1903 1803,1904 1857,1904 1911,1904 1965,1905 2020,1905 2074,1906 2128,1906 2183,1906 2237,1905 2291,1905 2346,1904"/>
                <TextEquiv>
                    <Unicode>lange kein Ehebruch ist, daß ein normalgeartetes</Unicode>
                </TextEquiv>
            </TextLine>
            <TextLine id="r1l37" custom="readingOrder {index:36;}">
                <Coords points="1255,1973 2352,1966 2290,1906 1255,1921"/>
                <Baseline points="1262,1956 1316,1956 1370,1956 1424,1956 1478,1956 1532,1956 1586,1956 1641,1956 1695,1956 1749,1957 1803,1957 1857,1957 1911,1957 1965,1956 2020,1956 2074,1956 2128,1956 2182,1955 2236,1955 2290,1954 2345,1953"/>
                <TextEquiv>
                    <Unicode>Weib sich ohne Reue nur dem geliebten Manne</Unicode>
                </TextEquiv>
            </TextLine>
            <TextLine id="r1l38" custom="readingOrder {index:37;}">
                <Coords points="1266,2010 2354,2004 2354,1968 2284,1958 1267,1965"/>
                <Baseline points="1273,2005 1326,2005 1380,2004 1434,2004 1487,2003 1541,2003 1595,2003 1648,2004 1702,2004 1756,2005 1810,2005 1863,2005 1917,2006 1971,2006 2024,2007 2078,2007 2132,2007 2185,2007 2239,2007 2293,2007 2347,2007"/>
                <TextEquiv>
                    <Unicode>hingeben kann, sind Wahrheiten, die schon oft be¬</Unicode>
                </TextEquiv>
            </TextLine>
            <TextLine id="r1l39" custom="readingOrder {index:38;}">
                <Coords points="1263,2064 2354,2063 2354,2019 2270,2007 1263,2013"/>
                <Baseline points="1269,2055 1322,2054 1376,2054 1430,2054 1484,2054 1538,2054 1592,2054 1646,2054 1700,2055 1754,2055 1808,2055 1861,2056 1915,2056 1969,2056 2023,2057 2077,2057 2131,2057 2185,2057 2239,2056 2293,2056 2347,2055"/>
                <TextEquiv>
                    <Unicode>wiesen wurden, und zu deren Neugestaltung</Unicode>
                </TextEquiv>
            </TextLine>
            <TextLine id="r1l40" custom="readingOrder {index:39;}">
                <Coords points="1253,2113 2253,2128 2349,2098 2299,2058 1253,2068"/>
                <Baseline points="1261,2105 1315,2105 1369,2105 1423,2105 1477,2105 1531,2105 1585,2105 1639,2105 1693,2106 1747,2106 1801,2106 1855,2106 1909,2107 1963,2107 2017,2107 2071,2107 2125,2107 2179,2106 2233,2106 2287,2105 2342,2105"/>
                <TextEquiv>
                    <Unicode>Schnitzler wohl am geeignetesten unter den zeit¬</Unicode>
                </TextEquiv>
            </TextLine>
            <TextLine id="r1l41" custom="readingOrder {index:40;}">
                <Coords points="1264,2169 2117,2173 2356,2152 2356,2120 1264,2128"/>
                <Baseline points="1270,2158 1326,2157 1383,2157 1440,2156 1497,2155 1553,2155 1610,2155 1667,2155 1724,2155 1781,2155 1837,2155 1894,2155 1951,2155 2008,2156 2065,2155 2121,2155 2178,2155 2235,2155 2292,2154 2349,2153"/>
                <TextEquiv>
                    <Unicode>genössischen Dichtern wäre, wenn er hiefür die</Unicode>
                </TextEquiv>
            </TextLine>
            <TextLine id="r1l42" custom="readingOrder {index:41;}">
                <Coords points="1251,2211 2304,2220 2363,2210 2363,2170 1251,2184"/>
                <Baseline points="1257,2211 1314,2210 1372,2208 1430,2207 1488,2206 1546,2205 1604,2204 1661,2204 1719,2204 1777,2203 1835,2203 1893,2203 1951,2204 2008,2204 2066,2204 2124,2205 2182,2205 2240,2206 2298,2207 2356,2208"/>
                <TextEquiv>
                    <Unicode>rechte Form wählte: die Novelle. — Etwas Frische</Unicode>
                </TextEquiv>
            </TextLine>
            <TextLine id="r1l43" custom="readingOrder {index:42;}">
                <Coords points="1261,2264 2254,2270 2348,2257 2348,2226 1261,2227"/>
                <Baseline points="1268,2258 1321,2257 1375,2256 1428,2255 1482,2255 1536,2254 1589,2254 1643,2254 1697,2255 1750,2255 1804,2255 1858,2256 1911,2256 1965,2256 2019,2256 2072,2256 2126,2256 2180,2256 2233,2256 2287,2255 2341,2254"/>
                <TextEquiv>
                    <Unicode>auf die Bühne bringen die geistreichen Auslassun¬</Unicode>
                </TextEquiv>
            </TextLine>
            <TextLine id="r1l44" custom="readingOrder {index:43;}">
                <Coords points="1267,2320 1860,2297 2244,2327 2355,2316 2355,2262 1266,2261"/>
                <Baseline points="1274,2313 1327,2311 1381,2310 1435,2309 1488,2308 1542,2307 1596,2306 1649,2306 1703,2306 1757,2306 1811,2306 1864,2306 1918,2306 1972,2306 2025,2306 2079,2306 2133,2306 2186,2307 2240,2307 2294,2306 2348,2306"/>
                <TextEquiv>
                    <Unicode>gen des Raisonneurs des Stückes, des Dichters</Unicode>
                </TextEquiv>
            </TextLine>
            <TextLine id="r1l45" custom="readingOrder {index:44;}">
                <Coords points="1266,2366 2355,2356 2354,2312 2299,2310 1266,2320"/>
                <Baseline points="1273,2361 1326,2359 1380,2357 1434,2356 1487,2355 1541,2355 1595,2354 1648,2354 1702,2354 1756,2355 1810,2355 1863,2355 1917,2355 1971,2356 2024,2356 2078,2356 2132,2356 2185,2355 2239,2355 2293,2354 2347,2353"/>
                <TextEquiv>
                    <Unicode>Albertus Rhon, und das Auftreten des sympathi¬</Unicode>
                </TextEquiv>
            </TextLine>
            <TextLine id="r1l46" custom="readingOrder {index:45;}">
                <Coords points="1266,2423 2359,2419 2359,2359 1266,2367"/>
                <Baseline points="1273,2411 1329,2410 1386,2408 1443,2407 1500,2406 1556,2406 1613,2405 1670,2405 1727,2405 1784,2405 1840,2406 1897,2406 1954,2406 2011,2406 2068,2407 2124,2407 2181,2407 2238,2407 2295,2407 2352,2406"/>
                <TextEquiv>
                    <Unicode>schen Fürsten Sigmund. Die Ehekomödie schließt</Unicode>
                </TextEquiv>
            </TextLine>
            <TextLine id="r1l47" custom="readingOrder {index:46;}">
                <Coords points="1264,2462 2320,2471 2356,2422 1264,2425"/>
                <Baseline points="1271,2459 1324,2458 1378,2457 1432,2456 1486,2455 1540,2455 1594,2455 1648,2455 1702,2455 1756,2456 1810,2456 1863,2457 1917,2457 1971,2458 2025,2458 2079,2458 2133,2458 2187,2459 2241,2458 2295,2458 2349,2457"/>
                <TextEquiv>
                    <Unicode>mit dem Auseinandergehen der Gatten. Das ist</Unicode>
                </TextEquiv>
            </TextLine>
            <TextLine id="r1l48" custom="readingOrder {index:47;}">
                <Coords points="1261,2512 2349,2521 2349,2473 2272,2458 1261,2478"/>
                <Baseline points="1267,2509 1320,2508 1374,2507 1428,2506 1482,2506 1536,2505 1589,2505 1643,2505 1697,2505 1751,2505 1805,2506 1858,2506 1912,2506 1966,2506 2020,2507 2074,2507 2127,2507 2181,2507 2235,2507 2289,2507 2343,2507"/>
                <TextEquiv>
                    <Unicode>gut und von zwingender, logischer Folgerichtigkeit.</Unicode>
                </TextEquiv>
            </TextLine>
            <TextLine id="r1l49" custom="readingOrder {index:48;}">
                <Coords points="1262,2566 2308,2573 2340,2514 1262,2522"/>
                <Baseline points="1269,2559 1322,2559 1375,2558 1428,2558 1481,2558 1535,2558 1588,2558 1641,2558 1694,2558 1747,2558 1801,2558 1854,2558 1907,2558 1960,2558 2013,2559 2067,2559 2120,2559 2173,2559 2226,2559 2279,2558 2333,2558"/>
                <TextEquiv>
                    <Unicode>Für diese Unnachgiebigkeit gegenüber dem spieß¬</Unicode>
                </TextEquiv>
            </TextLine>
            <TextLine id="r1l50" custom="readingOrder {index:49;}">
                <Coords points="1255,2608 2157,2616 2240,2650 2352,2609 2352,2577 2253,2560 1255,2571"/>
                <Baseline points="1261,2609 1315,2608 1369,2607 1423,2607 1477,2606 1532,2606 1586,2606 1640,2606 1694,2606 1748,2606 1803,2606 1857,2607 1911,2607 1965,2608 2019,2608 2074,2609 2128,2610 2182,2610 2236,2611 2290,2612 2345,2612"/>
                <TextEquiv>
                    <Unicode>bürgerlichen Schablonengeschmack verdient Schnitz¬</Unicode>
                </TextEquiv>
            </TextLine>
            <TextLine id="r1l51" custom="readingOrder {index:50;}">
                <Coords points="1260,2660 1294,2673 1344,2651 1434,2674 1550,2661 1624,2677 1743,2672 1743,2632 1711,2622 1402,2612 1337,2628 1260,2611"/>
                <Baseline points="1266,2653 1292,2654 1318,2655 1344,2655 1370,2656 1396,2656 1422,2656 1448,2656 1474,2656 1501,2656 1527,2656 1553,2656 1579,2656 1605,2656 1631,2657 1657,2657 1683,2658 1709,2658 1736,2659"/>
                <TextEquiv>
                    <Unicode>ler alle Anerkennung.</Unicode>
                </TextEquiv>
            </TextLine>
            <TextLine id="r1l52" custom="readingOrder {index:51;}">
                <Coords points="1356,2714 2349,2710 2273,2670 2001,2657 1357,2674"/>
                <Baseline points="1364,2703 1412,2703 1461,2704 1510,2705 1559,2705 1608,2706 1657,2707 1706,2707 1755,2708 1804,2708 1853,2709 1901,2709 1950,2710 1999,2710 2048,2710 2097,2710 2146,2710 2195,2710 2244,2710 2293,2710 2342,2710"/>
                <TextEquiv>
                    <Unicode>Die Aufführung war von jener vollendeten</Unicode>
                </TextEquiv>
            </TextLine>
            <TextLine id="r1l53" custom="readingOrder {index:52;}">
                <Coords points="1251,2758 2341,2762 2341,2733 2234,2716 1252,2722"/>
                <Baseline points="1258,2756 1311,2756 1365,2757 1419,2757 1473,2758 1527,2758 1580,2759 1634,2759 1688,2759 1742,2760 1796,2760 1849,2760 1903,2761 1957,2761 2011,2761 2065,2761 2118,2762 2172,2762 2226,2762 2280,2763 2334,2763"/>
                <TextEquiv>
                    <Unicode>Rundung, die eine Besonderheit des Hofburg¬</Unicode>
                </TextEquiv>
            </TextLine>
            <TextLine id="r1l54" custom="readingOrder {index:53;}">
                <Coords points="1249,2810 2345,2812 2296,2772 2135,2760 1250,2784"/>
                <Baseline points="1256,2805 1310,2806 1364,2806 1418,2807 1472,2807 1526,2807 1580,2808 1634,2809 1688,2809 1742,2810 1797,2810 1851,2810 1905,2811 1959,2811 2013,2811 2067,2812 2121,2812 2175,2812 2229,2812 2283,2811 2338,2811"/>
                <TextEquiv>
                    <Unicode>theaters bildet. Kainz' Intellekt durchleuchtete</Unicode>
                </TextEquiv>
            </TextLine>
            <TextLine id="r1l55" custom="readingOrder {index:54;}">
                <Coords points="1245,2859 2343,2862 2343,2829 2264,2816 1245,2811"/>
                <Baseline points="1252,2858 1306,2858 1360,2857 1414,2857 1468,2857 1523,2857 1577,2857 1631,2858 1685,2858 1739,2859 1794,2859 1848,2860 1902,2861 1956,2861 2010,2862 2065,2862 2119,2863 2173,2863 2227,2863 2281,2863 2336,2862"/>
                <TextEquiv>
                    <Unicode>wundersam alle Szenen mit dem ruhigen Lichte</Unicode>
                </TextEquiv>
            </TextLine>
            <TextLine id="r1l56" custom="readingOrder {index:55;}">
                <Coords points="1253,2912 2355,2915 2355,2883 2269,2869 1253,2860"/>
                <Baseline points="1260,2908 1314,2907 1368,2907 1423,2907 1477,2907 1532,2907 1586,2907 1640,2908 1695,2909 1749,2909 1804,2910 1858,2911 1912,2911 1967,2912 2021,2913 2076,2913 2130,2913 2184,2913 2239,2913 2293,2913 2348,2912"/>
                <TextEquiv>
                    <Unicode>selbstschöpferischer Denkkraft. Die Darstellung des</Unicode>
                </TextEquiv>
            </TextLine>
            <TextLine id="r1l57" custom="readingOrder {index:56;}">
                <Coords points="1254,2967 2268,2977 2347,2958 2347,2914 1254,2928"/>
                <Baseline points="1261,2958 1317,2958 1374,2957 1431,2957 1488,2957 1544,2958 1601,2958 1658,2959 1715,2959 1772,2960 1828,2961 1885,2962 1942,2962 1999,2963 2056,2963 2112,2964 2169,2964 2226,2964 2283,2963 2340,2963"/>
                <TextEquiv>
                    <Unicode>Kapellmeisters Adams bewies von neuem, wie</Unicode>
                </TextEquiv>
            </TextLine>
            <TextLine id="r1l58" custom="readingOrder {index:57;}">
                <Coords points="1245,3008 2347,3029 2328,2967 1245,2986"/>
                <Baseline points="1251,3007 1305,3007 1359,3006 1414,3006 1468,3007 1523,3007 1577,3008 1632,3008 1686,3009 1741,3009 1795,3010 1849,3011 1904,3012 1958,3012 2013,3013 2067,3013 2122,3013 2176,3013 2231,3013 2285,3013 2340,3013"/>
                <TextEquiv>
                    <Unicode>entwicklungsfähig und gestaltungsreich seine Kunst</Unicode>
                </TextEquiv>
            </TextLine>
            <TextLine id="r1l59" custom="readingOrder {index:58;}">
                <Coords points="1241,3063 1265,3057 1270,3063 1284,3062 1296,3074 1300,3071 1307,3075 1329,3066 1340,3056 1362,3058 1364,3016 1333,3018 1281,3011 1271,3019 1243,3024"/>
                <Baseline points="1249,3054 1275,3056 1301,3056 1327,3057 1354,3061"/>
                <TextEquiv>
                    <Unicode>ist.</Unicode>
                </TextEquiv>
            </TextLine>
            <TextLine id="r1l60" custom="readingOrder {index:59;}">
                <Coords points="1364,3055 2341,3066 2341,3029 2289,3017 1364,3016"/>
                <Baseline points="1370,3058 1418,3058 1466,3058 1514,3058 1562,3058 1611,3059 1659,3059 1707,3060 1755,3060 1803,3061 1852,3061 1900,3062 1948,3062 1996,3063 2044,3063 2093,3063 2141,3063 2189,3063 2237,3063 2285,3063 2334,3062"/>
                <TextEquiv>
                    <Unicode>Ihm stand Frl. Witt mit allem Aufgebote</Unicode>
                </TextEquiv>
            </TextLine>
            <TextLine id="r1l61" custom="readingOrder {index:60;}">
                <Coords points="1227,3109 2335,3128 2336,3076 2297,3070 1228,3065"/>
                <Baseline points="1235,3106 1289,3105 1344,3105 1398,3106 1453,3106 1508,3107 1562,3107 1617,3108 1672,3109 1726,3110 1781,3111 1836,3111 1890,3112 1945,3113 2000,3113 2054,3114 2109,3114 2164,3114 2218,3114 2273,3113 2328,3112"/>
                <TextEquiv>
                    <Unicode>Therzlicher, bezwingender Wärme zur Seite. Das</Unicode>
                </TextEquiv>
            </TextLine>
            <TextLine id="r1l62" custom="readingOrder {index:61;}">
                <Coords points="1243,3145 1348,3175 2250,3177 2336,3126 1243,3117"/>
                <Baseline points="1249,3154 1303,3155 1357,3156 1411,3157 1465,3158 1519,3158 1573,3159 1627,3159 1681,3160 1735,3160 1789,3160 1843,3161 1897,3161 1951,3161 2005,3161 2059,3161 2113,3161 2167,3161 2221,3161 2275,3161 2329,3161"/>
                <TextEquiv>
                    <Unicode>Gegenbeispiel zum Künstlerpaare Adams bildete</Unicode>
                </TextEquiv>
            </TextLine>
            <TextLine id="r1l63" custom="readingOrder {index:62;}">
                <Coords points="1244,3212 2348,3224 2348,3190 2264,3167 1245,3168"/>
                <Baseline points="1252,3205 1306,3206 1360,3207 1415,3207 1469,3208 1524,3208 1578,3209 1633,3209 1687,3210 1742,3210 1796,3210 1850,3211 1905,3211 1959,3211 2014,3211 2068,3211 2123,3211 2177,3211 2232,3211 2286,3211 2341,3211"/>
                <TextEquiv>
                    <Unicode>das Ehepaar Rhon des Herrn Treßler und der</Unicode>
                </TextEquiv>
            </TextLine>
            <TextLine id="r1l64" custom="readingOrder {index:63;}">
                <Coords points="1251,3262 2346,3269 2346,3226 2252,3210 1251,3222"/>
                <Baseline points="1258,3259 1312,3259 1366,3258 1420,3258 1474,3258 1528,3258 1582,3258 1636,3259 1690,3259 1744,3260 1799,3260 1853,3261 1907,3261 1961,3262 2015,3262 2069,3262 2123,3262 2177,3262 2231,3262 2285,3262 2340,3261"/>
                <TextEquiv>
                    <Unicode>Frau Haeberle, deren fast philiströse Vernünf¬</Unicode>
                </TextEquiv>
            </TextLine>
            <TextLine id="r1l65" custom="readingOrder {index:64;}">
                <Coords points="1247,3311 2285,3332 2324,3278 1247,3283"/>
                <Baseline points="1254,3311 1307,3311 1360,3310 1413,3310 1466,3310 1519,3310 1572,3310 1626,3310 1679,3310 1732,3311 1785,3311 1838,3311 1891,3311 1944,3312 1998,3312 2051,3313 2104,3313 2157,3313 2210,3314 2263,3314 2317,3314"/>
                <TextEquiv>
                    <Unicode>telei mit glücklich getroffenen Akzenten eines leich¬</Unicode>
                </TextEquiv>
            </TextLine>
            <TextLine id="r1l66" custom="readingOrder {index:65;}">
                <Coords points="1250,3366 2304,3379 2339,3324 1250,3328"/>
                <Baseline points="1257,3361 1310,3360 1364,3359 1418,3358 1472,3358 1525,3358 1579,3358 1633,3358 1687,3358 1740,3359 1794,3360 1848,3360 1902,3361 1955,3362 2009,3363 2063,3363 2117,3364 2170,3364 2224,3364 2278,3364 2332,3364"/>
                <TextEquiv>
                    <Unicode>ten Humors durchsetzt war. Herr Korff sprach</Unicode>
                </TextEquiv>
            </TextLine>
            <TextLine id="r1l67" custom="readingOrder {index:66;}">
                <Coords points="1243,3421 2339,3419 2339,3380 2256,3367 1243,3371"/>
                <Baseline points="1250,3407 1304,3408 1358,3409 1412,3410 1466,3411 1520,3411 1574,3411 1628,3412 1682,3412 1736,3412 1791,3412 1845,3412 1899,3412 1953,3412 2007,3411 2061,3411 2115,3411 2169,3411 2223,3411 2277,3412 2332,3412"/>
                <TextEquiv>
                    <Unicode>und bewegte sich in der unnachahmlich=eleganten</Unicode>
                </TextEquiv>
            </TextLine>
            <TextLine id="r1l68" custom="readingOrder {index:67;}">
                <Coords points="1244,3443 1384,3478 1936,3452 2088,3479 2288,3476 2337,3429 1244,3415"/>
                <Baseline points="1250,3459 1304,3459 1358,3458 1412,3458 1466,3458 1520,3458 1574,3459 1628,3459 1682,3459 1736,3460 1790,3460 1844,3461 1898,3462 1952,3462 2006,3463 2060,3463 2114,3464 2168,3464 2222,3465 2276,3465 2330,3466"/>
                <TextEquiv>
                    <Unicode>Art der Altwiener Aristokratie. Mit feinem Ge¬</Unicode>
                </TextEquiv>
            </TextLine>
            <TextLine id="r1l69" custom="readingOrder {index:68;}">
                <Coords points="1247,3508 2333,3511 2318,3464 1247,3469"/>
                <Baseline points="1254,3510 1307,3511 1361,3511 1414,3511 1468,3511 1522,3511 1575,3512 1629,3512 1682,3512 1736,3512 1790,3512 1843,3512 1897,3512 1950,3512 2004,3513 2058,3513 2111,3513 2165,3513 2218,3514 2272,3514 2326,3514"/>
                <TextEquiv>
                    <Unicode>fühle weiß er die Figur des Fürsten von Lohen¬</Unicode>
                </TextEquiv>
            </TextLine>
            <TextLine id="r1l70" custom="readingOrder {index:69;}">
                <Coords points="1254,3569 2317,3588 2327,3536 1254,3524"/>
                <Baseline points="1261,3561 1313,3561 1366,3561 1419,3561 1472,3561 1525,3561 1578,3561 1631,3561 1684,3561 1737,3561 1790,3561 1842,3561 1895,3561 1948,3562 2001,3562 2054,3562 2107,3562 2160,3563 2213,3563 2266,3564 2319,3564"/>
                <TextEquiv>
                    <Unicode>stein aller Lächerlichkeit zu entkleiden. Frl. Kal¬</Unicode>
                </TextEquiv>
            </TextLine>
            <TextLine id="r1l71" custom="readingOrder {index:70;}">
                <Coords points="1236,3616 2273,3627 2323,3614 2324,3577 1236,3586"/>
                <Baseline points="1243,3608 1296,3608 1350,3608 1404,3609 1457,3609 1511,3609 1565,3609 1618,3609 1672,3610 1726,3610 1780,3610 1833,3610 1887,3610 1941,3610 1994,3611 2048,3611 2102,3611 2155,3612 2209,3612 2263,3612 2317,3613"/>
                <TextEquiv>
                    <Unicode>lina, die verführerische Gräfin Moosheim, und</Unicode>
                </TextEquiv>
            </TextLine>
            <TextLine id="r1l72" custom="readingOrder {index:71;}">
                <Coords points="1241,3669 1712,3648 2326,3680 2315,3612 1242,3635"/>
                <Baseline points="1249,3659 1302,3659 1356,3659 1409,3659 1463,3659 1516,3660 1570,3660 1623,3660 1677,3660 1730,3660 1784,3660 1837,3660 1891,3661 1944,3661 1998,3661 2051,3662 2105,3662 2158,3662 2212,3663 2265,3664 2319,3664"/>
                <TextEquiv>
                    <Unicode>Klein=Eisner als verständiges Peterl vervoll¬</Unicode>
                </TextEquiv>
            </TextLine>
            <TextLine id="r1l73" custom="readingOrder {index:72;}">
                <Coords points="1240,3716 1485,3693 1528,3726 2320,3731 2321,3686 1240,3670"/>
                <Baseline points="1247,3709 1300,3709 1353,3708 1407,3708 1460,3708 1513,3708 1567,3708 1620,3708 1673,3708 1727,3709 1780,3709 1833,3709 1887,3710 1940,3710 1993,3711 2047,3711 2100,3711 2153,3712 2207,3712 2260,3713 2314,3713"/>
                <TextEquiv>
                    <Unicode>ständigten den hervorragend künstlerischen Ein¬</Unicode>
                </TextEquiv>
            </TextLine>
            <TextLine id="r1l74" custom="readingOrder {index:73;}">
                <Coords points="1237,3772 2321,3765 2249,3719 1237,3716"/>
                <Baseline points="1244,3759 1297,3758 1351,3758 1404,3757 1458,3757 1511,3757 1565,3757 1618,3757 1672,3757 1725,3758 1779,3758 1832,3759 1886,3759 1939,3760 1993,3760 2046,3761 2100,3761 2153,3762 2207,3762 2260,3762 2314,3762"/>
                <TextEquiv>
                    <Unicode>druck, den das Brünner Publikum von dem Ge¬</Unicode>
                </TextEquiv>
            </TextLine>
            <TextLine id="r1l75" custom="readingOrder {index:74;}">
                <Coords points="1246,3818 2276,3826 2335,3814 2336,3776 1247,3771"/>
                <Baseline points="1253,3808 1306,3807 1360,3806 1414,3806 1468,3806 1521,3806 1575,3806 1629,3807 1683,3808 1736,3808 1790,3809 1844,3810 1898,3811 1951,3812 2005,3813 2059,3813 2113,3814 2166,3814 2220,3814 2274,3813 2328,3812"/>
                <TextEquiv>
                    <Unicode>samtgastspiel der Wiener Hofburgschauspieler mit</Unicode>
                </TextEquiv>
            </TextLine>
            <TextLine id="r1l76" custom="readingOrder {index:75;}">
                <Coords points="1236,3863 2232,3883 2330,3863 2331,3829 1237,3812"/>
                <Baseline points="1243,3856 1297,3855 1351,3855 1405,3855 1459,3856 1513,3856 1567,3857 1621,3857 1675,3858 1729,3859 1783,3860 1837,3861 1891,3861 1945,3862 1999,3863 2053,3863 2107,3864 2161,3864 2215,3864 2269,3864 2323,3864"/>
                <TextEquiv>
                    <Unicode>nach Hause nahm. Wir hoffen, die berühmten</Unicode>
                </TextEquiv>
            </TextLine>
            <TextLine id="r1l77" custom="readingOrder {index:76;}">
                <Coords points="1240,3919 2334,3937 2335,3882 1241,3862"/>
                <Baseline points="1247,3903 1301,3904 1355,3905 1409,3906 1463,3907 1517,3908 1571,3908 1625,3909 1679,3909 1733,3909 1787,3909 1841,3910 1895,3910 1949,3910 2003,3911 2057,3911 2111,3912 2165,3913 2219,3914 2273,3915 2328,3917"/>
                <TextEquiv>
                    <Unicode>Gäste bald wieder bejubeln zu können. Von der</Unicode>
                </TextEquiv>
            </TextLine>
            <TextLine id="r1l78" custom="readingOrder {index:77;}">
                <Coords points="1245,3958 2336,3968 2336,3934 2272,3919 1245,3917"/>
                <Baseline points="1251,3954 1304,3955 1358,3956 1412,3957 1466,3957 1520,3958 1574,3958 1628,3959 1682,3959 1736,3959 1790,3960 1843,3960 1897,3960 1951,3961 2005,3961 2059,3961 2113,3962 2167,3963 2221,3964 2275,3965 2329,3966"/>
                <TextEquiv>
                    <Unicode>Begeisterung gab der aufrichtige, nicht enden</Unicode>
                </TextEquiv>
            </TextLine>
            <TextLine id="r1l79" custom="readingOrder {index:78;}">
                <Coords points="1237,4001 2091,4035 2352,3998 2163,3963 1237,3968"/>
                <Baseline points="1244,4006 1299,4007 1354,4008 1409,4009 1464,4010 1519,4010 1574,4011 1629,4011 1684,4011 1739,4011 1794,4011 1849,4011 1904,4012 1959,4012 2014,4012 2069,4012 2124,4012 2179,4013 2234,4013 2289,4014 2344,4015"/>
                <TextEquiv>
                    <Unicode>wollende Beifall des trotz erhöhter Eintrittspreise</Unicode>
                </TextEquiv>
            </TextLine>
            <TextLine id="r1l80" custom="readingOrder {index:79;}">
                <Coords points="1249,4068 1933,4085 2065,4064 2065,4027 2011,4014 1249,4023"/>
                <Baseline points="1256,4058 1296,4059 1336,4059 1376,4060 1416,4060 1456,4061 1496,4061 1536,4061 1576,4061 1616,4061 1657,4061 1697,4060 1737,4060 1777,4060 1817,4059 1857,4058 1897,4057 1937,4057 1977,4056 2017,4055 2058,4054"/>
                <TextEquiv>
                    <Unicode>vollbesetzten Hauses beredtes Zenanis</Unicode>
                </TextEquiv>
            </TextLine>
            <TextEquiv>
                <Unicode>*

nehmen: „Die Aufführung ist großartig, das Stück
aber miserabel.“ Das Publikum gibt mit diesem
harten Worte seinem Unmute über die Schwerver¬
ständlichkeit intimer Seelenvorgänge, den Mangel
an dramatisch bewegter Handlung und die gegen
alles Herkommen disharmonische Lösung des Kon¬
fliktes aufrichtigen, wenn auch derben Ausdruck.
Schnitzler stellt farblose Charaktere auf die Bühne,
Menschen, die nicht Fisch, nicht Fleisch sind; er prä¬
pariert mit dem. Seziermesser des gewandten See¬
lenforschers alle Stimmungen, Regungen und Ge¬
heimnisse der Psyche, legt sie säuberlich geordnet
vor uns hin, gleich feinen, ausgeschälten Nerven¬
fasern — und vergißt, daß sie eben wegen dieser
Feinheit und Dünnheit uns nicht sichtbar werden,
nicht greifbar sind. Zwischen Bühne und Zuschauer¬
raum ist ein großer Abstand mit dem der Drama¬
tiker rechnen muß. Der erzählende Dichter
darf sich solche feine seelische Zergliederungen ge¬
statten; diese bilden sogar einen der vornehmsten
Reize der psychologischen Novelle. Der Drama¬
tiker aber stelle Leben auf die Bühne, scharf
gezeichnete Gestalten, Menschen mit Leidenschaft
und Willen, und behandle ihren Widerstreit mit
gewaltigen, bewegenden Mächten. Im „Zwischen¬
spiel“ aber wird in langen, unbewegten Dialo¬
gen, welche zumeist von dem an einer krankhaf¬
ten Selbstbeobachtung leidenden Ehegatten Ama¬
deus und Cäcilie Adams geführt werden, über
Liebe und Ehe, deren Ende und Bruch verhandelt.
Daß Liebe im Leben des Mannes bloß eine Episode
ist, im Leben der Frau alles bedeutet, daß eine
vorübergehende Treulosigkeit des Mannes noch
lange kein Ehebruch ist, daß ein normalgeartetes
Weib sich ohne Reue nur dem geliebten Manne
hingeben kann, sind Wahrheiten, die schon oft be¬
wiesen wurden, und zu deren Neugestaltung
Schnitzler wohl am geeignetesten unter den zeit¬
genössischen Dichtern wäre, wenn er hiefür die
rechte Form wählte: die Novelle. — Etwas Frische
auf die Bühne bringen die geistreichen Auslassun¬
gen des Raisonneurs des Stückes, des Dichters
Albertus Rhon, und das Auftreten des sympathi¬
schen Fürsten Sigmund. Die Ehekomödie schließt
mit dem Auseinandergehen der Gatten. Das ist
gut und von zwingender, logischer Folgerichtigkeit.
Für diese Unnachgiebigkeit gegenüber dem spieß¬
bürgerlichen Schablonengeschmack verdient Schnitz¬
ler alle Anerkennung.
Die Aufführung war von jener vollendeten
Rundung, die eine Besonderheit des Hofburg¬
theaters bildet. Kainz' Intellekt durchleuchtete
wundersam alle Szenen mit dem ruhigen Lichte
selbstschöpferischer Denkkraft. Die Darstellung des
Kapellmeisters Adams bewies von neuem, wie
entwicklungsfähig und gestaltungsreich seine Kunst
ist.
Ihm stand Frl. Witt mit allem Aufgebote
Therzlicher, bezwingender Wärme zur Seite. Das
Gegenbeispiel zum Künstlerpaare Adams bildete
das Ehepaar Rhon des Herrn Treßler und der
Frau Haeberle, deren fast philiströse Vernünf¬
telei mit glücklich getroffenen Akzenten eines leich¬
ten Humors durchsetzt war. Herr Korff sprach
und bewegte sich in der unnachahmlich=eleganten
Art der Altwiener Aristokratie. Mit feinem Ge¬
fühle weiß er die Figur des Fürsten von Lohen¬
stein aller Lächerlichkeit zu entkleiden. Frl. Kal¬
lina, die verführerische Gräfin Moosheim, und
Klein=Eisner als verständiges Peterl vervoll¬
ständigten den hervorragend künstlerischen Ein¬
druck, den das Brünner Publikum von dem Ge¬
samtgastspiel der Wiener Hofburgschauspieler mit
nach Hause nahm. Wir hoffen, die berühmten
Gäste bald wieder bejubeln zu können. Von der
Begeisterung gab der aufrichtige, nicht enden
wollende Beifall des trotz erhöhter Eintrittspreise
vollbesetzten Hauses beredtes Zenanis</Unicode>
            </TextEquiv>
        </TextRegion>
    </Page>
</PcGts>
