3484 4352
250 261 1767 393 20. Zwischenspiel box 25/1
744 544 1635 651 Vom Theater
622 626 1620 709 Burgtheater. „Zwischenspiel“, Komödie in drei
513 685 1613 770 Akten von Artur Schuimlen Gestalten aus der geistigen
525 745 1617 813 Höhenlage, wo Ibsen seine Modelle herholt, die mehr
519 792 1624 875 feines Gehirn als brutales Rückgrat haben tanzen den
520 849 1135 916 Reigen in Schnitzlers „Zwischen
525 895 1133 971 spiel“: Der Beifall ist hier Stim¬
513 937 1143 1024 mungssache. Der feinfühlige
524 989 1141 1071 Sklave in der Tretmühle des
520 1041 1134 1118 Lebens mag von schönem Wahn¬
527 1099 1152 1169 sinn, der andere mit den fühllosen
517 1148 1144 1212 Schwielen auf Händen und Nerven
526 1196 1148 1275 von Wahnsinn schlechtweg befallen
522 1255 1141 1314 sein. Tatsächlich hat Schnitzler
527 1289 1155 1365 eines der sonderbaren dramatischen
523 1345 1147 1422 Miniaturbildchen ins Vergröße¬
528 1394 1147 1473 rungsglas gestellt, nachdem er es
527 1442 1140 1510 aus Watta und einer fein ziselier¬
526 1497 1148 1576 ten Kassette herausgenommen hat.
518 1551 1156 1620 Sonderbar, aber nicht langweilig.
522 1598 1165 1672 Schnitzler besticht wie ein Advokat,
527 1658 1155 1725 der eine schlechte Sache mit einer
523 1703 1167 1757 geistreichen Rede verteidigt. Ein
523 1746 1161 1812 Jongleur, der die Luft spielend mit
525 1793 1157 1872 glitzernden Kugelu vollwirft. Man
521 1846 1176 1927 muß es im quartier latin unserer.
526 1888 1159 1972 Welt schön finden, in dem Viekfel,
517 1950 1150 2020 wo Künstlerlaunen mit der Ver¬
526 1993 1162 2071 rücktheit Rendezvous haben, um
530 2053 1149 2126 Schnitzlers Stück für schön zu
529 2102 1163 2177 halten. Nach tragischem Schicksal
518 2151 1161 2222 verlangen wir, Selbstquälereien
524 2193 1156 2275 sind uns peinlich. Weil aber
520 2250 1169 2323 letztere den Ariadnefaden des
532 2303 1156 2369 Ganzen bilden, weil wir den
524 2348 1144 2428 Eindruck nicht überwinden kön¬
518 2401 1161 2476 nen, daß der Dichter nicht
523 2450 1156 2531 durch den Wald ging, ohne
522 2495 1165 2576 zu suchen, applaudieren wir
520 2548 1153 2624 dem geistreichen Literaten und
524 2603 1140 2671 nehmen schließlich vom drama¬
523 2648 1153 2722 tischen Dichter des „Zwischen¬
529 2691 1152 2776 spiel“ kühlen Abschied. Da ist
533 2717 2736 2808 Amadeus, der virtuose Musiker, der seine Launen wider=] ungetreuen Mann. Sie bringt es nicht über Koketterien;
1632 2782 2735 2849 die aber gerade sind das Lebensglück der Frau und sie
523 2797 1631 2863 standslos toben läßt, weil in ihrem Trubel sein künstlerisches
1617 2825 2737 2909 blüht in ihnen auf. Nun umwirbt sie wieder ihr Mann,
525 2841 1631 2913 Talent am besten ge icht. Seine Gattin Cäcilie, die be¬
1635 2883 2730 2954 weil sie ihm gefällt und er verführt seine eigene Frau,
530 2888 1625 2954 rühmte Sängerin, wird ihm nach siebenjähriger Ehe ein
1626 2937 2721 2999 Don Jnan in seiner eigenen Ehe. Wie aber die Frau er¬
523 2930 1634 3013 lieber Kamerad, ein guter Freund — sonst aber läßt sie
1631 2983 2718 3048 nüchtert wird, fühlt sie wirklichen Abscheu gegen den Mann.
531 3008 1631 3062 ihn kalt. Auch sie redet sich das Ende ihrer Herzensgefühle
1621 3036 2727 3105 Amadeus muß abreisen. Sein Abschied konnte ertragen
522 3046 1626 3111 ihm gegenüber ein und nun wird ein moralisch=unmorali¬
532 3089 2734 3159 scher Vertrag geschlossen: Um einander nicht belügen zu I werden. Seine Wiederkehr nicht. Diese Nervenmenschen und
1672 3397 2761 3469 ihr Treiben wurden am Burgtheater mit großer Feinheit
576 3411 1663 3484 müssen, erhalten die Eheleute offiziell wohl das Band der
1668 3458 2763 3535 wiedergegeben. Herr Kainz spielte den Künstler von der
567 3484 1656 3547 Ehe, geben einander aber für jedes Abenteuer frei. Amadeus
1675 3507 2762 3579 andern Fakultät um so leichter, als die gedrechselte Nuau¬
571 3530 1660 3593 geht auch gleich los. Die Portnerin in seinem Zwischen¬
1672 3554 2764 3613 cierung ja sein Fall ist. Fräulein Witt träufeite bürger¬
570 3571 1652 3641 spiel ist eine dilettierende Gräfin. Auch die Frau ist bereit,
1680 3603 2770 3680 liche Auffassung in die grelle Stimmung. Der Prinz des
563 3619 1664 3701 kopfüber ins brandende Leben zu springen, aber es hält
568 3675 2774 3757 sie etwas zurück; das ist die uneingestandene Liebe zu ihrem] Herrn Korff war ein Kabinettstück. Herr Treßler und
2136 3690 2771 3778 die Damen Kallina und
2145 3752 2755 3834 Haeberle fanden gerechten Bei¬
2143 3801 2762 3876 fall. Der Dichter erschien auf
2138 3853 2765 3918 der Bühne. Man hätte ihn gleich
2147 3912 2766 3976 fragen können, ob es notwendig
2146 3957 2775 4030 sei, in das Damenpublikum der
2144 4002 2771 4078 Großstadtnoch etwas Über¬
2152 4056 2678 4140 spanptheit hineinzutragen.—
