3484 4384
309 156 1209 255 20. Zuischensniel
1384 155 1819 242 box 25/3
2080 68 3029 174 weihevollen Miene gegen
2081 141 3029 218 falle Keckheiten zu Hause, darf nicht vorlaut sein und
2086 187 3023 269 sitzt im Fauteuil, wie im Vorzimmer des Königs,
2087 250 3115 307 innerlich ausgebügelt, mit frischem Hemd und ge¬ 13
2089 288 3049 362 putzten Stiefeln angetan und hat zu wart u bis des
2087 350 3047 411 Königs Worte in uns nachklingen, uns aufrühren
2085 382 3048 447 und bereichern. Trotz dieser respektvollen Bere tschaft
2082 435 3055 503 und dem Willen, ein gutes, aufnahmssähiges In¬*
2082 479 3048 547 strument zu sein, wird man diesmal vergeblich ge¬
2090 528 3046 595 wartet haben. Langeweile, maßlose Langeweile
2095 580 3045 654 empfand man diese drei langen Akte hindurch und
2084 630 2949 697 ging dann nach Hause, so klug als wie zuvor.
2166 674 3051 743 Ein kleiner Novellenstoff, aus dem sich allenfalls
2101 726 3052 788 eine traurig=komische Betrachtung drehen ließe. Mann
2097 766 3054 830 und Frau werden einander sexuell langweilig, sind
2095 817 3046 880 aber sonst durch x andere Fäden aneinander ge¬
2107 863 3054 933 bunden und versuchen es mit Ausschaltung dieses
2101 913 3059 971 einen Fadens weiter zu leben, Freunde, Kameraden
2098 960 3046 1032 zu bleiben. Zuerst gehts. Der Gatte springt plötzlich
2104 1005 3054 1073 wieder wie ein junges Füllen, kann seine Freiheit
2104 1055 3049 1113 auskosten, ohne von Gewissensbissen geplagt zu sein,
2112 1122 3069 1175 die Frau zieht in die Ferne. Als sie wiederkommt,
2113 1153 3062 1224 erfrischt von der Freiheit, erhitzt von verlangenden
2113 1198 3059 1269 Blicken der Andern, da spinnt sich der eine zerrissene
2116 1247 3074 1334 Faden wieder an, die Freundschaft, Kameradschaft
2112 1292 3071 1374 zerstiebt in alle Wolken, der Gatte sieht wieder das
2124 1357 3069 1415 Weib und fliegt in ihre Arme. Aber jetzt will sie
2119 1387 3064 1465 nicht. Cäcilie wird plötzlich auf sich selbst eifersüchtig,
2116 1444 3073 1498 das Ich der Erinnerung eisersüchtig auf die neue,
2125 1480 3083 1559 erfrischte Cäcilie und die Wiedergefundenen scheiden
2127 1550 2375 1607 von Neuem.
2197 1573 3071 1648 Nicht, daß der Punkt, um den sich die Affaire
2130 1613 3079 1702 dreht uninteressant wäre. In diesen drei Akten
2129 1667 3080 1746 werden zwei sehr intime Themen angetippt: Erstens
2131 1719 3091 1792 einmal die Frage der Diskretion in der Ehe, zweitens
2138 1779 3085 1845 das Thema von der Dauerhaftigkeit der Liebe. Nur
2137 1816 3090 1901 ein flüchtiger Blick genügt, um erkennen zu lassen,
2135 1863 3081 1938 wie wenig zart diese zwei zartfühlenden Menschen in
2147 1910 3089 1990 ihrer Offenheit gegeneinander sind, wie brutal eigent¬
2150 1954 3086 2038 lich das Nichts Verschweigen im Ehebund sich aus¬
2148 1998 3088 2082 nimmt. Das zweite Thema, das mit dem ersten eng
2144 2052 3091 2128 verknüpft ist, das Ja=Verschweigen als Voraussetzung
2144 2105 3097 2193 hat. ist die Frage: Wie es möglich wäre, zwischen
2151 2168 3095 2232 Mann und Frau das verlöschende Feuer stets wieder
2146 2221 3096 2283 auflackern zu lassen? Schnitzler gibt die unbewußt Ant¬
2152 2267 3105 2333 wort: Verwandle Dich, habe Talent genug, von Zeit
2146 2328 3107 2392 zu Zeit dich neu zu häuten. Es ist das schöne
2153 2367 3106 2431 Rezept, das auch sonst dem Menschen darüber hin¬
2144 2416 3105 2489 weghilft, sich selbst auf die Dauer nicht langweilig
2146 2472 3096 2526 und widerwärtig zu werden. Aber bei Schnitzler
2148 2513 3103 2575 kommt man leider nicht dazu, an diesen zwei inte¬
2149 2559 3112 2621 ressanten Fragen Interesse zu bekommen. Von allen
2156 2609 3111 2676 unangenehmen Dingen des Stückes abgesehen, von
2155 2656 3108 2720 der unwahren, dozierenden, ewig analysierenden
2160 2709 3102 2765 Redeweise dieser Menschen, von den abgeschmackten
2155 2774 3112 2817 Aufdringlichkeiten dieses Literaten, von der komödi¬
2144 2802 3107 2875 antenhaften Art, wie hier die Musik malträtiert wird
2181 2852 3115 2904 — von dem allen abgesehen, wird man nicht einen
2159 2899 3113 2954 Moment gefangen genommen, weil die zwei Menschen
2159 2955 3109 3008 trotz alles Dozierens, an dem, was wir gerade wissen
2163 2994 3107 3052 möchten, immerfort vorbeitappen. In das Grau
2164 3047 3106 3105 ihres spezielln Falles kommt nicht ein Lichtstrahl,
2166 3110 3101 3150 der uns ein Stückchen blauen Himmels zeigen würde.
2159 3138 3107 3204 Die ganze Affäre gibt uns den Rohstoff zu einem
2162 3204 3111 3246 Thesenstück, aber ohne die These. So bleibt schließ¬
2157 3243 3110 3302 lich nur ein Schlafzimmerkonflikt eines an sich höchst
2164 3290 2774 3343 unbedeutenden Ehepaares übrig.
2233 3330 3112 3386 Vielleicht hat die Darstellung dieses Manco des
2155 3375 3110 3446 Schnitzlerschen Stückes etwas deutlicher gemacht. In
2166 3441 3106 3501 gewisser Hinsicht auch ein Verdienst. Dieses Zwischen¬
2162 3478 3113 3535 spiel wäre vielleicht halbwegs interessant, wenn es
2157 3524 3113 3588 von interessanten Menschen gespielt würde. Amadeus
2161 3573 3114 3632 (Herr Steil) vielleicht, so er die Kunst besäße, die
2157 3631 3113 3681 Nuancen des Dialogs, die vielen zarten Linien lebendig
2160 3666 3112 3730 zu machen. Von Cäcilie (Frau Buska) freilich
2168 3717 3117 3769 müßte man noch mehr verlangen. Es ist doch
2169 3765 3112 3816 hier schließlich ein Proplem der Liebe auf dem Tapet;
2166 3821 3105 3869 der normalen, Liebe. Interesse also ausgeschlossen.
2167 3857 3110 3921 Sehr nett war Hr. Lengbach als junger Aristokrat.
2964 3908 3075 3968 -pp¬
