3436 4352
1348 119 1817 234 box 25/2
286 122 1195 235 20 Zwischensniel
1578 681 1936 769 Bühne uns Welt.
2468 671 2606 771 255
905 797 2609 871 mal, am Ende des Abschieds der Liebenden, bemüht hatte, wirkt entschieden opernhaft. Dielleicht
907 849 2600 900 glaubte Wildenbruch der Schwesterkunst, Frau Musika, diesen Tribut schuldig zu sein. Jedenfalls
911 900 2609 963 hat der Dichter bei der Anlage seines Schauspiels von vornherein auf die Mitwirkung der Musik
903 950 2592 1022 gerechnet. Möglich, daß so hie und da ein technisch toter Dunkt entstanden ist, der auch dure
907 997 2607 1060 die schönsten lprischen Ergüsse in der besten Dertonung dramatisches Leben nicht zu gewinnen
908 1050 2608 1098 vermag. Will man auch nicht etwa mit Doltaire eine vorübergehende Leere der Bühne in rigo¬
902 1096 2604 1149 roser Weise übermäßig schelten, so müßte man es doch bedauern, wenn die nach des Dichters
910 1134 2603 1194 Weisung hinter der Szeue gesungenen Lieder, wie das der Krieger beim Verlassen des Hafens
911 1193 2606 1261 und die Magerufe der Frauen und Männer nach der eingetroffenen Hiobspost im Garten des
904 1237 2599 1300 Euripides, nicht zu verstehen wären. da ihr Inhalt höchstens aus dem Tharakter der jedesmaligen
905 1295 1546 1360 Dertonung erraten werden müßte.
1024 1316 2610 1394 Freilich hei Mar Dogrich alles getan, was man verlangen kann. Uebe. gelungen
916 1383 2603 1444 scheint sein Versuch, antike Conarten mit moderner Technik zu rereinen. Feierlich erklingt die
917 1443 2602 1502 marsch# J#ne Weise der Heplosträgerinnen im erhen Alte, und außerordentlich feisch mutet der
904 1488 2601 1541 erwäh. der abfahrenden Krieger an. in Meisterstück ist der fugierte Klagegesang im
915 1536 2602 1585 Garten ### Dichters; voll rührender Lieblichkeit ist das Zwischenspiel zwischen dem ersten und
902 1581 2612 1645 dem zweiten Aufzuge; ergreifend erklingt das klagende Lied der in den Steinbrüchen gefangenen
912 1630 2610 1683 Athener, und in glänzender Dracht esstrahlen die keinzelnen Sätze des üppigen Bacchanals im
910 1682 1202 1751 letzten Aufzug.
1017 1699 2594 1791 Hinzugefügt sei noch, daß die gedankenreiche Sprache Wildenbruchs fast durchweg von be¬
915 1781 2601 1851 rückendem Zauder ist, und daß nur selten eine aus dem Nahmen des großzügigen Pathos her¬
915 1846 2601 1877 ausfallende Alltäglichkeit unterläuft. Der Wechsel der Rhrihmen wirkt keineswegs unruhig. da
899 1873 2602 1962 er der jedesmaligen Stimmung und den Situationen angepaßt erscheint. So konnte es denn nicht
912 1930 2115 1977 fehlen, daß die Aufnahme der Dichtung eine überaus herzliche war.
1017 1970 2600 2046 Die Aufführung, deren szenischer Teil vom Oberregisseur Karl Weiser mit feinsinnigem
908 2022 2603 2089 Verständnis vorbereitet war, während sich Hofkapellmeister Krzpzanewski als Leiter des Or.
909 2066 2606 2125 chesters und der Gesänge vorzüglich bewährte, gab viel Gutes, z. T. Ausgezeichnetes. Neben
899 2126 2592 2175 Weisers bis ins kleinste Detail durchgearbeitetem Euripides bot wieder besonders Frl. Elisabeth
903 2177 2590 2238 Schneider als Elpinike eine hinreißende Leistung. Aber auch Krähe als Stesimbrotos, Frau
910 2225 2603 2282 v. Szpinger als Schaffnerin Phtionike, ihr Partner Heltzig (Sklave des Euripides) und Karl
912 2267 2599 2340 Bauer als Feldherr der Sprakuser verdienen uneingeschränktes Lob. Die schwierigen Chöre
907 2318 2601 2390 gingen, dank der gediegenen Einstudierung durch Thordirektor Saal, vortrefflich. Alles in allem:
909 2385 2479 2448 es war ein denkwürdiger Abend, ein attisches Fest, wie wir es gern öfter feiern würden.
2192 2418 2524 2501 Otto Francke.
1043 2602 2468 2685 Von den Berliner Theatern 1905/06.
1030 2733 2600 2816 „Zwischenspiel“ hat Arthur Schnitzler seine jüngste Bühnenschöpfung genannt, die
914 2812 2598 2867 bald nach der Wiener Uraufführung anf den Brekfern des Lessingtheaters erstand. Der Titel
906 2861 2599 2914 ist in doppelter Hinsicht spmbolisch. Auch in Schnitzlers Schaffen bedeutet dieser kurze Dreiakter
907 2922 2588 2981 nur ein Intermezzo, und wie die Tonschöpfung seines Kapellmeisters Adams ist er ein Capriccio,
916 2964 2599 3023 so wie „Der einsame Weg“ wohl mit einer großen Orchesterdichtung modernen Kalibers ver¬
905 3003 2596 3062 glichen werden kann. Beide Dichtungen weisen Schnitzlers Bestreben auf, den feelischen und
912 3057 2594 3123 sozialen Beziehungen der Menschen bis in die letzten Schlupfwinkel zu folgen, den Dingen auf
902 3107 2604 3158 den Grund zu schauen, alles abzustreifen, was im üblichen Theatersinne Konvention heißt. Daß
906 3157 2595 3221 das Theatralische schlechthin dabei zu kurz kommt, soll weder geleugnet, noch bedauert werden.
908 3205 2599 3264 Wir haben genügend Leute, die mit dei robusten Mache, mit dem Theatralischen im Sinne
908 3259 2599 3319 Sarceps ihre Erfolge erzielen und können einem Schnitzler das Recht zugestehen, seine eigenen
905 3303 2590 3369 subtileren Wege zu wandeln, aber wir müssen ihm ein Halt bei seinen feelischen Experimenten
903 3356 2590 3424 zurufen und ihm gestehen, daß uns das Problem nicht richtig gelöst erscheint, wenn wir, willig
896 3399 2596 3445 an seiner Seite wandelnd und mit ihm den Fall nachprüfend, ein non liquet entdecken. Und
897 3462 2607 3511 das ist nach meinem Empfinden hier der Fall. Ich darf die jüngst in diesen Blättern erzählte
898 3512 2604 3581 Fabel des Stückes wohl als bekannt voraussetzen und will nur an die Hauptzüge erinnern.
