3436 4256
317 72 1222 200 20. Zuischenspiel
1374 97 1832 191 box 25/5
474 1132 1587 1263 lusschnitt aus Hannoverscher Gourten
758 1221 1057 1306 Z-331 1913
455 1246 631 1307 rom:
1691 1295 2816 1398 OAr R
1643 1364 2787 1449 wenig durch grüblerische Reilerionen beeinträchtigt wurde.
2802 1384 3395 1456 ziellen, so doch in den meisten
452 1254 1608 1489 DDr slan iun Pelste Pete.
1640 1413 2787 1490 Den Unterschied zwischen solch empfindsamen Menschen und
2797 1428 3396 1495 Erfolg einbrachte. Die Beschr
1640 1453 2793 1525 mutigem, leichtlebigem Draufgängertum recht deutlich zu
799 1448 1313 1544 (Ein Wort zum Abschied.)
2806 1473 3393 1533 sellschafts= und Sittendrama ei
1648 1496 2789 1556 machen, hat Arthur Schnitzler neben anderen noch einen
2803 1512 3375 1577 Auswahl der Schauspielkräfte
1635 1529 2796 1608 Dichter eingeführt, der bei Paul Müller einen tempera¬
1204 1535 1596 1600 Hannover, 1. Mai.
2792 1539 3377 1612 das Hoftheater, wo derselbe E
1637 1563 3395 1650 mentvollen Vertreter fand. Die unglückliche Figur des historischen Drama und im leich
553 1548 1620 1650 Am Mittwochabend nahm Dr. George Altman Abschied
1637 1604 2785 1683 Fürsten Sigismund, den Liebhaber der Opernsängerin, noch
488 1607 1620 1692 von seinen hiesigen Freunden. Zum letztenmal zeigte er
2790 1631 3403 1684 zu stellen hat (ich erinnere hie
1637 1641 2781 1724 unsympathischer zu machen, tat Julius Arnfeld das Seine;
482 1649 1626 1733 seine Regiekunst in Arthur Schnitzlers dreiaktiger
2798 1677 3402 1738 fried in Hebbels Nibelungen un
1632 1676 2794 1772 er wußte augenscheinlich die Distanz vom Aristokraten zum Zier¬
474 1689 1615 1766 Komödie „Zwischenspiel“. L## Schnitzler,
2802 1712 3339 1770 sich vorzügliche Leistungen)
1637 1723 2780 1802 bengel nicht abzuschätzen. Doch ist diese Gestalt zu episoden¬
481 1742 1627 1811 spiegelt sich doch auch in dieser Komödie seine besondere Art
2787 1741 3388 1808 Darum standen auch die Auffüh
1625 1764 2786 1831 I haft, als daß sie den guten Gesamteindruck hätte stören
478 1769 1627 1851 wider, die das Leben in seiner Gebrochenheit, mit einer
2790 1789 3395 1861 immer unter dem Zeichen guter
1637 1807 2795 1881 können. Der Beifall des reich besetzten Hauses war darum
491 1812 1629 1888 schwermütigen Resignation, in einer weichen, melodischen
2792 1833 3207 1886 ständnisvoller Regie.
1646 1846 2781 1929 auch so lebhaft und echt, daß außer den Darstellern auch Dr.
481 1847 1619 1926 Sprache darstellt. Wie fast immer bei dem Dramatiker
2863 1867 3390 1934 Die subtile Regiekunst, die
1636 1880 2345 1959 Altman sich wiederholt zeigen mußte.
472 1899 1631 1968 Schnitzler, ist nicht das Was, sondern das Wie für die Beur¬
2793 1913 3371 1976 vollen Szenenbildern genügen
475 1925 1628 2014 teilung maßgebend. Gesunde Kraft, brutales Geschehen fehlt
1704 1929 2779 2012 Mit etwas gutem Willen kann man zwischen diesem
2784 1961 3380 2008 der Darsteller eine Sicherheit
472 1966 1624 2042 auch diesem psychologischen Spiel; dafür umhüllt es der
1630 1975 2773 2045 Abschiedsstück und Dr. Altmans Wirken am Deutschen Theater
2797 1997 3390 2054 auch dem Zuschauer mitteilte.
3337 2031 3385 2063 1100
476 2003 1625 2086 Dichter mit einer schmachtenden Schwermut, mit erotischen
1628 2017 2786 2089 Parallelen finden. Wie dieses war auch Dr. Altmans leider
2788 2026 3390 2094 sammenspiels machte die Auffüh
471 2033 1632 2125 Andeutungen und weicher Anmut. Es ist das Schicksal zweier
1630 2060 2780 2134 nur kurze Tätigkeit ein Zwischensviel im Theaterleben Han¬
2789 2077 3396 2133 in den meisten Fällen zum Gen
474 2086 1624 2173 Edelmenschen, zweier Menschen, die an dem Wahne, aus den
1628 2087 2777 2180 novers, und wie jene Menschen sich um Wahrheit mühten, so
2793 2111 3394 2176 Selbst das schwierigste Kapitel de
1626 2128 2114 2204 er um die echte Kunst.
461 2122 1624 2202 Tiefen ihres Gefühlslebens die Wahrheit heben zu können,
2787 2159 3382 2209 kam hier oft einwandfrei zum
461 2160 1620 2251 sich zerreiben. Sie glauben ihre Liebe zueinander erloschen
2782 2199 3390 2256 nur an den letzten Akt in Bau
1703 2182 2777 2264 In der raschen Entwicklung, den das Kunst= und“ aler¬
521 2207 1612 2278 und sprechen ruhig darüber, sie glauben andere zu lieben —
2780 2228 3390 2278 schickte Aufstellung, durch eindr
1631 2225 2778 2300 leben Hannovers in den letzten Jahren nahm, bildel“e Wirk¬
461 2230 1621 2314 und sagen es sich wieder. Daß sie diesen Glauben für Wahr¬
2784 2267 3394 2320 sorgsam abgewogenes Mienenspi
1629 2264 2775 2331 samkeit Dr. Altmans am Deutschen Theater einen gewichtigen
460 2266 1618 2364 heit halten konnten, darin liegt die Tragik ihres Geschicks.
2783 2307 3388 2366 tasie begabte Zuschauer den Ba
1626 2308 2784 2392 Faktor. Er allein vermittelte uns moderne Kunst in vor¬
462 2327 1618 2399 Mit der Erkenntnis dieses Irrtums stürzt ihr reines Empfin¬
2785 2344 3387 2408 und abstürzen sieht. Oder an d
1622 2351 2772 2418 nehmer Form. Die Schauburg mußte ja nach einem vielver¬
465 2363 1621 2441 den in die Niederungen brutalen Liebens, wird ihre Ehe all¬
2785 2387 3395 2448 Byrinskis Narrentanz, einer an
1631 2388 2772 2458 sprechenden Anfang der Operette ihre Tore öffnen, das
460 2389 1619 2490 täglich. Die Sehnsucht, Lebenskünstler zu bleiben, wenn
2778 2427 3394 2480 Revolutionskomödie. Die Liebe,
1625 2424 2778 2495 Residenztheater brachte gar die leichteste Kunst, sofern es
454 2434 1618 2516 nicht besser, so doch wahrer wie andere zu sein, heißt sie sich
2786 2463 3370 2524 Stücke, ja auch unliterarische
1623 2460 2761 2533 überhaupt noch welche war, und das Hoftheater kam trotz
463 2483 1610 2559 trennen — wieder glaubten sie die Wahrheit gefunden zu
2782 2504 3395 2574 weiteren ein lobenswertes Kapi
1630 2505 2776 2563 aller willig anerkannten Bestrebungen nach Neuerung über das
449 2514 1608 2598 haben und spielten doch nur Komödie. Diese an äußerem
2781 2537 3245 2606 Dr. Altmans gewesen.
1623 2538 2773 2616 Althergebrachte nicht allzu viel hinaus. Sein Wirken mußte sich,
459 2559 1611 2636 Geschehen so arme Geschichte zweier Künstler bedingt, soll sie
1620 2585 2773 2641 wie bei allen Hoftheatern, bis jetzt fast ausschließlich auf die
2850 2577 3347 2650 Daß auch er in seiner zu
461 2599 1608 2686 bühnenwirksam werden, volle Hingabe der Darsteller und
1618 2612 2771 2698 klassische Tragödie, das große historische Drama und auf die
2779 2626 3386 2690 Hannover nach Zugstucken Umsc
465 2643 1065 2712 feinstes Verständnis der Regir.
1628 2663 2766 2745 Oper erstrecken. Und dazu sei etwas in Parenthese an¬
2791 2675 3398 2732 entschuldbar. Größer aber wan
1624 2706 1808 2763 gemerkt.
538 2690 1601 2772 Von beiden zeugte die Vorstellung am Mittwochabend,
2783 2707 3378 2773 Stücke, die er uns in dieser 2¬
448 2695 1612 2809 der zugleich als Ehrenabend für Frau Alice Altman¬
2783 2743 3381 2809 die Zahl der Lustspiel= und Pr
1691 2745 2759 2817 Wir haben zurzeit hier drei Theater — das Residenz¬
457 2759 1605 2848 Hall gedacht war. Sie gab einen der Edelmenschen, die
2775 2780 3368 2846 literarischen Werke überwiegt.
1615 2774 2759 2868 theater mit seinen rasch wechselnden Gastspielen und seiner
454 2807 1601 2883 Opernsängerin und Ehefrau des Kapellmeisters Amadeus
2768 2825 3393 2886 danken, daß in Hannover Eulen
1618 2837 2762 2909 Programmlosigkeit scheidet ja von vornherein aus — und in
447 2855 1607 2917 Adams. Ihre spielerische Grazie zusammen mit der ihr
2773 2860 3397 2929 Walewska, Leidenschaft, Belind
1609 2868 2764 2938 allen ist die Klage von der Gleichgültigkeit des Publikums und
455 2883 1611 2964 eigenen Tiefe der Empfindung ließ das Handeln dieser
2779 2906 3397 2969 uns neun Dramen Hauptmann
1614 2923 2767 2996 dem mangelnden Kassenerfolg ziemlich dieselbe. Die Rettung
440 2934 1605 3002 problematischen Figur auch trägerem Denken begreifbar und
2774 2951 3332 3007 Gabriel Schillings Flucht,
1608 2955 2762 3031 aus diesen Verhältnissen könnte vielleicht eine Teilung der¬
449 2962 1601 3047 möglich erscheinen. In ihrer Gestaltung beherrschte das Frau¬
2766 2973 3391 3042 Schöpfungen an uns vorüberzie
1623 2994 2772 3071 art bringen, daß das Hoftheater auf Opern und große
436 3002 1600 3081 liche und die Liebe zu ihrom Mann alle Aeußerungen von
2776 3025 3386 3080 lich zu Worte kommen. So war
1618 3035 2770 3090 klassische Dramen, die Schauburg auf Operette und Spieloper
444 3035 1610 3116 Lebensübermut und Koketterie. Ihre Wahrheitsliebe basierte
2772 3059 3390 3110 ner Theaterdirektor, dem wohl a
1607 3073 2771 3144 und das Deutsche Theater auch unter dem neuen Direktor
438 3064 1609 3160 auf Gefühl und kam darum der Wahrheit nahe; was der
2779 3105 3395 3149 rigeren Boden Berlins Erfolg besch
1599 3100 2763 3186 sauf modernes Schauspiel sich beschränkten. Auch ohne ver¬
443 3102 1607 3187 Gatte mit dem Verstande erst suchen mußte, hatte ihre Natur
2773 3138 3392 3213 Scheiden aus Hannover man
1607 3161 2765 3224 tragliches Uebereinkommen wäre diese Beschränkung
447 3157 1603 3241 schon gefunden. Wie sie tat auch Mar Ruhbeck alles, über
1613 3190 2759 3264 sicher für alle tünstlerisch und finanziell von Vorteil.
433 3183 1609 3272 den Willen des Dichters hinaus, die Sentimentalität der Dich¬
1605 3228 2772 3297 In der Tat hatte sich Dr. Altman, möglicherweise auch aus
436 3229 1598 3326 tung durch kraftvolle Frische zu durchbrechen. Sein Kapell¬
1608 3274 2635 3340 diesen Gesichtsrunkten heraus, ein Programm gesteltt
2518 3286 2765 3354 ht das
425 3265 2787 3375 meister war eine reine Künstlernatur, deren Männlichkeit nur i ihm, wenn auch wegen der Konkurrenz nicht Aer finan=
