3436 4224
236 115 1155 227 20. Zuischensniel
1300 129 1750 226 box 25/5
1977 125 3061 189 österr. behördl. konz. Unternehmen für Zeitungs-Aussohnitte
2119 189 2940 267 Wien, I., Concordiaplatz 4.
2323 256 2750 330 Vertretungen
1989 310 3058 364 in Berlin, Budapest, Chicago, Christiania, Genf, Kopen¬
1994 356 3061 403 tagen, London, Madrid, Mailand, Minneapolis, New-Vork,
2037 411 3032 465 Paris, Rom, San Francisco, Stockholm, St. Petersburg.
2311 439 2740 499 (Quellenangabe ohne Gewähr).
2393 460 3061 554 pziger Neueste Nachrichter
1985 498 2391 568 Ausschnitt aus:
2165 554 2480 643 1-901.1909
1983 596 2139 667 uum
2184 642 2869 744 Theater und Mulik.
2197 737 2856 826 Gastspiel von Josef Kainz.
1910 803 3127 888 Zum ersten Male: Zwischenspiel. Komödie in drei Akten
2259 856 2794 908 von Artur Schnitzler.
1878 885 3153 968 (Leipziger Schauspielhaus, im Sonnäbend, den 30. Oktober.)
1957 955 3148 1013 So hat uns denn Kainz nach all der großen klassischen Kost, die er
1887 997 3142 1051 in immer neuen Gängen in diesen vergangenen beiden Wochen auf¬
1897 1029 3145 1080 tischte, gestern auch einmal eine moderne, zeitgenössische Speise vorge¬
1890 1075 3149 1116 setzt und nach so viel buntem farbenglühenden Kostümpomp kam er
1890 1115 3146 1182 uns endlich einmal auch wie unseresgleichen, als ein Mensch unserer
1884 1161 3152 1219 Tage, unserer Kultur, im Alltagskleide unserer Gegenwart. .. Und
1886 1195 3147 1243 in dieser Verwandlung — um es gleich zu sagen — hat er uns sein
1895 1226 3152 1300 Feinstes gegeben, hat er auch den Ungläubigen, Skeptischen gezeigt, doß
1885 1272 3156 1351 er ohne jede Deklamation, ohne Pathos, ohne alle die Raffinessen seiner
1895 1312 3158 1387 Sprechkunst, Menschentum zu zeichnen, zu zergliedern, es in allen
1885 1351 3151 1423 seinen Irr= und Wandelgängen aufzudecken vermag, wie nur je ein
1886 1394 3153 1446 großer Meister . .. Dies eigenartig fesselnde, seltsam ergreifende, an
1890 1434 3146 1479 den dunklen Abgründen unserer überfeinerten, nervösen Kultur mit
3090 1477 3121 1507 *
1881 1484 3148 1525 ironischem Spott, mit melancholischem Lächeln, mit leisem Wehgefühl
1881 1513 3157 1562 vorübergleitende Bühnenspiel Artur Schnitzlers, das er uns
1892 1561 3153 1627 gestern als Novität brachte, gab Kainz mehr als reichliche Gelegenheit,
1883 1595 3158 1656 in das Dämmerdunkel rätselvoll sprunghafter psychischer Regungen
1874 1644 3145 1698 hineinzuleuchten. Der Amadeus Adams, den er gestern vor uns zer¬
1890 1686 3145 1741 gliederte, ist eine der schwierigsten und problematischsten Gestalten, die
1878 1729 3147 1781 die moderne Bühne hervorgebracht hat. Kein Zweifel, daß es einer
1887 1752 3152 1806 der geistvollsten Köpfe unter den lebenden Literaten deutscher
1878 1810 3145 1854 Zunge war, der ihn gestaltete! Wir kennen und schätzen in Schnitzler
1887 1841 3149 1885 ja seit Jahren den führenden Dramatiker des jüngeren Oesterreich,
1874 1881 3142 1946 wir kennen seine geschmeidige Hand, mit der er Bilder aus dem Leben
1881 1918 3140 1974 unserer Zeit so feinlinig, so vorsichtig, geschmackvoll, so mit zartestem
1882 1967 3151 2030 graziösem persönlichem Kolorit (und daher stets künstlerisch bei
1880 2008 3139 2066 aller Wirklichkeitsabschilderung!) für die Bühne nachgezeichnet hat.
1889 2045 3143 2106 Wir haben seine feine stille Art, die mit so ruhiger Sicherheit an Wun¬
1883 2078 3143 2137 den rührt, ohne ein dramatisches „Halloh!“ darüber zu rufen, so
1877 2139 3147 2186 manches Mal mit innerer Freude und Anteilnahme von der Bühne her
1884 2168 3150 2231 empfunden. Auch diese „Komödie“, die doch im Grunde eine so bitter¬
1883 2209 3154 2260 ernste Tragödie vor uns enthüllt, sie gab uns gestern viel von dem,
1882 2251 3151 2308 was wir von Schnitzler zu erwarten gewohnt und berechtigt sind. Und
1887 2278 3154 2346 doch entließ sie uns in zwiespältigem Gefühl ... Der scharfé Ibsen¬
1878 2319 3145 2390 Nachgeschmack, den sie mit ihrem letzten Akte hinterläßt, er verdunkelte
1877 2377 3148 2437 und dämpfte den Genuß an dem so ungemein geistvoll und intim an¬
1884 2400 2576 2460 gesponnenen Zwischenspiel Schnitzlers.
1947 2443 3144 2503 Es ist das urewige Thema der Künstler=Ehe, dem der Oesterreicher
1885 2482 3147 2539 seine geistreiche Variation abgewonnen hat. Zwei geniale Musiker¬
1872 2536 3143 2590 Naturen haben ein eheliches Glück von besonderer Tiefe durch Jahre
1875 2572 3153 2629 hindurch genossen. Allein die nervöse, von den modernen Kultur¬
1884 2613 3143 2669 errungenschaften angekränkelte Phantasie des Mannes erträgt ein
1892 2648 3147 2710 solches Glück auf die Dauer nicht. Es treibt ihn, durch ein frevent¬
1877 2679 3159 2742 liches Spiel dies Glück zu zertrümmern. Er redet sich selbst und seiner
1888 2729 3150 2790 Frau ein, daß sie völlig frei sein müssen, beide, um wirklich glücklich
1883 2771 3152 2815 nebeneinander weiterleben zu können. Und dann, als er seinen Willen
1882 2815 3150 2858 durchgesetzt hat, als er glauben muß, daß seine Frau die Freiheit ebenso
1875 2854 3152 2913 benutzt hat, wie er selbst, da erkennt er an seinem rasend aufsteigenden
1875 2897 3145 2953 Verlangen, an seiner wütenden Eifersucht, daß er sie liebt, und allen
1888 2932 3141 2997 seinen Theorien zum Trotz nicht leben kann, ohne sie auch als Weib zu
1872 2976 3141 3035 besitzen. Als sich nun gar ergibt, daß sie makellos geblieben ist in
1876 3021 3141 3077 diesem „Zwischenspiel“, da kommt er jubelnd und glühend zu ihr zurück.
1871 3055 3146 3123 Nun aber weist sie ihn von sich, denn sie hat den Glauben an ihn ver¬
1878 3094 3026 3145 loren — das Zwischenspiel wird zum Finale dieser Ehe. ..
1938 3118 3153 3191 Hat Schnitzler damit die Tragödie des Künstlers schildern wollen,
1871 3173 3148 3236 der mit dem Fluch des ewig rastlosen Geistes, der ewig schweifenden
1876 3219 3134 3274 Phantasie belastet, nie die Ruhe in einem dauernden Glück zu finden
1877 3254 3134 3314 vermag? Oder hat er die Tragödie des liebenden Weibes geben wollen,
1882 3292 3141 3357 das mit allen Werten und Schätzen seiner Liebe an der geistigen und
1883 3335 3139 3386 seelischen Unruhe des Mannes zu Grunde geht? Beides wird ihm
1871 3378 3136 3439 vorgeschwebt haben, für beide Themen mischt er mit gleich abwägender
1881 3419 3146 3495 Hand die stimulierenden Elemente — aber das letzte, entscheidende
1867 3457 3135 3508 Wort zu sagen hütet er sich, er entläßt uns im Dunkeln, im Zwielicht.
1868 3498 3143 3556 Wir fühlen es lebhaft: es sind Edelmenschen, die da auseinander¬
1868 3547 3133 3589 gezerrt werden, sind hochwertige Naturen mit so vielen großen Glücks¬
1870 3587 3139 3638 möglichkeiten trotz ihres modernen, krankhaften Tricks — und begreifen
1869 3627 3143 3664 nicht recht (trotz aller geistreichen Worte, die alle für die Notwendigkeit
1878 3658 3146 3732 dieses Endes plädieren), warum sie nicht an irgend einer Stelle doch
1872 3698 3132 3759 das rechte erlösende Liebeswort finden, das sie zu einander führt. Ja
1876 3737 3146 3775 lieber Schnitzler: so altmodisch sind wir immer noch ... wir trauen
1880 3779 3139 3864 der Macht des Herzens größere Wunder zu als derjenigen des
1879 3820 2046 3876 Geistes!
1947 3844 3142 3922 Indes — die Hauptsache war ja doch Kainz gestern, nicht
1878 3894 3134 3963 Schnitzler. Nie habe ich seine Größe so gefühlt als gestern in diesem
1876 3940 3139 3987 letzten Akt, wo er nach der erlösenden Unterredung mit dem vermeint¬
1874 3981 3140 4041 lichen Liebhaber seiner Frau aufjubelte, aus tiefstem Herzen erlöst,
1875 4026 3139 4066 jubelte und tanzte vor Freude wie ein kleiner Bub. Dann ans Klavier
1876 4064 3130 4110 stürzte, um in Jubelhymnen seine ekstatische Seligkeit auszutoben. Um
1881 4109 3137 4154 endlich vor der Zurückweisung durch seine Frau wie zu erstarren und
