3436 4352
1318 242 1778 339 box 25/1
265 245 1310 358 20. Zuischensniel
417 872 788 960 Telephon 12801.
1224 984 1353 1059 93
602 992 1298 1102 „UBSENVER
402 1073 1538 1171 I. österr. behördl. konz. Unternehmen für Zeilungs-Ausschnitte
613 1137 1331 1248 Wien, I., Concordiaplatz 4.
819 1216 1128 1276 Vertretungen
409 1241 1517 1341 in Berlin, Budapest, Chicago, Christiania, Genf, Kopenhagen,
410 1287 1524 1387 London, Madrid, Mailand, Minneapolis, New-York, Paris, Rom,
580 1334 1345 1406 San Francisco, Stockholm, St. Petersburg.
751 1381 1173 1443 (Quellenangabe ohns Gewähr.)
396 1436 784 1519 Ausschnitt aus
687 1488 1535 1613 Neue Freie Presse, Wien
398 1530 551 1603 vom:
540 1546 883 1657 BENS
584 1674 1390 1761 Theater= und Kunstnachrichten.
1124 1725 1511 1804 Wien, 12. Oktober.
455 1781 1548 1859 [Burgtheater.] Arthur Schnitzler, wer er
367 1834 1556 1895 lange Zeit von der Hofbühne ferngehalten wurde, ist heute
378 1872 1546 1938 wieder mit einem neuen Stück dort erschienen, einer „Ko¬
369 1919 1565 1981 mödie“ in drei Akten: „Zwischenspiel“. Sie behandelt
379 1979 1543 2034 das alte Thema von der schiffbruchigen Ehe in einer eigen¬
369 2025 1556 2072 artigen, aber halsbrecherisch gewagten Weise. Die Ehegatten
370 2052 1554 2109 trennen sich im ersten Akt — „einverständlich“, wie die Ju¬
377 2091 1552 2166 risten sagen — doch indem sie auseinandergeyen, bleiben sie
382 2145 1547 2200 erst recht beieinander. Der gemeinschaftliche Haushalt wird
379 2178 1547 2242 fortgeführt, nur soll jeder ## vollkemmene Bewegungsfrei¬
372 2219 1563 2284 heit genießen. Der Mann macht von diesem Rechte aus¬
379 2264 1561 2328 giebig Gebrauch, die Frau nur scheinbar, und am Ende des
381 2319 1557 2366 zweiten Akts, in einem Augenbiicke der wiederaufflammenden
374 2348 1556 2421 Liebe, kommen beide wieder ehelich zusammen. Es ist sozu¬
377 2389 1562 2461 sagen ihre zweite Hochzeit. Und nachdem sie sich also wieder¬
1423 2431 1566 2489 Der
375 2431 1424 2491 gefunden, trennen sie sich abermals im dritten Akt.
1450 2477 1557 2531 des
383 2477 1435 2541 Scheidungsgrund bleibt zum Teil das Geheimnis
381 2530 1559 2577 Dichters. Man errät nur, daß die Frau sich entschieden wei¬
387 2567 1556 2637 gert, mit dem Manne, dem sie sich soeben hingegeben, weiter¬
388 2622 1564 2673 zuleben. Es war nur ein Zwischenspiel gewesen, ihre ganze
384 2662 1551 2711 Ehe nur ein Intermezzo. Kaum ist jedoch der Gatte end¬
389 2691 1563 2748 giltig fortgegangen, so bricht die Frau weinend zusammen,
382 2730 1562 2796 ohne Zweifel, weil sie ihn sich zurückwünscht. Ein eniges
385 2773 1555 2838 Lösen, Binden, Wiederlösen, aus dem man wirklich nicht recht
388 2825 1560 2884 klug wird. Ein Ibsen=Problem im Grunde, aber schrecklich
377 2856 1557 2920 verkünstelt und hineingepflanzt in einen psychologischen Irr¬
379 2920 1562 2964 garten, wo die Menschen auf dem Kopf zu tanzen scheinen.
390 2956 1554 3001 Der Dichter hat ungemein viel Kunst an dieses Bauwerk ver¬
388 3004 1568 3049 schwendet, darunter allerfeinste Kunst. Er bleibt durchwegs
382 3029 1568 3083 interessant, und sein Dialog blitzt von Geist. Das genügte
377 3069 1582 3136 zur Rettung des Stückes. Schon nach dem ersten Akt 5
390 3135 1559 3209 der Regisseur erscheinen, um den „Dank Arthur Schnitzlers“
405 3184 1563 3261 auszusprechen, und dieser selbst wurde im Verlaufe des Abends
412 3235 1570 3291 vielfach hervorgerufen. Die Darstellung war ersten Ranges.
393 3277 1566 3371 Wir wollen nur Herrn Kainz nennen, welcher die lebens¬
393 3311 1581 3380 gefährliche Rolle des Ehemannes mit magistrater Einfachheit
404 3355 1583 3450 durchführte, und für heute uns darauf beschränken, seine
1305 3395 1576 3454 die Damen
411 3405 1193 3479 untereinander gleichwertigen Mitdarsteller
406 3443 1584 3501 Witt, Kallina und Haeberle, sowie die Herren
416 3474 1588 3554 Treßler und Korff.— alle miteinander in einem Atem
410 3543 627 3623 zu loven.
1859 955 2183 1020 Telephon 128°1.
1815 1000 1953 1049 —
2014 1080 2704 1181 „OSSENVEN
1819 1162 2933 1250 I. österr. behördl. konz. Unternehmen für Zeilungs-Ausschnitts
2020 1220 2754 1313 Wien, I., Concordiaplatz 4.
2237 1295 2549 1355 Vertretungen
1821 1314 2931 1407 In Berlin. Budapest, Chicago, Christiania, Genf, Kopenhagen,
1811 1388 2937 1453 London, Madrid. Mailand, Minneapolis, New-Vork, Paris, Rom,
2003 1415 2773 1484 San Fräncisco. Stockholm, St. Petersburg.
2179 1462 2605 1525 (Ouclienangabe ehne Gewähr.)
1803 1519 2215 1601 Ausschnitt aus:
2037 1524 2827 1694 KTördtenhöett, Wien
1807 1619 1971 1689 vom:
1980 1674 2048 1734 T
1814 1677 1855 1723 4
2116 1688 2152 1728 1
2107 1747 2746 1850 Theater und Kunst.
1798 1813 3097 1888 (Burgtheater.) Dem Frieden von Portsmouth, der diesen
1713 1874 3099 1934 Sommer zwischen Direktor Schlenther und Artur Schnitzler geschlossen
1705 1925 3119 1983 worden, verdankte man gestern einen genußreichen Abend. Es gelangte
1718 1968 3104 2024 Schnitzlers dreiaktige Komödie „Zwischenspiel“ zur ersten Auf¬
1706 2010 3122 2066 führung. Ein reizendes Stück, das nur am Schlusse schlechterdings¬
1699 2068 3108 2120 nicht weiß, wo es hinaus will. Eine feingesponnene Sache, die dann
1703 2101 3103 2164 nicht recht an die Sonnen kommt. Der große Erfolg des Abends,
1708 2153 3094 2212 der nach dem zweiten Akte in vielen Hervorrufen des Dichters
1704 2206 3103 2258 gipfelte, schlug zuletzt in Widerspruch um. Mit wenigen Feder¬
1700 2249 3093 2313 strichen wäre da eine befriedigende Variante herzustellen. Das Thema
1708 2296 3101 2354 der Komödie schwankt graziös auf haarscharfer Schneide entlang.
1707 2340 3096 2398 Zwei Eheleute, der Komponist Amadeus und die Sängerin Cäcilie,
1707 2386 3107 2446 haben sich nicht Treue, sondern Wahrheit geschworen. Alles wollen
1711 2444 3109 2498 sie einander sagen, auch das Unsagbare. Dieses stellt sich nach sieben
1702 2484 3102 2538 Jahren in der Form zweier fataler Neigungen ein. Er steigt in das
1689 2525 3100 2587 Netz einer Gräfin, sie wird von einem jungen Fürsten umworben.
1708 2575 3094 2632 Sie nehmen also die eingestandene Sachlage, wie sie ist, sie werden
1701 2632 3094 2689 sich nicht mehr angehören. Allein unbewußt macht sich doch geltend,
1698 2668 3092 2723 was abhanden gekommen schien. Sie lieben sich im Grunde und er
1708 2726 3098 2776 ist sogar schrecklich eifersüchtig. Daraus folgt eine Reihe eigentümlich
1700 2760 3107 2825 schiefer oder anregend verworrener Situationen, in deren Führung
1702 2823 3102 2875 Schnitzler ebenso viel dialektischen Geist als poetische Feinheit be¬
1698 2849 3114 2914 kundet. Auch episodische Einfalle schlugen mitunter förmlich ein. Am
1695 2900 3104 2950 Schlusse des zweiten Aktes erobert der Gatte seine Gattin noch ein
1703 2948 3110 3013 letztes Mal (Herr Kainz bewunderungswürdig); die Hauptszene
1703 2998 3103 3050 des Stückes. Leider betrachtet die Gattin dieses an sich doch eher er¬
1707 3049 3109 3105 freuliche Vorkommnis später so lange mit der analytischen Lupe, bis
1702 3088 3096 3158 sie es für einen nicht wieder gutzumachenden Fehltritt hält. Sie gehen
1693 3131 3109 3189 auseinander, trotz alles Zuredens der Zuschauer. Die Darstellung ist
1698 3182 3094 3242 vorzüglich. Herr Kainz (Amadeus), der fast den ganzen Abend auf
1692 3233 3099 3286 der Bühne ist, übertrifft sich selbst. So hat noch kein deutscher
1698 3276 3093 3335 Schauspieler gespielt. Fräulein Witt (Cäcilie) ist interessant und
1694 3324 3092 3384 gewandt. Frau Kallina als gefährliche Gräfin tut dasselbe. Herr
1696 3363 3093 3432 Korff spielt den jungen Fürsten in charakteristisch feinen öster¬
1689 3416 3093 3468 reichischen Farben, die sehr anerkannt wurden. Herr Treßler und
1700 3468 3093 3526 Frau Haeberle bringen die Noten der Herzlichkeit. Auch eine
1692 3526 3091 3568 Kinderrolle (O. Eisner) fand viel Anklang. Die Novität wird
1694 3553 3100 3616 jedenfalls ziehen. Das Haus war gestern geradezu überfüllt; man
1697 3601 3099 3671 merkt das an dem Gedränge in den Logen. Wie gesagt, vielleicht
2954 3649 3060 3704 h.
1700 3660 2346 3726 läßt der Schluß mit sich reden.
