<?xml version="1.0" encoding="UTF-8" standalone="yes"?>
<PcGts xmlns="http://schema.primaresearch.org/PAGE/gts/pagecontent/2013-07-15" xmlns:xsi="http://www.w3.org/2001/XMLSchema-instance" xsi:schemaLocation="http://schema.primaresearch.org/PAGE/gts/pagecontent/2013-07-15 http://schema.primaresearch.org/PAGE/gts/pagecontent/2013-07-15/pagecontent.xsd">
    <Metadata>
        <Creator>prov=University of Rostock/Institute of Mathematics/CITlab/Gundram Leifert/gundram.leifert@uni-rostock.de:name=ONB_Newseye_GT_M1+(htr_id=10810)::::v=2.4.2
prov=University of Rostock/Institute of Mathematics/CITlab/Tobias Gruening/tobias.gruening@uni-rostock.de:name=de.uros.citlab.module.baseline2polygon.B2PSeamMultiOriented:v=2.4.2
prov=University of Rostock/Institute of Mathematics/CITlab/Tobias Gruening/tobias.gruening@uni-rostock.de:name=/mnt/transkribus/LA/DEA/URO/LA_news_onb_att.pb:de.uros.citlab.segmentation.CITlab_LA_ML:v=2.4.2
Transkribus</Creator>
        <Created>2019-10-07T11:21:22.597+02:00</Created>
        <LastChange>2019-10-08T08:02:20.096+02:00</LastChange>
        <TranskribusMetadata docId="223968" pageId="9498394" pageNr="447" tsid="16506808" status="IN_PROGRESS" userId="40391" imgUrl="https://files.transkribus.eu/Get?id=LDIPATIWMCPKUSOYUFAQNBQR&amp;fileType=view" xmlUrl="https://files.transkribus.eu/Get?id=XBLHXVCZFLLBJBZQVSCZGQKA" imageId="6188620"/>
    </Metadata>
    <Page imageFilename="223968_0447.jpeg" imageWidth="3484" imageHeight="4224">
        <ReadingOrder>
            <OrderedGroup id="ro_1711439833920" caption="Regions reading order">
                <RegionRefIndexed index="0" regionRef="r1"/>
                <RegionRefIndexed index="1" regionRef="r2"/>
            </OrderedGroup>
        </ReadingOrder>
        <TextRegion orientation="0.0" id="r1" custom="readingOrder {index:0;}">
            <Coords points="328,129 328,3116 1846,3116 1846,129"/>
            <TextLine id="r1l1" custom="readingOrder {index:0;}">
                <Coords points="320,169 1160,212 1236,196 1239,137 570,108 482,151 419,103 322,119"/>
                <Baseline points="328,151 373,157 418,162 463,167 508,171 553,174 598,177 643,180 688,181 733,184 778,185 823,187 868,188 913,189 958,190 1003,190 1048,191 1093,191 1138,192 1183,193 1228,193"/>
                <TextEquiv>
                    <Unicode>20. Zuischensniel</Unicode>
                </TextEquiv>
            </TextLine>
            <TextLine id="r1l2" custom="readingOrder {index:1;}">
                <Coords points="1395,184 1487,197 1569,177 1724,203 1758,187 1804,206 1847,191 1848,142 1767,118 1665,132 1637,119 1617,137 1516,127 1474,142 1420,126 1396,141"/>
                <Baseline points="1402,178 1427,178 1453,180 1479,180 1504,181 1530,181 1556,182 1581,183 1607,183 1633,184 1659,184 1684,184 1710,184 1736,184 1761,184 1787,184 1813,183 1839,182"/>
                <TextEquiv>
                    <Unicode>box 25/5</Unicode>
                </TextEquiv>
            </TextLine>
            <TextLine id="r1l3" custom="readingOrder {index:2;}">
                <Coords points="1468,946 1492,942 1511,950 1538,936 1546,941 1550,936 1557,939 1569,937 1566,900 1553,904 1543,895 1535,896 1531,901 1512,897 1490,909 1484,905 1465,909"/>
                <Baseline points="1475,937 1503,934 1532,933 1561,931"/>
                <TextEquiv>
                    <Unicode>No</Unicode>
                </TextEquiv>
            </TextLine>
            <TextLine id="r1l4" custom="readingOrder {index:3;}">
                <Coords points="606,1028 1709,997 1769,957 606,963"/>
                <Baseline points="613,994 670,993 727,993 785,993 842,992 900,992 957,992 1014,992 1072,992 1129,992 1187,992 1244,993 1301,993 1359,993 1416,992 1474,992 1531,992 1588,991 1646,990 1703,989 1761,988"/>
                <TextEquiv>
                    <Unicode>M</Unicode>
                </TextEquiv>
            </TextLine>
            <TextLine id="r1l5" custom="readingOrder {index:4;}">
                <Coords points="614,1107 1765,1101 1765,1051 1680,1018 1323,1068 1238,1025 978,1068 741,1019 614,1041"/>
                <Baseline points="621,1086 677,1086 734,1087 791,1087 848,1087 905,1088 961,1087 1018,1087 1075,1087 1132,1087 1189,1087 1245,1087 1302,1086 1359,1086 1416,1086 1473,1086 1529,1086 1586,1086 1643,1086 1700,1086 1757,1086"/>
                <TextEquiv>
                    <Unicode>FARGUO SCISSE DE LAT ALOSE, o. A.;</Unicode>
                </TextEquiv>
            </TextLine>
            <TextLine id="r1l6" custom="readingOrder {index:5;}">
                <Coords points="692,1172 1020,1197 1667,1173 1667,1131 1610,1105 1499,1135 1282,1132 1239,1103 1175,1139 1090,1112 692,1132"/>
                <Baseline points="700,1168 748,1168 796,1169 844,1169 892,1170 940,1170 988,1170 1036,1170 1084,1169 1132,1169 1180,1169 1228,1168 1276,1168 1324,1167 1372,1166 1420,1166 1468,1165 1516,1164 1564,1163 1612,1163 1660,1162"/>
                <TextEquiv>
                    <Unicode>Schweizer Argus der Presse, A.-G.</Unicode>
                </TextEquiv>
            </TextLine>
            <TextLine id="r1l7" custom="readingOrder {index:6;}">
                <Coords points="983,1229 1071,1251 1114,1239 1136,1249 1178,1229 1422,1222 1421,1193 1357,1184 1329,1198 1232,1185 1207,1198 1173,1183 1115,1200 1092,1188 1074,1202 983,1189"/>
                <Baseline points="991,1223 1017,1222 1043,1222 1070,1221 1096,1221 1123,1221 1149,1221 1176,1220 1202,1220 1228,1220 1255,1220 1281,1220 1308,1219 1334,1219 1361,1219 1387,1218 1414,1218"/>
                <TextEquiv>
                    <Unicode>23. Rue du Rhöne, 23</Unicode>
                </TextEquiv>
            </TextLine>
            <TextLine id="r1l8" custom="readingOrder {index:7;}">
                <Coords points="1534,1230 1601,1228 1640,1236 1654,1228 1680,1236 1717,1210 1767,1213 1767,1196 1726,1194 1717,1185 1709,1190 1695,1179 1675,1191 1654,1184 1592,1191 1569,1178 1533,1188"/>
                <Baseline points="1541,1222 1568,1222 1595,1222 1622,1222 1650,1221 1677,1221 1704,1221 1731,1222 1759,1223"/>
                <TextEquiv>
                    <Unicode>GENF •</Unicode>
                </TextEquiv>
            </TextLine>
            <TextLine id="r1l9" custom="readingOrder {index:8;}">
                <Coords points="615,1231 677,1248 746,1237 794,1247 821,1235 843,1251 906,1223 986,1219 985,1196 973,1194 918,1207 841,1188 770,1201 713,1186 698,1196 644,1173 614,1180"/>
                <Baseline points="622,1223 647,1225 672,1226 698,1227 723,1228 749,1228 774,1227 800,1227 825,1226 850,1226 876,1225 901,1224 927,1223 952,1222 978,1222"/>
                <TextEquiv>
                    <Unicode>: GENEVE —</Unicode>
                </TextEquiv>
            </TextLine>
            <TextLine id="r1l10" custom="readingOrder {index:9;}">
                <Coords points="804,1280 1535,1278 1602,1267 1602,1241 804,1244"/>
                <Baseline points="811,1273 850,1272 889,1271 928,1270 967,1270 1007,1269 1046,1269 1085,1268 1124,1268 1163,1268 1203,1268 1242,1268 1281,1268 1320,1267 1359,1267 1399,1267 1438,1267 1477,1267 1516,1267 1555,1267 1595,1266"/>
                <TextEquiv>
                    <Unicode>Adr. télégr.: Coupures Geneve. — Téléphone 4005</Unicode>
                </TextEquiv>
            </TextLine>
            <TextLine id="r1l11" custom="readingOrder {index:10;}">
                <Coords points="600,1301 1761,1302 1586,1266 600,1276"/>
                <Baseline points="607,1299 664,1300 721,1300 778,1300 836,1300 893,1300 950,1300 1008,1299 1065,1299 1122,1299 1180,1299 1237,1298 1294,1298 1351,1298 1409,1297 1466,1297 1523,1297 1581,1296 1638,1296 1695,1296 1753,1295"/>
                <TextEquiv>
                    <Unicode>„</Unicode>
                </TextEquiv>
            </TextLine>
            <TextLine id="r1l12" custom="readingOrder {index:11;}">
                <Coords points="668,1340 1639,1353 1717,1314 668,1319"/>
                <Baseline points="675,1340 726,1340 778,1340 830,1340 882,1340 933,1340 985,1339 1037,1339 1089,1339 1140,1339 1192,1339 1244,1338 1296,1338 1347,1338 1399,1338 1451,1338 1503,1338 1554,1337 1606,1337 1658,1337 1710,1337"/>
                <TextEquiv>
                    <Unicode>Bureau de coupures de journaun sur tous sujets et personnalités.</Unicode>
                </TextEquiv>
            </TextLine>
            <TextLine id="r1l13" custom="readingOrder {index:12;}">
                <Coords points="764,1387 1373,1376 1573,1402 1647,1377 1647,1353 1559,1342 764,1345"/>
                <Baseline points="771,1376 814,1376 857,1375 901,1375 944,1375 988,1374 1031,1374 1074,1374 1118,1374 1161,1373 1205,1373 1248,1373 1291,1373 1335,1373 1378,1373 1422,1373 1465,1374 1508,1374 1552,1374 1595,1375 1639,1375"/>
                <TextEquiv>
                    <Unicode>Traductions en toutes lanques. Traraun de rédaction.</Unicode>
                </TextEquiv>
            </TextLine>
            <TextLine id="r1l14" custom="readingOrder {index:13;}">
                <Coords points="600,1446 1772,1459 1772,1405 1532,1390 600,1406"/>
                <Baseline points="607,1439 664,1439 722,1439 780,1439 838,1439 896,1439 954,1439 1011,1439 1069,1439 1127,1439 1185,1439 1243,1439 1301,1439 1359,1439 1416,1439 1474,1439 1532,1438 1590,1438 1648,1438 1706,1438 1764,1438"/>
                <TextEquiv>
                    <Unicode>Bureau für Zeitungsausschnitte, Personalnachrichten, Uebersetzungen.</Unicode>
                </TextEquiv>
            </TextLine>
            <TextLine id="r1l15" custom="readingOrder {index:14;}">
                <Coords points="791,1513 1540,1524 1592,1505 1592,1466 861,1458 791,1485"/>
                <Baseline points="798,1507 837,1508 876,1508 915,1508 955,1509 994,1508 1033,1508 1073,1508 1112,1507 1151,1507 1191,1506 1230,1505 1269,1505 1308,1505 1348,1505 1387,1505 1426,1505 1466,1505 1505,1506 1544,1507 1584,1509"/>
                <TextEquiv>
                    <Unicode>CORRESPONDANTS: — VERTRETUNGEN:</Unicode>
                </TextEquiv>
            </TextLine>
            <TextLine id="r1l16" custom="readingOrder {index:15;}">
                <Coords points="599,1557 1844,1576 1844,1508 1795,1495 599,1523"/>
                <Baseline points="606,1548 667,1550 729,1551 790,1551 852,1551 913,1551 975,1550 1036,1550 1098,1549 1159,1548 1221,1548 1282,1547 1344,1547 1405,1548 1467,1548 1528,1550 1590,1552 1651,1554 1713,1558 1774,1563 1836,1568"/>
                <TextEquiv>
                    <Unicode>Paris, Berlin, Vienne, Londres, Rome, Christiania, Buda-Pest, H</Unicode>
                </TextEquiv>
            </TextLine>
            <TextLine id="r1l17" custom="readingOrder {index:16;}">
                <Coords points="818,1589 935,1609 976,1588 1303,1608 1569,1589 1495,1553 818,1563"/>
                <Baseline points="825,1584 861,1584 898,1583 935,1583 972,1583 1009,1583 1045,1582 1082,1582 1119,1582 1156,1582 1193,1582 1229,1582 1266,1582 1303,1582 1340,1582 1377,1583 1413,1583 1450,1584 1487,1584 1524,1585 1561,1586"/>
                <TextEquiv>
                    <Unicode>Boston, Amsterdam, New-Vork, Mexiko.</Unicode>
                </TextEquiv>
            </TextLine>
            <TextLine id="r1l18" custom="readingOrder {index:17;}">
                <Coords points="608,1674 786,1684 854,1660 888,1680 957,1658 1339,1681 1395,1667 1395,1610 906,1609 848,1645 750,1612 607,1626"/>
                <Baseline points="616,1662 654,1662 693,1662 731,1661 770,1661 808,1661 847,1661 885,1661 924,1661 962,1661 1001,1661 1040,1660 1078,1660 1117,1660 1155,1660 1194,1659 1232,1659 1271,1659 1309,1658 1348,1658 1387,1657"/>
                <TextEquiv>
                    <Unicode>Journal: St. Galler Tagblatt</Unicode>
                </TextEquiv>
            </TextLine>
            <TextLine id="r1l19" custom="readingOrder {index:18;}">
                <Coords points="601,1735 948,1755 1041,1733 1188,1772 1356,1773 1369,1695 1020,1673 876,1722 646,1680 601,1697"/>
                <Baseline points="608,1742 645,1741 683,1741 720,1740 758,1740 796,1739 833,1739 871,1739 909,1739 946,1739 984,1739 1022,1740 1059,1740 1097,1741 1135,1742 1172,1743 1210,1745 1248,1747 1285,1749 1323,1752 1361,1755"/>
                <TextEquiv>
                    <Unicode>Aoresse: 4% NOV(8½</Unicode>
                </TextEquiv>
            </TextLine>
            <TextLine id="r1l20" custom="readingOrder {index:19;}">
                <Coords points="604,1823 632,1821 660,1830 707,1825 717,1831 732,1821 767,1816 767,1798 724,1791 687,1776 671,1782 645,1772 628,1788 604,1790"/>
                <Baseline points="612,1818 641,1816 670,1815 700,1815 729,1815 759,1815"/>
                <TextEquiv>
                    <Unicode>Date:</Unicode>
                </TextEquiv>
            </TextLine>
            <TextLine id="r1l21" custom="readingOrder {index:20;}">
                <Coords points="1734,1869 1744,1869 1748,1864 1768,1869 1785,1854 1796,1860 1808,1849 1813,1854 1825,1847 1836,1850 1834,1804 1822,1807 1793,1797 1788,1802 1768,1799 1757,1806 1733,1803"/>
                <Baseline points="1742,1840 1770,1838 1799,1837 1828,1838"/>
                <TextEquiv>
                    <Unicode>1</Unicode>
                </TextEquiv>
            </TextLine>
            <TextLine id="r1l22" custom="readingOrder {index:21;}">
                <Coords points="1110,1906 1179,1926 1290,1920 1309,1940 1356,1920 1409,1936 1493,1921 1494,1881 1401,1856 1347,1863 1285,1850 1253,1865 1111,1849"/>
                <Baseline points="1118,1906 1144,1908 1170,1909 1196,1910 1222,1911 1249,1912 1275,1913 1301,1914 1327,1914 1353,1915 1380,1915 1406,1915 1432,1915 1458,1915 1485,1916"/>
                <TextEquiv>
                    <Unicode>Stadttheater.</Unicode>
                </TextEquiv>
            </TextLine>
            <TextLine id="r1l23" custom="readingOrder {index:22;}">
                <Coords points="817,1970 1630,1994 1806,1980 1822,1931 817,1927"/>
                <Baseline points="825,1962 874,1963 923,1964 973,1965 1022,1966 1072,1967 1121,1968 1171,1969 1220,1969 1270,1970 1319,1970 1368,1971 1418,1971 1467,1971 1517,1971 1566,1971 1616,1971 1665,1971 1715,1971 1764,1970 1814,1969"/>
                <TextEquiv>
                    <Unicode>Der vergangene Abend hat das „Zwischenspiel“ von</Unicode>
                </TextEquiv>
            </TextLine>
            <TextLine id="r1l24" custom="readingOrder {index:23;}">
                <Coords points="791,2018 1814,2030 1814,1982 1771,1976 791,1964"/>
                <Baseline points="798,2007 848,2008 898,2009 949,2010 999,2011 1050,2012 1100,2013 1151,2013 1201,2014 1252,2014 1302,2015 1352,2015 1403,2015 1453,2015 1504,2015 1554,2015 1605,2015 1655,2015 1706,2015 1756,2015 1807,2014"/>
                <TextEquiv>
                    <Unicode>Artur Schnitzler gebracht, einem Autor, dem wir</Unicode>
                </TextEquiv>
            </TextLine>
            <TextLine id="r1l25" custom="readingOrder {index:24;}">
                <Coords points="777,2063 1820,2067 1779,2020 777,2023"/>
                <Baseline points="785,2054 836,2054 887,2054 939,2054 990,2054 1041,2055 1093,2055 1144,2056 1195,2056 1247,2057 1298,2058 1349,2058 1401,2059 1452,2059 1503,2060 1555,2060 1606,2060 1657,2060 1709,2059 1760,2059 1812,2057"/>
                <TextEquiv>
                    <Unicode>auf unserer Bühne nur selten begegnet sind. Komödie</Unicode>
                </TextEquiv>
            </TextLine>
            <TextLine id="r1l26" custom="readingOrder {index:25;}">
                <Coords points="783,2099 1801,2116 1816,2070 783,2065"/>
                <Baseline points="790,2095 840,2096 891,2097 942,2098 993,2099 1044,2099 1095,2100 1145,2100 1196,2101 1247,2101 1298,2101 1349,2102 1400,2102 1451,2102 1501,2102 1552,2102 1603,2102 1654,2102 1705,2102 1756,2102 1807,2102"/>
                <TextEquiv>
                    <Unicode>nennt sich das Stück, und eine Tragikomödie ist's; ein</Unicode>
                </TextEquiv>
            </TextLine>
            <TextLine id="r1l27" custom="readingOrder {index:26;}">
                <Coords points="775,2149 1818,2157 1818,2116 1775,2105 775,2123"/>
                <Baseline points="783,2139 834,2139 885,2139 937,2139 988,2140 1039,2140 1091,2140 1142,2141 1193,2141 1245,2141 1296,2142 1347,2142 1399,2142 1450,2143 1501,2143 1553,2144 1604,2144 1655,2144 1707,2145 1758,2145 1810,2145"/>
                <TextEquiv>
                    <Unicode>Spiel, das immer an Abgründen vorbeiführt. Menschen,</Unicode>
                </TextEquiv>
            </TextLine>
            <TextLine id="r1l28" custom="readingOrder {index:27;}">
                <Coords points="775,2179 1809,2206 1796,2157 1630,2146 776,2148"/>
                <Baseline points="783,2182 836,2182 890,2182 943,2182 997,2183 1051,2183 1104,2184 1158,2185 1212,2185 1265,2186 1319,2187 1372,2188 1426,2188 1480,2189 1533,2189 1587,2190 1641,2190 1694,2190 1748,2190 1802,2189"/>
                <TextEquiv>
                    <Unicode>die ihre Seele, ihre Gefühle auf den Seziertisch legen</Unicode>
                </TextEquiv>
            </TextLine>
            <TextLine id="r1l29" custom="readingOrder {index:28;}">
                <Coords points="610,2220 643,2231 673,2227 708,2232 727,2220 748,2226 749,2174 718,2180 706,2175 679,2179 647,2168 629,2183 610,2185"/>
                <Baseline points="617,2216 647,2214 678,2214 709,2215 740,2217"/>
                <TextEquiv>
                    <Unicode>Tari</Unicode>
                </TextEquiv>
            </TextLine>
            <TextLine id="r1l30" custom="readingOrder {index:29;}">
                <Coords points="777,2227 1742,2252 1817,2241 1818,2199 777,2198"/>
                <Baseline points="785,2224 836,2224 887,2225 938,2225 989,2226 1041,2226 1092,2227 1143,2227 1194,2228 1245,2229 1297,2230 1348,2230 1399,2231 1450,2232 1501,2232 1553,2232 1604,2233 1655,2233 1706,2233 1757,2233 1809,2232"/>
                <TextEquiv>
                    <Unicode>und dem feinsten Faserwerk nachgehen möchten, müssen</Unicode>
                </TextEquiv>
            </TextLine>
            <TextLine id="r1l31" custom="readingOrder {index:30;}">
                <Coords points="613,2268 639,2262 650,2272 676,2264 699,2269 718,2267 722,2271 730,2264 750,2263 751,2235 703,2234 699,2229 689,2236 675,2236 668,2228 633,2230 614,2223"/>
                <Baseline points="621,2260 651,2258 682,2260 712,2262 743,2262"/>
                <TextEquiv>
                    <Unicode>Tarif 1</Unicode>
                </TextEquiv>
            </TextLine>
            <TextLine id="r1l32" custom="readingOrder {index:31;}">
                <Coords points="770,2278 1714,2294 1808,2280 1809,2238 770,2252"/>
                <Baseline points="778,2271 829,2271 880,2271 931,2271 982,2271 1033,2271 1084,2272 1135,2272 1186,2273 1237,2273 1289,2274 1340,2274 1391,2274 1442,2275 1493,2275 1544,2275 1595,2275 1646,2275 1697,2274 1748,2274 1800,2273"/>
                <TextEquiv>
                    <Unicode>an sich selber zugrunde gehen. Es gilt, eine Scham vor</Unicode>
                </TextEquiv>
            </TextLine>
            <TextLine id="r1l33" custom="readingOrder {index:32;}">
                <Coords points="644,2282 658,2283 676,2297 701,2294 744,2307 750,2301 759,2301 759,2256 721,2270 716,2267 696,2270 689,2263 644,2266"/>
                <Baseline points="651,2289 676,2288 701,2288 726,2288 752,2290"/>
                <TextEquiv>
                    <Unicode>sanS</Unicode>
                </TextEquiv>
            </TextLine>
            <TextLine id="r1l34" custom="readingOrder {index:33;}">
                <Coords points="776,2324 1805,2333 1818,2287 776,2286"/>
                <Baseline points="783,2316 834,2316 885,2316 937,2316 988,2316 1039,2316 1091,2317 1142,2317 1193,2318 1245,2318 1296,2319 1347,2319 1399,2319 1450,2320 1501,2320 1553,2320 1604,2320 1655,2320 1707,2319 1758,2319 1810,2318"/>
                <TextEquiv>
                    <Unicode>den letzten Dingen zu bewahren, ohne welche jeder</Unicode>
                </TextEquiv>
            </TextLine>
            <TextLine id="r1l35" custom="readingOrder {index:34;}">
                <Coords points="616,2332 632,2328 650,2337 666,2326 693,2327 701,2333 706,2328 727,2330 741,2321 756,2323 757,2295 740,2295 729,2302 710,2296 700,2301 694,2294 677,2297 655,2289 644,2291 638,2285 617,2292"/>
                <Baseline points="624,2322 649,2320 674,2320 699,2321 724,2322 749,2321"/>
                <TextEquiv>
                    <Unicode>Ermüt</Unicode>
                </TextEquiv>
            </TextLine>
            <TextLine id="r1l36" custom="readingOrder {index:35;}">
                <Coords points="639,2353 649,2352 656,2358 663,2355 668,2360 676,2356 723,2355 734,2361 746,2358 746,2327 703,2333 686,2332 680,2326 672,2326 664,2332 638,2326"/>
                <Baseline points="647,2352 677,2353 707,2351 738,2351"/>
                <TextEquiv>
                    <Unicode>bezu</Unicode>
                </TextEquiv>
            </TextLine>
            <TextLine id="r1l37" custom="readingOrder {index:36;}">
                <Coords points="776,2352 1816,2369 1816,2331 1761,2326 776,2329"/>
                <Baseline points="783,2357 834,2357 885,2357 936,2357 988,2357 1039,2357 1090,2358 1141,2358 1193,2358 1244,2359 1295,2359 1346,2359 1398,2360 1449,2360 1500,2360 1551,2360 1603,2360 1654,2360 1705,2359 1756,2359 1808,2358"/>
                <TextEquiv>
                    <Unicode>Glaube an das Vermögen zur dauernden Erfüllung einer</Unicode>
                </TextEquiv>
            </TextLine>
            <TextLine id="r1l38" custom="readingOrder {index:37;}">
                <Coords points="635,2399 670,2400 695,2387 710,2394 724,2388 733,2394 750,2395 750,2358 730,2362 723,2355 710,2359 663,2355 656,2360 646,2352 634,2351"/>
                <Baseline points="643,2385 668,2382 693,2381 718,2381 743,2383"/>
                <TextEquiv>
                    <Unicode>Abl.</Unicode>
                </TextEquiv>
            </TextLine>
            <TextLine id="r1l39" custom="readingOrder {index:38;}">
                <Coords points="785,2401 1810,2414 1794,2366 785,2358"/>
                <Baseline points="792,2399 842,2399 893,2399 943,2399 994,2400 1044,2400 1095,2401 1145,2401 1196,2402 1246,2402 1297,2403 1347,2403 1398,2404 1448,2404 1499,2404 1549,2404 1600,2405 1650,2404 1701,2404 1751,2404 1802,2403"/>
                <TextEquiv>
                    <Unicode>Pflicht ins Wanken geraten muß. Absolute Freiheit</Unicode>
                </TextEquiv>
            </TextLine>
            <TextLine id="r1l40" custom="readingOrder {index:39;}">
                <Coords points="779,2446 1822,2458 1790,2411 779,2405"/>
                <Baseline points="787,2442 838,2442 889,2442 941,2443 992,2443 1043,2444 1095,2444 1146,2445 1197,2445 1249,2446 1300,2446 1351,2447 1403,2447 1454,2448 1505,2448 1557,2449 1608,2449 1659,2450 1711,2450 1762,2450 1814,2451"/>
                <TextEquiv>
                    <Unicode>kann und darf es für keinen Menschen geben; sie</Unicode>
                </TextEquiv>
            </TextLine>
            <TextLine id="r1l41" custom="readingOrder {index:40;}">
                <Coords points="666,2454 676,2454 686,2464 696,2464 708,2473 742,2473 742,2420 734,2420 723,2431 714,2430 709,2433 702,2427 692,2433 685,2428 666,2433"/>
                <Baseline points="674,2458 704,2456 734,2458"/>
                <TextEquiv>
                    <Unicode>Zei</Unicode>
                </TextEquiv>
            </TextLine>
            <TextLine id="r1l42" custom="readingOrder {index:41;}">
                <Coords points="775,2492 1817,2503 1817,2458 1754,2452 775,2452"/>
                <Baseline points="783,2489 834,2488 885,2488 936,2488 988,2488 1039,2488 1090,2488 1142,2488 1193,2488 1244,2488 1296,2489 1347,2489 1398,2490 1449,2490 1501,2490 1552,2491 1603,2491 1655,2491 1706,2492 1757,2492 1809,2492"/>
                <TextEquiv>
                    <Unicode>würde ärgste Sklaverei bedeuten. Das und Aehnliches</Unicode>
                </TextEquiv>
            </TextLine>
            <TextLine id="r1l43" custom="readingOrder {index:42;}">
                <Coords points="777,2540 1768,2553 1823,2547 1824,2504 777,2496"/>
                <Baseline points="785,2533 836,2533 888,2532 939,2532 991,2532 1042,2532 1094,2532 1145,2532 1197,2532 1248,2532 1300,2533 1352,2533 1403,2534 1455,2534 1506,2534 1558,2535 1609,2535 1661,2535 1712,2535 1764,2535 1816,2535"/>
                <TextEquiv>
                    <Unicode>mag aus dieser Komödie leise heraustönen, wo aus</Unicode>
                </TextEquiv>
            </TextLine>
            <TextLine id="r1l44" custom="readingOrder {index:43;}">
                <Coords points="780,2582 1814,2583 1814,2541 780,2540"/>
                <Baseline points="787,2574 840,2574 894,2575 947,2575 1001,2575 1055,2575 1108,2575 1162,2575 1216,2575 1269,2575 1323,2575 1376,2576 1430,2576 1484,2576 1537,2576 1591,2577 1645,2577 1698,2578 1752,2578 1806,2579"/>
                <TextEquiv>
                    <Unicode>einem Untergrunde von Melancholie und Sehnsucht, von</Unicode>
                </TextEquiv>
            </TextLine>
            <TextLine id="r1l45" custom="readingOrder {index:44;}">
                <Coords points="765,2618 1822,2635 1822,2587 1748,2582 765,2583"/>
                <Baseline points="773,2616 825,2616 877,2617 929,2617 981,2618 1033,2618 1085,2618 1137,2619 1189,2619 1241,2619 1293,2620 1345,2620 1397,2620 1449,2621 1501,2621 1553,2621 1605,2621 1657,2621 1709,2621 1761,2621 1814,2621"/>
                <TextEquiv>
                    <Unicode>Enttäuschung und Täuschung kein Lärm, kein Geschrei</Unicode>
                </TextEquiv>
            </TextLine>
            <TextLine id="r1l46" custom="readingOrder {index:45;}">
                <Coords points="775,2675 1639,2665 1792,2692 1821,2637 776,2624"/>
                <Baseline points="783,2660 834,2660 885,2661 937,2661 988,2661 1040,2662 1091,2662 1143,2662 1194,2662 1246,2662 1297,2662 1348,2663 1400,2663 1451,2663 1503,2664 1554,2664 1606,2665 1657,2665 1709,2666 1760,2667 1812,2668"/>
                <TextEquiv>
                    <Unicode>aufsteigt und doch um mehr denn Leben gespielt wird</Unicode>
                </TextEquiv>
            </TextLine>
            <TextLine id="r1l47" custom="readingOrder {index:46;}">
                <Coords points="815,2701 1826,2730 1826,2682 1718,2671 815,2669"/>
                <Baseline points="822,2699 871,2700 921,2702 971,2703 1021,2704 1071,2704 1120,2705 1170,2705 1220,2705 1270,2706 1320,2706 1369,2706 1419,2706 1469,2705 1519,2705 1569,2705 1618,2705 1668,2705 1718,2705 1768,2706 1818,2706"/>
                <TextEquiv>
                    <Unicode>Da Herr von Bongardt und Frau Margrety</Unicode>
                </TextEquiv>
            </TextLine>
            <TextLine id="r1l48" custom="readingOrder {index:47;}">
                <Coords points="769,2741 1831,2751 1778,2714 769,2712"/>
                <Baseline points="777,2744 829,2746 881,2747 933,2748 986,2748 1038,2748 1090,2748 1143,2748 1195,2748 1247,2748 1300,2747 1352,2747 1404,2747 1456,2747 1509,2747 1561,2747 1613,2747 1666,2748 1718,2749 1770,2751 1823,2753"/>
                <TextEquiv>
                    <Unicode>Artrev die führenden Rollen hatten, durfte man¬</Unicode>
                </TextEquiv>
            </TextLine>
            <TextLine id="r1l49" custom="readingOrder {index:48;}">
                <Coords points="769,2795 1820,2806 1792,2755 769,2755"/>
                <Baseline points="777,2794 828,2793 880,2792 932,2792 984,2792 1035,2791 1087,2791 1139,2791 1191,2792 1242,2792 1294,2792 1346,2792 1398,2793 1449,2793 1501,2793 1553,2793 1605,2793 1656,2793 1708,2793 1760,2793 1812,2793"/>
                <TextEquiv>
                    <Unicode>einer guten Aufführung gewiß sein. Diese Annahme</Unicode>
                </TextEquiv>
            </TextLine>
            <TextLine id="r1l50" custom="readingOrder {index:49;}">
                <Coords points="766,2820 838,2851 1828,2846 1791,2798 766,2797"/>
                <Baseline points="774,2836 826,2836 878,2836 930,2835 983,2835 1035,2835 1087,2835 1140,2835 1192,2835 1244,2835 1297,2836 1349,2836 1401,2836 1453,2836 1506,2837 1558,2837 1610,2837 1663,2838 1715,2838 1767,2838 1820,2838"/>
                <TextEquiv>
                    <Unicode>wohl hatte eine zahlreichere Zuhörerschaft versammelt,</Unicode>
                </TextEquiv>
            </TextLine>
            <TextLine id="r1l51" custom="readingOrder {index:50;}">
                <Coords points="766,2870 1773,2883 1830,2911 1830,2836 765,2847"/>
                <Baseline points="773,2879 825,2879 878,2879 930,2879 983,2879 1035,2880 1088,2880 1140,2880 1193,2880 1245,2880 1298,2880 1350,2880 1403,2880 1455,2880 1508,2880 1560,2879 1613,2879 1665,2878 1718,2877 1770,2877 1823,2875"/>
                <TextEquiv>
                    <Unicode>und sie ist auf ihre Rechnung gekommen. Das eigen¬</Unicode>
                </TextEquiv>
            </TextLine>
            <TextLine id="r1l52" custom="readingOrder {index:51;}">
                <Coords points="771,2922 1822,2931 1822,2888 1774,2884 771,2876"/>
                <Baseline points="779,2922 830,2922 882,2922 934,2922 986,2922 1037,2922 1089,2922 1141,2922 1193,2922 1244,2922 1296,2922 1348,2922 1400,2921 1451,2921 1503,2922 1555,2922 1607,2922 1658,2922 1710,2922 1762,2922 1814,2923"/>
                <TextEquiv>
                    <Unicode>artige Wesen des Kapellmeisters Adams, der so naiv</Unicode>
                </TextEquiv>
            </TextLine>
            <TextLine id="r1l53" custom="readingOrder {index:52;}">
                <Coords points="771,2975 1805,2980 1826,2922 771,2926"/>
                <Baseline points="778,2964 830,2964 882,2965 934,2965 986,2965 1038,2965 1090,2964 1142,2964 1194,2964 1246,2964 1298,2964 1350,2964 1402,2964 1454,2964 1506,2964 1558,2964 1610,2964 1662,2965 1714,2965 1766,2966 1818,2967"/>
                <TextEquiv>
                    <Unicode>seine liebende Frau zu quälen weiß, wurde lebendig</Unicode>
                </TextEquiv>
            </TextLine>
            <TextLine id="r1l54" custom="readingOrder {index:53;}">
                <Coords points="774,3005 1694,3025 1820,3020 1821,2975 774,2973"/>
                <Baseline points="782,3006 833,3005 885,3005 936,3005 988,3005 1039,3005 1091,3005 1142,3006 1194,3006 1245,3006 1297,3006 1349,3007 1400,3007 1452,3008 1503,3008 1555,3008 1606,3009 1658,3009 1709,3010 1761,3010 1813,3010"/>
                <TextEquiv>
                    <Unicode>und wahr in Herrn von Bongardts Darstellung. Als</Unicode>
                </TextEquiv>
            </TextLine>
            <TextLine id="r1l55" custom="readingOrder {index:54;}">
                <Coords points="761,3055 1804,3068 1833,3065 1834,2996 1693,3026 761,3032"/>
                <Baseline points="769,3050 821,3050 874,3051 927,3051 980,3051 1033,3051 1086,3051 1138,3051 1191,3051 1244,3050 1297,3050 1350,3050 1403,3050 1456,3051 1508,3051 1561,3052 1614,3052 1667,3054 1720,3055 1773,3057 1826,3059"/>
                <TextEquiv>
                    <Unicode>dessen Frau Cäcilie war Frau Artrev von einer leisen,</Unicode>
                </TextEquiv>
            </TextLine>
            <TextLine id="r1l56" custom="readingOrder {index:55;}">
                <Coords points="767,3093 1853,3125 1853,3065 1784,3057 767,3061"/>
                <Baseline points="774,3100 827,3100 881,3100 934,3100 988,3100 1042,3100 1095,3100 1149,3101 1202,3101 1256,3101 1310,3101 1363,3101 1417,3101 1470,3102 1524,3102 1578,3102 1631,3103 1685,3103 1738,3104 1792,3104 1846,3105"/>
                <TextEquiv>
                    <Unicode>feinen Schwermut umflossen, von dem geheimen</Unicode>
                </TextEquiv>
            </TextLine>
            <TextEquiv>
                <Unicode>20. Zuischensniel
box 25/5
No
M
FARGUO SCISSE DE LAT ALOSE, o. A.;
Schweizer Argus der Presse, A.-G.
23. Rue du Rhöne, 23
GENF •
: GENEVE —
Adr. télégr.: Coupures Geneve. — Téléphone 4005
„
Bureau de coupures de journaun sur tous sujets et personnalités.
Traductions en toutes lanques. Traraun de rédaction.
Bureau für Zeitungsausschnitte, Personalnachrichten, Uebersetzungen.
CORRESPONDANTS: — VERTRETUNGEN:
Paris, Berlin, Vienne, Londres, Rome, Christiania, Buda-Pest, H
Boston, Amsterdam, New-Vork, Mexiko.
Journal: St. Galler Tagblatt
Aoresse: 4% NOV(8½
Date:
1
Stadttheater.
Der vergangene Abend hat das „Zwischenspiel“ von
Artur Schnitzler gebracht, einem Autor, dem wir
auf unserer Bühne nur selten begegnet sind. Komödie
nennt sich das Stück, und eine Tragikomödie ist's; ein
Spiel, das immer an Abgründen vorbeiführt. Menschen,
die ihre Seele, ihre Gefühle auf den Seziertisch legen
Tari
und dem feinsten Faserwerk nachgehen möchten, müssen
Tarif 1
an sich selber zugrunde gehen. Es gilt, eine Scham vor
sanS
den letzten Dingen zu bewahren, ohne welche jeder
Ermüt
bezu
Glaube an das Vermögen zur dauernden Erfüllung einer
Abl.
Pflicht ins Wanken geraten muß. Absolute Freiheit
kann und darf es für keinen Menschen geben; sie
Zei
würde ärgste Sklaverei bedeuten. Das und Aehnliches
mag aus dieser Komödie leise heraustönen, wo aus
einem Untergrunde von Melancholie und Sehnsucht, von
Enttäuschung und Täuschung kein Lärm, kein Geschrei
aufsteigt und doch um mehr denn Leben gespielt wird
Da Herr von Bongardt und Frau Margrety
Artrev die führenden Rollen hatten, durfte man¬
einer guten Aufführung gewiß sein. Diese Annahme
wohl hatte eine zahlreichere Zuhörerschaft versammelt,
und sie ist auf ihre Rechnung gekommen. Das eigen¬
artige Wesen des Kapellmeisters Adams, der so naiv
seine liebende Frau zu quälen weiß, wurde lebendig
und wahr in Herrn von Bongardts Darstellung. Als
dessen Frau Cäcilie war Frau Artrev von einer leisen,
feinen Schwermut umflossen, von dem geheimen</Unicode>
            </TextEquiv>
        </TextRegion>
        <TextRegion orientation="0.0" id="r2" custom="readingOrder {index:1;}">
            <Coords points="1830,1860 1830,2638 2880,2638 2880,1860"/>
            <TextLine id="r2l1" custom="readingOrder {index:0;}">
                <Coords points="1830,1894 2888,1901 2869,1838 1830,1848"/>
                <Baseline points="1838,1886 1890,1886 1942,1886 1994,1886 2046,1886 2098,1886 2150,1886 2202,1886 2254,1886 2306,1886 2359,1886 2411,1886 2463,1886 2515,1885 2567,1885 2619,1884 2671,1884 2723,1883 2775,1882 2827,1881 2880,1880"/>
                <TextEquiv>
                    <Unicode>Schmerze der enttäuschten und ihrer selber nicht mehr</Unicode>
                </TextEquiv>
            </TextLine>
            <TextLine id="r2l2" custom="readingOrder {index:1;}">
                <Coords points="1824,1938 2735,1940 2862,1921 2862,1888 1823,1898"/>
                <Baseline points="1832,1934 1883,1933 1934,1933 1985,1932 2036,1932 2087,1932 2138,1932 2189,1932 2240,1932 2291,1932 2343,1932 2394,1932 2445,1931 2496,1931 2547,1930 2598,1929 2649,1929 2700,1927 2751,1925 2802,1923 2854,1921"/>
                <TextEquiv>
                    <Unicode>sicheren Frau umwittert. Intellekt und Gefühl ver¬</Unicode>
                </TextEquiv>
            </TextLine>
            <TextLine id="r2l3" custom="readingOrder {index:2;}">
                <Coords points="1831,1979 2823,1971 2873,1997 2872,1912 1830,1947"/>
                <Baseline points="1838,1976 1889,1975 1940,1975 1992,1975 2043,1975 2094,1975 2146,1975 2197,1975 2248,1975 2300,1975 2351,1975 2402,1974 2454,1974 2505,1974 2556,1973 2608,1972 2659,1971 2710,1970 2762,1968 2813,1966 2865,1964"/>
                <TextEquiv>
                    <Unicode>einigen sich in dieser Darstellerin zu schöner Harmonie</Unicode>
                </TextEquiv>
            </TextLine>
            <TextLine id="r2l4" custom="readingOrder {index:3;}">
                <Coords points="1836,2025 2532,2036 2855,2018 2859,1982 1835,1986"/>
                <Baseline points="1844,2024 1894,2023 1944,2021 1995,2020 2045,2019 2096,2019 2146,2018 2196,2018 2247,2018 2297,2018 2348,2017 2398,2017 2448,2017 2499,2016 2549,2016 2600,2015 2650,2014 2700,2012 2751,2010 2801,2008 2852,2006"/>
                <TextEquiv>
                    <Unicode>und ihre Bekundung einer Gemütsbewegung, einer leiden¬</Unicode>
                </TextEquiv>
            </TextLine>
            <TextLine id="r2l5" custom="readingOrder {index:4;}">
                <Coords points="1833,2072 2865,2054 2807,2015 1833,2027"/>
                <Baseline points="1840,2065 1890,2064 1941,2063 1992,2063 2043,2062 2094,2062 2145,2062 2195,2061 2246,2061 2297,2061 2348,2060 2399,2060 2450,2059 2501,2059 2551,2058 2602,2057 2653,2056 2704,2055 2755,2054 2806,2053 2857,2051"/>
                <TextEquiv>
                    <Unicode>schaftlichen Regung ist immer von ehrlicher, warmer</Unicode>
                </TextEquiv>
            </TextLine>
            <TextLine id="r2l6" custom="readingOrder {index:5;}">
                <Coords points="1834,2115 2845,2108 2862,2056 1833,2072"/>
                <Baseline points="1842,2109 1892,2107 1943,2106 1993,2105 2044,2105 2095,2104 2145,2104 2196,2103 2247,2103 2297,2103 2348,2103 2399,2103 2449,2103 2500,2102 2551,2102 2601,2101 2652,2099 2703,2098 2753,2096 2804,2095 2855,2092"/>
                <TextEquiv>
                    <Unicode>Innerlichkeit. Eine kokette Opernsängerin wußte Fräu¬</Unicode>
                </TextEquiv>
            </TextLine>
            <TextLine id="r2l7" custom="readingOrder {index:6;}">
                <Coords points="1829,2156 2781,2159 2861,2146 2861,2106 1828,2116"/>
                <Baseline points="1836,2152 1886,2151 1937,2151 1988,2150 2039,2150 2090,2149 2141,2149 2191,2149 2242,2148 2293,2148 2344,2147 2395,2147 2446,2146 2497,2146 2547,2145 2598,2144 2649,2143 2700,2142 2751,2141 2802,2140 2853,2139"/>
                <TextEquiv>
                    <Unicode>lein Mezzena pikant zu geben; einen dichterischen</Unicode>
                </TextEquiv>
            </TextLine>
            <TextLine id="r2l8" custom="readingOrder {index:7;}">
                <Coords points="1829,2204 2863,2198 2839,2146 1828,2158"/>
                <Baseline points="1836,2196 1889,2194 1943,2194 1996,2192 2050,2192 2104,2191 2157,2191 2211,2190 2265,2190 2318,2189 2372,2189 2425,2188 2479,2188 2533,2188 2586,2187 2640,2186 2694,2185 2747,2184 2801,2183 2855,2181"/>
                <TextEquiv>
                    <Unicode>Freund des Kapellmeisters vertrat Herr Dietrich</Unicode>
                </TextEquiv>
            </TextLine>
            <TextLine id="r2l9" custom="readingOrder {index:8;}">
                <Coords points="1838,2244 2726,2246 2867,2235 2867,2195 1838,2201"/>
                <Baseline points="1846,2237 1896,2237 1947,2236 1997,2236 2048,2235 2099,2235 2149,2235 2200,2235 2251,2234 2301,2234 2352,2234 2403,2233 2453,2233 2504,2232 2555,2232 2605,2231 2656,2230 2707,2229 2757,2227 2808,2226 2859,2224"/>
                <TextEquiv>
                    <Unicode>von Oppen nicht ohne Humor, wenn auch hie und</Unicode>
                </TextEquiv>
            </TextLine>
            <TextLine id="r2l10" custom="readingOrder {index:9;}">
                <Coords points="1828,2287 2702,2289 2882,2268 2882,2224 1828,2241"/>
                <Baseline points="1836,2281 1890,2281 1945,2280 2000,2280 2054,2280 2109,2279 2164,2279 2218,2279 2273,2279 2328,2278 2382,2278 2437,2277 2492,2277 2546,2276 2601,2275 2656,2274 2710,2273 2765,2272 2820,2271 2875,2269"/>
                <TextEquiv>
                    <Unicode>da etwas gar breit und behäbig, dessen Frau Marie mit</Unicode>
                </TextEquiv>
            </TextLine>
            <TextLine id="r2l11" custom="readingOrder {index:10;}">
                <Coords points="1827,2338 2875,2320 2845,2274 1827,2286"/>
                <Baseline points="1834,2324 1885,2323 1937,2323 1988,2323 2040,2322 2092,2322 2143,2321 2195,2321 2247,2320 2298,2320 2350,2320 2402,2319 2453,2318 2505,2318 2557,2317 2608,2316 2660,2316 2712,2314 2763,2314 2815,2312 2867,2311"/>
                <TextEquiv>
                    <Unicode>Liebenswürdigkeit Fräulein Tondern. Herr Falk</Unicode>
                </TextEquiv>
            </TextLine>
            <TextLine id="r2l12" custom="readingOrder {index:11;}">
                <Coords points="1838,2378 2850,2369 2875,2321 1838,2333"/>
                <Baseline points="1846,2367 1897,2367 1948,2367 1999,2366 2050,2366 2101,2366 2152,2366 2203,2365 2254,2365 2305,2365 2356,2364 2407,2364 2458,2363 2509,2362 2560,2362 2611,2361 2662,2360 2713,2359 2764,2358 2815,2357 2867,2355"/>
                <TextEquiv>
                    <Unicode>machte als ein ehrlicher und dabei leicht komisch an¬</Unicode>
                </TextEquiv>
            </TextLine>
            <TextLine id="r2l13" custom="readingOrder {index:12;}">
                <Coords points="1829,2421 2700,2420 2837,2409 2869,2368 1828,2378"/>
                <Baseline points="1836,2412 1887,2411 1938,2410 1989,2409 2041,2408 2092,2408 2143,2408 2194,2407 2246,2407 2297,2407 2348,2406 2399,2406 2451,2406 2502,2405 2553,2405 2604,2404 2656,2403 2707,2401 2758,2400 2809,2398 2861,2396"/>
                <TextEquiv>
                    <Unicode>mutender Bewerber um die Gunst der Frau des Kapell¬</Unicode>
                </TextEquiv>
            </TextLine>
            <TextLine id="r2l14" custom="readingOrder {index:13;}">
                <Coords points="1839,2466 2823,2459 2860,2451 2860,2404 1838,2423"/>
                <Baseline points="1846,2454 1896,2453 1946,2453 1997,2452 2047,2452 2097,2452 2148,2451 2198,2451 2248,2451 2299,2451 2349,2451 2399,2450 2450,2450 2500,2450 2550,2449 2601,2448 2651,2448 2701,2447 2752,2446 2802,2444 2853,2442"/>
                <TextEquiv>
                    <Unicode>meisters eine in ihrer Art vorzügliche Figur. Es sei</Unicode>
                </TextEquiv>
            </TextLine>
            <TextLine id="r2l15" custom="readingOrder {index:14;}">
                <Coords points="1834,2507 2794,2502 2869,2491 2869,2455 1834,2461"/>
                <Baseline points="1842,2496 1895,2496 1949,2495 2002,2495 2056,2495 2110,2495 2163,2495 2217,2494 2271,2494 2324,2494 2378,2494 2431,2493 2485,2493 2539,2492 2592,2492 2646,2491 2700,2490 2753,2490 2807,2489 2861,2487"/>
                <TextEquiv>
                    <Unicode>noch der neuen Dekoration gedacht, deren Urheber, Herr</Unicode>
                </TextEquiv>
            </TextLine>
            <TextLine id="r2l16" custom="readingOrder {index:15;}">
                <Coords points="1831,2548 2840,2548 2865,2498 1831,2511"/>
                <Baseline points="1838,2541 1891,2539 1945,2538 1998,2537 2052,2536 2106,2536 2159,2535 2213,2535 2267,2535 2320,2535 2374,2535 2427,2536 2481,2536 2535,2536 2588,2536 2642,2536 2696,2536 2749,2535 2803,2535 2857,2534"/>
                <TextEquiv>
                    <Unicode>Theatermaler Kurt Richter, unserer Bühne ständig</Unicode>
                </TextEquiv>
            </TextLine>
            <TextLine id="r2l17" custom="readingOrder {index:16;}">
                <Coords points="1823,2587 2755,2576 2855,2609 2864,2545 1822,2548"/>
                <Baseline points="1830,2585 1881,2584 1932,2583 1983,2583 2035,2582 2086,2582 2137,2582 2189,2581 2240,2581 2291,2581 2343,2581 2394,2581 2445,2581 2496,2581 2548,2581 2599,2580 2650,2580 2702,2580 2753,2579 2804,2578 2856,2577"/>
                <TextEquiv>
                    <Unicode>verpflichtet worden ist und uns so noch manche ange¬</Unicode>
                </TextEquiv>
            </TextLine>
            <TextLine id="r2l18" custom="readingOrder {index:17;}">
                <Coords points="2698,2629 2731,2628 2748,2641 2754,2636 2763,2644 2800,2627 2809,2633 2825,2627 2834,2637 2846,2629 2860,2631 2860,2597 2817,2595 2797,2579 2751,2585 2722,2582 2711,2593 2699,2594"/>
                <Baseline points="2706,2623 2735,2622 2764,2621 2793,2621 2822,2622 2852,2625"/>
                <TextEquiv>
                    <Unicode>V. H.</Unicode>
                </TextEquiv>
            </TextLine>
            <TextLine id="r2l19" custom="readingOrder {index:18;}">
                <Coords points="1839,2655 2053,2629 2402,2643 2435,2626 2435,2605 2359,2578 2298,2595 1839,2593"/>
                <Baseline points="1846,2626 1875,2626 1904,2626 1933,2626 1962,2626 1991,2626 2020,2626 2049,2626 2078,2626 2107,2627 2136,2627 2165,2627 2194,2628 2223,2628 2252,2628 2281,2628 2310,2627 2339,2627 2368,2626 2397,2625 2427,2624"/>
                <TextEquiv>
                    <Unicode>nehme Ueberraschung verheißt.</Unicode>
                </TextEquiv>
            </TextLine>
            <TextEquiv>
                <Unicode>Schmerze der enttäuschten und ihrer selber nicht mehr
sicheren Frau umwittert. Intellekt und Gefühl ver¬
einigen sich in dieser Darstellerin zu schöner Harmonie
und ihre Bekundung einer Gemütsbewegung, einer leiden¬
schaftlichen Regung ist immer von ehrlicher, warmer
Innerlichkeit. Eine kokette Opernsängerin wußte Fräu¬
lein Mezzena pikant zu geben; einen dichterischen
Freund des Kapellmeisters vertrat Herr Dietrich
von Oppen nicht ohne Humor, wenn auch hie und
da etwas gar breit und behäbig, dessen Frau Marie mit
Liebenswürdigkeit Fräulein Tondern. Herr Falk
machte als ein ehrlicher und dabei leicht komisch an¬
mutender Bewerber um die Gunst der Frau des Kapell¬
meisters eine in ihrer Art vorzügliche Figur. Es sei
noch der neuen Dekoration gedacht, deren Urheber, Herr
Theatermaler Kurt Richter, unserer Bühne ständig
verpflichtet worden ist und uns so noch manche ange¬
V. H.
nehme Ueberraschung verheißt.</Unicode>
            </TextEquiv>
        </TextRegion>
    </Page>
</PcGts>
