3436 4256
1289 139 1737 233 box 25/5
216 132 1138 237 20. Zuischensniel
1113 1427 1486 1512 Telephon 12.801.
414 1449 453 1518 —1
1153 1530 1347 1612 P4 —
629 1568 1429 1647 „ODSEIWVEN —
408 1658 1485 1708 I. Isterr. behördl. konz. Unternehmen für Zeltungs-Ausschnitte
539 1706 1380 1792 Wien, I., Concordiaplatz 4.
741 1786 1160 1852 Vertretungen
420 1834 1479 1892 In Berlin, Budapest, Chicago, Christiania, Genf, Kopen¬
422 1884 1489 1944 hagen, London, Madrid, Mailand, Minneapolis, New-Vork,
448 1931 1446 1973 Paris, Rom, San Francisco, Stockholm, St. Petersburg.
746 1966 1156 2015 (Quellenangabe ohne Gewähr).
806 1999 1614 2109 erliner Börsen Courier, Borlen
400 2002 801 2083 Ausschnitt aus:
969 2069 1390 2166 Mergenausgabe
406 2112 968 2182 vom: -3. SEP 1909
707 2216 1333 2311 Vor den Kulissen.
554 2284 1534 2366 Im Lessing=Theater trat gestern Abend Herr
488 2348 1541 2405 Heinz Monnard aus München sein Engagement
486 2384 1541 2448 in derselben Rolle an, in der er vor etwa Jahresfrist
482 2428 1548 2485 auf Engagement gastierte: Als Amadeus Adams in
477 2474 1540 2537 Artur Schnützlers-spitzfindiger, eine moderne Ehe
483 2515 1545 2568 mit soviel psychöldgischer Feinheit glossierender
477 2546 1536 2621 Komödie „Zwischenspiel“, die wiederum neu ein¬
488 2586 869 2647 studiert worden ist.
547 2633 1529 2688 Wenn die Erinnerung nicht trügt, gab Herr
484 2658 1535 2724 Monnard damals — als es galt, den Boden erst zu
472 2712 1338 2773 erobern, auf dem er nun Fuß gefaßt hat
1341 2729 1524 2777 — „mehr
472 2749 1528 2826 und Besseres. Er übertrieb gestern die Natürlichkeit
477 2800 1536 2858 bisweilen bis zur Nachlässigkeit, hatte nicht die schöne
476 2826 1536 2890 Ausgeglichenheit des Spiels, die er früher darlegte,
482 2865 1535 2939 und blieb da, wo die Wärme des Gefühls durchbrechen
478 2911 1524 2977 muß, manches schuldig. Er hatte die Figur des Adams
483 2963 1525 3015 mehr auf das Aeußerliche gestellt, suchte alles mit der
489 2993 1525 3072 Routine zu machen. Gerade das aber verträgt diese
474 3037 899 3106 Figur am wenigsten.
541 3077 1517 3130 Irene Triesch spielte mit ihrer ganzen Delikatesse
478 3106 1525 3185 die Cäcilie, Reicher, voll echten Humors, wieder
476 3158 1532 3210 den Rhon, den fanatischen Bühnendichter, der überall
485 3208 1526 3253 „Stoffe“ sieht. Die Gattin Rhons vertrat Frl.
478 3244 1525 3310 Sussin in ihrer beruhigend weichen, sympathischen
484 3270 1518 3347 Art. Stielers junger Fürst hatte chevalereskes
468 3316 1523 3386 Wesen und ehrliche Offenheit, und Frl. Wüst warb
480 3366 1520 3438 als Gräfin eindringlich genug um des Kapellmeisters
457 3389 675 3476 Neigung.
1287 3413 1492 3472 R. W.
2591 826 2969 928 Telephon 12.801.
2629 946 2842 1013 54 —
2858 966 2921 1058 a
2024 986 2752 1089 = „ODOEHTER
1884 1054 2964 1156 l. österr. behördl. konz. Unternehmen für Zeltunga-Aussohnitte
2017 1116 2857 1207 Wien, I., Concordiaplatz 4.
2218 1195 2655 1274 Vertretungen
1885 1266 2974 1324 in Berlin, Budapest, Chicago, Christiania, Genf, Kopen¬
1892 1307 2973 1377 hagen, London, Madrid, Mailand, Minngapolis, New-Vork.
1946 1347 2941 1430 Paris, Rom, San Francisco, Stockholm, St. Pstersburg.
2233 1385 2657 1434 (Quellenanzgabe ehne Gewähr).
1891 1407 3100 1535 Ausschnitt aus: BERLINER TAGBLAT7
2268 1522 2798 1620 3-SEPTENDER 1906
1896 1570 2039 1624 vom:
1868 1636 3097 1707 M.-J. Das Lessing=Theater frischte gestern, allen Feinschmeckern
1837 1688 3080 1742 zur Freude, Arthur Schnitzlers Komödie „Zwischen¬
1862 1723 3078 1788 spiel auf. Diese dres ehe am Kamin, die mit ihrem
1858 1766 3072 1830 inneren Reichtum die Forderungen der Handlungsfanatiker ad
1857 1800 3074 1856 bsurdum führt, wird stets willkommen bleiben. Denn hier ist eine
1840 1852 3082 1919 vornehme und nachdenkliche Kunst in ihren zartesten Schwingungen
1834 1895 3075 1952 zu bewundern. Hier gibt es sogar ein Bekenntnis des Dichters zu ver¬
1829 1949 3067 2001 nehmen. Denn gleich seinem Künstlerpaare scheint auch Schnitzler
1837 1984 3064 2038 am Schlusse mit geschärften Sinnen zu empfinden, was ihm fehlt: die
1835 2021 3074 2081 Aufwühlung der Seele, das Losbrechen elementarer Instinkte, das
1830 2060 3078 2131 Fortspülen des allzu Graziösen, des Spielerischen durch ungehemmte
1840 2097 2019 2154 Fluten.
1864 2146 3061 2210 Dieses echte Bassermann=Stück ohne Bassermann zu spielen, war
1836 2169 3070 2236 ein bewußtes Wagnis Otto Brahms. Der Erfolg gab ihm Recht, ohne
1825 2234 3073 2305 die wahren Freunde seiner Bühne zu überraschen. Denn wir wußten
1826 2262 3068 2335 es lange, daß die Kraft seines Theaters nicht an den einzelnen ge¬
1820 2303 3074 2389 bunden wäre, daß der Geist dieses Hauses sich nicht fortengagieren
1818 2346 1971 2413 ließe.
1882 2443 3054 2516 Es weht dort nun einmal eine Luft, in der sich die Seelen moderner
1826 2490 3049 2552 Menschen leiser und reiner als anderswo auftun. So gewiß dem
1826 2542 3052 2589 Lessing=Theater Schnitzlers „Schleier der Beatrice" versagt bleiben
1828 2584 3050 2643 mußte — ein Drama, das für Berlin nun endlich entdeckt werden
1830 2633 3056 2672 sollte —, so gewiß entgeht ihm keine Tonnuance des „Zwischenspiels“
1826 2663 3054 2729 Dafür sorgt schon der Spürsinn der Darstellerin Irene Triesch,
1824 2703 3047 2773 die gerade in der Rolle der Sängerin Cäcilie so viel heimliches
1821 2750 3045 2809 Werben unter der Gelassenheit des Salons zu verraten weiß.
1828 2783 3052 2851 Emanuel Reicher hebt nach wie vor als Räsonneur des Stückes
1817 2831 3049 2883 die Laune der Komödie, wenn sie sich allzusehr ins Elegische zu ver¬
1824 2879 3051 2924 lieren scheint. Die beiden Bedroher des ehelichen Friedens, der Fürst
1822 2916 3056 2982 wie die Gräfin, erscheinen jetzt in neuer Gestalt. Als lockende Philine
1822 2943 3048 3019 ist Ida Wüst in ihrem Elemente, und Kurt Stieler weiß zum
1820 3001 3054 3060 mindesten an Durchlauchtigkeit der Erscheinung seinen Vorgänger,
1826 3047 3057 3114 den wackeren, nun so plötzlich verschwundenen Grunwald zu über¬
1813 3076 1990 3132 treffen.
1850 3127 3039 3184 An Bassermanns Platz als Komponist Amadeus ist ein neues Mit¬
1822 3148 3054 3239 glied, Heinz Monnard, getreten. Er spielte seine hübschen Mittel
1809 3204 3054 3270 als ein sehr überzeugender, konsequenter Ehemann im Wechsel von
1821 3253 3049 3315 Heftigkeit und Zärtlichkeit aus. Nur gerade diese Konsequenz liegt
1813 3292 3045 3351 Schnitzlers Menschen meilenfern. Das Gleiten und Schwanken der
1815 3337 3044 3398 Empfindungen war Bassermanns Triumph in dieser Rolle. Es läßt
1818 3363 3043 3439 sich schwer vergessen, wie er im Anfang, von fremden Reizen
1820 3423 3045 3479 gefangen, zerstreut seiner Frau zuhörte, wie er am Schlusse, beim
1818 3463 3036 3521 Scheiden, die Tränen verbiß. Aber Herr Monnard wird ja bald Ge¬
1805 3499 3033 3564 legenheit zu Aufgaben haben, bei denen es keine Vergleiche und
1817 3538 3034 3611 Erinnerungen zu überwinden gibt. Dann mag er deutlicher als
1807 3586 2813 3638 gestern zeigen, was er ist und nicht bloß, was er kann.
1903 3624 2118 3684 „
