3436 4192
166 40 1385 140 nagenegeereene
496 84 1400 178 scho bewijsvoering rustig ontwikkeld wordt
180 127 493 192 rijsche Temps,
498 144 1414 201 en ons zelf verrukt; wo willen niet: we zijn
191 167 495 231 , dagelijks on¬
508 179 1402 249 in cen moment van stille overdenking om
180 212 484 275 cen brokje hu¬
497 227 1408 308 bij het gejaagde rhythme van het leven weer
190 257 496 320 om over „de
498 267 1409 337 in cen rustigen pas te komen; wo willen
193 306 497 363 te praten en
508 320 1411 401 niet: wo beleven cen dier zelden terugkes¬
168 338 490 414 en verwijzing
510 369 1415 430 rendo uren van harmonie met het al en van
179 393 496 464 ibakkers heb¬
510 405 1414 476 bijzondere zielsverwantschap met éen of met
181 439 505 508 aar, waarvan
524 464 1180 546 ééne... Tevergeefe! we mocten.
188 484 499 549 zelf niet eten.
548 489 1413 576 Wo moeten gehoorzamen, of we willen of
184 529 513 598 r verloren: te
511 557 1415 611 niet. Want het onbekende klopt aan onze
524 590 1421 662 deur. Wie durft 't aan, het buitengesloten te
181 598 504 675 de Ouden wis¬
522 636 1430 701 houden? We staan op; we laten den draad
194 660 506 728 t. En dat her¬
518 693 1429 765 van ons artikel vallen; we geven de stille
193 703 521 773 we jong waren,
522 731 1427 803 rust op; we ontrukken ons aan de omar¬
198 750 508 812 den vertellen,
537 778 1429 847 ming van het heelal of van con zijner be¬
186 796 518 867 trouwbaarheid
526 818 1428 889 woners en met wrevel, maar toch onder¬
208 842 511 908 tde componist
540 869 1425 937 worpen, buigend voor haar dwingelandij, na¬
201 893 521 955 ropa gezongen
540 908 1437 976 deren wo de telefoon, nomen den haak van
205 939 521 1004 epzinnige noch
531 954 1441 1031 den stander en luisteren naar wat zij ons
202 982 519 1038 Lo voilà, Nico¬
535 1016 889 1084 to zeggen heeft.
203 1020 526 1095 met zelfmoord
567 1039 1449 1128 Dat is het martelaarschap, dat Graham
201 1069 533 1135 us niet buiten
541 1101 1154 1173 Bell’s uitvinding ons oplegt.
214 1113 526 1178 hooren, toege¬
589 1120 1447 1207 Doch, zoo we het ons niet laten welgeval¬
204 1156 523 1233 Le voilà, Nico¬
554 1189 1446 1260 len en, als hij, de telefoon buiten onze wan¬
213 1204 314 1269 igt.
547 1239 1457 1298 den verbannen, dan zijn we, misschien vrijs
220 1245 528 1317 gepleegd; hij
542 1274 1447 1345 en rustig, maar dan zijn we ook paria's in
217 1297 538 1357 telefoon in den
556 1332 1118 1398 onze moderne samenleving.
210 1342 536 1401 men niet meer
211 1385 542 1449 e wereld begif¬
216 1431 541 1502 ktuig, dat de
231 1467 553 1535 halve-wereld¬
754 1446 1193 1543 KUNST.
202 1520 555 1580 ndere mensche¬
210 1566 543 1627 niet teruggeno¬
712 1560 1298 1637 Hamburger Kammerspiele.
213 1593 551 1675 daan, de dom¬
1039 1597 1440 1683 I. Zwischenspick.
240 1654 562 1718 de menschen
591 1656 1473 1739 Zaterdagavond is het gezelschap hier, in
259 1699 559 1763 gemaakt en
564 1716 1461 1783 den K. Schouwburg, voor het eerst opge¬
249 1741 555 1816 zijn werk mis¬
570 1764 1467 1835 treden. Ter voldoening aan een verzoek van
561 1808 1467 1888 Arthur Schnitzler, nict met Reigen. De
570 1855 1462 1934 schrijver wenschte dat men cerst cen zijner
241 1855 559 1933 is jedereen als
566 1910 1463 1963 andere stukken spelen zou. Ik waag te ver¬
230 1912 548 1975 ht de telefoon.
570 1936 1476 2015 onderstellen dat hij vreesde hier als Reigen¬
231 1956 556 2026 len vooruitgang
583 1983 1471 2058 specialiteib te worden beschouwd. Hiervoor
240 2005 560 2064 rimmers voor!
568 2040 1471 2115 bestond toch waarlijk volstrekt geen gevaar.
248 2047 521 2109 r reactie 18
571 2069 1486 2156 Ons schouwburgpubliek kent zijn Schnitzler #
263 2087 565 2159 is niemand,
583 2121 1487 2189 Intusschen, hebben wij ons allerminst tei
267 2129 566 2201 — die hemel z1)
584 2168 1476 2256 beklagen. Het is in prettig vlug tempo, hech
232 2177 571 2241 wisme, dat ons
240 2217 571 2287 een uit- en af¬
583 2213 1484 2288 fiin, prachtig genuanceerd gespeeld onderg
236 2254 577 2332 stand en cene
581 2261 1478 2352 leiding van den directeur der Kammer¬
234 2313 574 2379 lerige gevoelens
585 2309 1488 2384 spiele, Erich Ziegel, die vonral deed uitko¬
252 2356 579 2420 niets te dcen
588 2350 1482 2419 men het uiterst breekbare van den huwe¬
235 2401 575 2463 feit valt niet te
592 2387 1489 2473 lijksband tusschen twee menschen, die zich
241 2446 576 2518 erlei vragen op“
589 2443 1492 2527 boven conventie en sexueele moraal verheven
243 2493 587 2562 modernen aard¬
593 2484 1496 2559 achten en die, bovendien, groote kunstenaars
298 2533 584 2604 vooruitgang!
590 2518 1504 2607 zijn, dus ook nog uiterst gevoelige schepselen
241 2559 577 2649 Eertijds, toon de
591 2579 1497 2653 met zeer levendige verbeelding. Ge kent het
233 2624 587 2703 r van heei veel
592 2628 1492 2698 stuk dat volen onzer meermalen goed heb¬
238 2671 578 2737 adat begrijpelijk.
599 2654 1502 2744 ben zien spelen, doch — vaak änders, mag
251 2716 590 2792 tig jaar geleden
599 2717 1511 2786 ik zeggen: in een anderen toonaard! Hier,
268 2761 594 2828 „rei de fin
605 2756 1513 2832 is de nadruk minder op het avontuur ge¬
241 2795 601 2871 ond, waarin, ter
614 2807 1500 2887 legd dan op de uitwerking daarvan, de
242 2856 591 2917 #heid, waarmede
605 2838 1508 2919 gravin-operazangeres was hier cen volstrekt
253 2899 606 2976 lefcon bediend
606 2895 1504 2966 bijkomstage figuur; hier was de librettist
257 2942 602 3009 en, die er bis
604 2944 1514 3007 volstrekt niet enkel grappig en zei de man,
251 2985 594 3050 euwe vertraging
607 2996 1512 3055 hoewel schertsend, diepzinnige dingen,
242 3036 600 3092 neren ons een
621 3044 1510 3109 waarvan de waarheid hem bewust bleek, ter¬
261 3075 597 3142 ezien te hebben,
617 3076 1519 3144 wiil zijn minder ideale verhouding tot ziin
252 3123 592 3186 geschoren werd,
612 3123 1511 3210 Marie, die met de eerste rollen heoft ge¬
268 3168 602 3230 eindelijk uitvie¬
615 3171 1516 3237 dweept tot ontrouw wordens toe (tot en
266 3214 607 3274 niet opschieten¬
615 3215 1516 3293 mét!) en nu naar de figuranten aan 't af¬
269 3258 610 3314 zoodat de man
622 3262 1518 3324 zakken is, hier zeer in 't voorbijgaan wordt
270 3302 610 3368 ezicht naar de
620 3299 1528 3377 behandeld. Althans, de man is niet in de
280 3349 608 3412 weer ouder ge¬
617 3347 1518 3420 eerste plaats bedrogen echtgenoot of, liever,
268 3395 615 3453 jonge man was
619 3395 1525 3457 een fractie van cen echtgenoot en wel een“
253 3434 605 3497 Als een kaalhoof¬
626 3440 1536 3509 humoristische figuur, maar volstrekt geen
262 3468 612 3541 wam hij er uit.
628 3503 1524 3559 imbeciel of paljas! — Met de grootste be¬
273 3521 618 3586 ting-ver-kre-gen.
639 3540 1540 3595 wondering hebben wij Mirjam Horwitz (wie
277 3566 619 3633 inmiddels ziek
627 3581 1527 3640 hceft haar niet aan't Neues Schauspielhaus
282 3615 487 3688 aven
631 3612 1526 3687 gekend, dat hier met haar in een der hoofd¬
633 3675 1529 3724 rollen o. a. Nur ein Traum (Februari 1911)
271 3668 626 3755 kr. Zij werkt vlug
638 3719 1534 3781 is komen spelen!) hebben wij Mirjam Hor¬
281 3741 634 3799 we zim zonder
637 3756 1538 3817 witz van Cäcilie zien maken cen heel, hééi
279 3781 624 3838 met de „wereld“,
634 3801 1540 3871 fiin aanvoelende kunstenares en echtgenoote.
286 3822 627 3880 le verschillende
632 3852 1551 3908 Ook zij heeft wel het besef dat er iets änders
277 3867 630 3930 redactiebureau
646 3902 1535 3961 is geworden in haar verhouding tot haar
280 3913 627 3973 cen heen en weer
638 3917 1545 4018 man; maar zij is de wachtende vrouw; hij
288 3962 527 4035 rlies meer.
1528 27 1657 79 W
2330 40 3238 106 zwart scherm met opening voor de, zcer
1416 55 2326 146 kan. Cäcilie barst in snikken uit, als haar
2335 84 3237 151 kleine, speelruimte, waar juist voor het
1417 80 2329 186 Amadeus, zich verlaten wanend, op reis 18
2334 119 3229 202 tallernoodigste plaate was. Eonige minuten
1429 142 2328 224 gegaan. En heel mooi, heel sober is ook door
2343 165 3239 237 Tmoesten tusschen de opvolgende tafereelen
1421 185 2326 281 Amadeus (Ziegel zeif) gespeeld. IIij was
2335 217 3237 277 verloopen. Dan zaten wij in 't volle licht,
1420 230 2326 320 z00 volmaakt wäär in een rol, die zcer zeker
1423 265 3240 355 niet tot de type-rollen behoort. En Juist dit j'werd er weer in do zaal gesproken, dreigde
2342 302 3239 367 er wel iets aan de continulteit te gaan ont¬
1429 322 2335 412 vind ik de groote verdienste van deze oj. voc¬
2345 357 3235 430 breken. Wij misten het draaitooncel, waar¬
1417 363 2328 457 ring dat zij ccnvondig waar heeft gemaakt
2344 392 3241 480 op zulk een serie tafereelen moet worden
1437 411 2328 492 een psychologisch gecompliccerd geval nit
2343 435 3253 532 wertoond. Maar, men heeft het mogelijke
1423 457 2343 550 het leven van een paar uitzonderings men¬
2359 481 3245 580 gedaan oin dit bezwaar licht te doen wegen.
1432 502 2345 582 schen, wat artisten, die vrij zich gevoelen,
2387 522 3257 598 Mirjam Horwitz heeft ons ook in Reigen
1429 550 2341 636 die gewoon zijn maanden lang ver van el¬
2358 573 3259 656 volmaakt en heerlijk origineel spel gegeven. Zü
1426 604 2339 669 kander te leven, immers zijn. En hoe duide¬
2346 621 3261 703 I was die junge Frau, die zich verleiden (!!)
1436 639 2340 738 Jijk ##en wij de vriendschap tusschen gewe¬
2354 669 3253 743 laat, die junge Frau, nog eens, die haar oude¬
1439 692 2342 776 zen echtgenooten aan de herlevende liefde
2353 711 3265 778 ren echtgenoôt met ongerustheid Hoet ontwaren“
1441 757 1642 826 Esterven.
2355 749 3258 821 dat hij niet in alle opzichten de leiding heeft.
1469 745 2343 861 Paul Marx was kostelijk als de librettist
2368 806 3260 877 Annie Reiter was, in 8 en 9 de Schauspielerin.
1439 819 2349 919 Albertus Rhon, Annie Reiter zcer ingeto¬
2356 855 3258 912 Met hoeveel geest heeft zij gespeeld in de rol,
1438 862 2350 957 I gen als diens vrouw Marie, Sendinger was
2354 895 3266 987 die Fie Carelsen vervulde in het Cabaret te!
1451 912 2346 989 den goede Sigismund en Mela Schwarz
2365 942 3265 1009 Scheveningen! Welk een sluwe bekoorljjkheid,
1448 954 2359 1043 maakte wab persoonlijks van de minzieke
2376 987 3263 1057 welk cen gracieuse onbeschaamdheid en welk
1451 1017 1954 1105 leerling van Amadeus.
2363 1026 3270 1107 #een doortastend geduld liet zij blijken voor den
1479 1036 2366 1121 Het publiek toonde zich zeer voldaan en
2371 1078 3274 1148 dwazen graaf (in 9), belacheljjk van zelfinge¬
1455 1101 2136 1195 Mirjam Horwitz kreeg blcemen.
2371 1122 3265 1182 nomenheid, bekrompenheid, jjdelheid en zelf¬
2045 1164 2335 1234 II. Reigen.
2373 1166 3279 1237 zucht! En hoe heerljjk was Wolf Berkendorff
2375 1204 3280 1277 in de rol van den graaf (in 9). Hjj heeft zin
1487 1211 2363 1303 Het schint dat de burgemeester Reigen
2377 1261 3281 1332 spel tot de grens van het burleske doorgevoerd,
1483 1265 2353 1347 wel — do schouwburgcommissie het stuk ech¬
2384 1306 3276 1384 zonder op te houden hoog komisch te zijn.
1477 1301 2365 1392 fer niet in onzen schouwburg vertoond heeft
2374 1352 3282 1435 Marcella Halicz, Max Wesolowski, Mela
1466 1356 2368 1443 willen hebben. Er zou, nuur mnen vertelt,
2385 1402 3279 1469 Schwarz, Franz Sondinger, Paul Marx, Olga
1467 1410 2374 1497 dus een conflict zin gerezen tusschen het
2375 1442 3289 1531 von Mahr en Rudolf Fernau vervulden de
1468 1449 2375 1539 hcofd der gemecnte en de commisste, die
2389 1475 3288 1554 overige rollen.-Ook voor hen heb ik niets dan
1475 1488 2370 1574 ons ook vroeger door haar beslissingen wel
2375 1537 3276 1593 lof. Het was een genot hen te zien spelen, ape¬
1474 1541 2330 1624 dens heeft verbassd. Men beéft gespeeld.
2391 1572 3277 1639 len öók met de geweldige moeiljjkheden, die
1509 1571 2375 1653 Maar van sommige Bilder moet het een
2391 1622 3292 1690 het vervullen van zoo korte rollen in z00 ge¬
1481 1635 2369 1718 en ander weggelaten zijn. Ik zou niet kun¬
2392 1660 3293 1731 ringe speelruimte meebrengt. Elk gebaar moet
1472 1676 2373 1759 nen zeggen wat precies, ik geloof eonige uit¬
2399 1706 3280 1782 expressief zijn, elke intonatie niet alleen juist,
1486 1716 2374 1803 roepen en andere korte passages, die zekere
2394 1756 3297 1832 maar bovendien z00 suggestief dat het enkele
1478 1766 2375 1853 Fgebeurtenis kenbaar maken op, naar de op¬
2389 1802 3290 1873 woord cen recks gedachtenassociaties in ons
1482 1810 2381 1884 vatting van den burgemeester, te overbo¬
2407 1832 3304 1918 wekt, die het fragmentarische aanvullen tot)
1479 1858 2387 1947 dige wijze. Maar getuigd moet worden dat
2400 1898 3299 1960 ecn compleet portret. Hier moet in elk détail
1483 1901 2395 1988 de tien korte stukjes niets aan duidelijkheid“
2392 1936 3291 2017 Eterstond een maximum worden gegeven, hier is
1490 1958 2386 2032 te wenschen overlieten, al zou er dan flink
2391 1985 3300 2053 geen groei, geen zich herstellen mogeljjk. Hier
1489 2018 1793 2090 gesnoeid zijn.
2392 2029 3305 2108 wordt de tooneelspeelkunst moment-karakte¬
1525 2028 2388 2114 Het resultaat is dat ons die „daad“ het
2394 2078 3237 2139 Fristiek, in den zin van moment-fotografie.
1487 2071 2405 2176 physiologisch moment in de verhouding
2432 2128 3301 2193 Het talrijke publiek heeft getoond deze su¬
1496 2135 2408 2205 tusschen de verliefden of verliefdheid¬
2412 2172 3302 2232 perieure tooneelspeelkunst op de juiste waarde
1493 2179 2398 2263 huichelenden, zoo äkelig onbeduidend voor¬
2390 2220 3313 2300 gte schatten en den spelers met een lang en
1499 2237 2384 2295 komt, dat waarlijk deze opvoering het te¬
1496 2256 3310 2359 genovergestelde doet van prikkelen. Men zou warm applaus beloond. Ook de regisseur (Paul
1499 2308 3154 2379 veeleer Schnitzler kunnen verwijten dat hijf Marx) verdient een woord van hulde.
2444 2356 3322 2404 Dat de burgemeester deze voorstelling voor
1507 2350 2410 2433 deze daad veel meer en bapatelle laat be¬
2421 2385 3309 2462 jonge lieden beneden de 18 jaar niet toeganke¬
1495 2407 2408 2489 handelen door de bedrijvers dan zulks in
2414 2442 3313 2505 ljjk heeft verklaard, kan ik billjjken, 6ök om¬
1509 2451 2404 2526 het werkelijke leven pleegt te geschieden.
2421 2491 3311 2550 dat onze families door dit verbod gewaar¬
1505 2498 2407 2584 Deze tien paren doen meer aan musschen of
2412 2529 3327 2599 schuwd zijn. Maar „onzedeljjk' is Reigen niet.
1512 2545 2413 2622 straathondjes dan aan menschen denken.
2450 2591 3330 2642 Het laat ons de leegheid, de gemeenbeid zien
1513 2582 2422 2683 De paring heeft, in de meeste gevallen, heel
2429 2611 3335 2694 van het vulgaire zingenot en is in dit opzicht
1513 2630 2418 2714 wat ornstiger gevolgen. Schnitzler is het
2426 2666 3334 2740 juist het tegenovergestelde van menig „roman¬
1518 2677 2413 2751 tragische zorgvuldig uit den weg gegaan,
2428 2707 3333 2789 tiek“ stuk of van de zwoele klucht, waar het
1510 2739 2405 2797 heeft slechts het misselijke, leége, leugen¬
2422 2752 3300 2817 ergste kwaad als een grap wordt voorgesteld.
1514 2780 2422 2850 achtige, mercantile het licht willen
2484 2781 3328 2859 Van cen hartverheffend schouwspel heeft
1525 2828 2421 2896 stellen van cen daad, d. door zcovele dich¬
2430 2845 3331 2905 Reigen echter niets! We worden op de meest
1524 2866 2422 2939 ters, tooneelschri,vers en romanciers altijd
2440 2890 3334 2962 artistieke manier, hals over kop, in cen mod¬
1517 2913 2427 2991 maar door is voorgesteld als, dan toch min¬
2430 2949 3336 3018 derbad gesmeten. Maar er is immers modder
1511 2953 2434 3030 stens cen begin of dlot. In Reigen is die
2429 2988 2797 3064 met radium erin!
1518 2998 2426 3081 daad teruggebracht tou con physiologische
3156 3011 3305 3102 1.
1520 3051 2423 3136 functie, waarop terstond voor een der
1529 3100 2424 3166 partijen of voor allebei de ontgeocheling
2438 3100 3341 3175 Het schilderij van Le Fauconnier, onlangs
1525 3156 2424 3217 volgt, zo0 er al begoocheling is geweest.
2438 3155 3341 3240 door den minister van Schoone Kunsten
1533 3187 2426 3262 Reigen vertoont ecn serio van tien paar
2439 3206 3341 3278 van Frankrijk aangekocht, is dezer dagen
1533 3246 2424 3298 menschen, die voor enkele minuten ver¬
1538 3272 3071 3352 cenigd ziin, maar wier zielen volkomen in het Luxembourg geplaatst.
1541 3329 2442 3409 vreemd van elkander blijven en zullen bliy¬
2470 3323 3344 3402 De directie van de Kunstzaal Pictura al¬
3334 3337 3428 3417 er
1545 3369 2434 3436 ven. Niet cens felle begeerte drifft die
2452 3380 3353 3445 hier bereidt voor een tentoonstelling van
1542 3411 2436 3498 stumperds tot elkander. De éen west niet
2450 3417 3446 3495 beelhouwwerk door mej. C. Rueb (22 Sep- g0d
1535 3466 2442 3541 meer hoe hij gekomen is bij het meisje „van
2445 3465 3445 3544 tember—13 October a.s.), mw. Cottrau # #
1545 3506 2442 3587 de vlakte“ en wat er bij haar thuis precics
2457 3509 3447 3588 (voorjaar 1923) en van werk door verschil-feyg
3303 3554 3440 3620 * 1
1550 3557 2443 3616 voorgevallen is; de ander wil het kamer¬
2453 3567 3128 3630 lende beeldhouwers (Juni 1923).
3282 3582 3458 3661 1et Jn.
1544 3595 2441 3670 meisje niet meer zien, zoodra hij haar heeft
3284 3620 3430 3706 # dhr
1548 3647 2457 3724 omhelsd, weer een ander heeft slechts cen
1539 3688 2440 3765 venimige opmerking over voor de „fat¬
2459 3683 3368 3789 FART. DETEÖINTE
1547 3744 2453 3798 soenlijko“ vrouw, die hem in ziin kamer 18
2460 3759 3305 3851 Alle zaken on opdrachten, ook echtse
1548 3787 2452 3854 komen opzocken.,, het is altijd weer de
1557 3822 2454 3890 daad, in haar kleinheid en haar kortston¬
2455 3813 3367 3906 ding. Spreekuur 2—3en 7—8 Obrechtstr.
1552 3871 2453 3942 digheid, die Schnitzler laat zien, met ver¬
3089 3876 3359 3943 (Reclame.
1548 3920 2467 3996 zwijging en wegdoezeling der gevolgen, die
2193 3968 2319 4037 KANF
2449 4006 2503 4074 910
3250 42 3352 101 Lan
3245 84 3354 148 mn0
3244 130 3358 186 d00
3261 447 3373 502 pen
3316 485 3369 536 s0
3256 533 3375 595 gen
3282 932 3385 994 heei
3277 972 3375 1024 dat
3300 1574 3371 1628 21
3298 1607 3399 1666 toch
3292 1642 3404 1705 hem
3299 1688 3396 1752 doo
3290 1737 3397 1790 ren
3295 1771 3409 1834 gevd
3312 2221 3414 2272 loo
3316 2259 3404 2321 lan
3324 2297 3416 2360 hal
3368 2344 3425 2425 a
