<?xml version="1.0" encoding="UTF-8" standalone="yes"?>
<PcGts xmlns="http://schema.primaresearch.org/PAGE/gts/pagecontent/2013-07-15" xmlns:xsi="http://www.w3.org/2001/XMLSchema-instance" xsi:schemaLocation="http://schema.primaresearch.org/PAGE/gts/pagecontent/2013-07-15 http://schema.primaresearch.org/PAGE/gts/pagecontent/2013-07-15/pagecontent.xsd">
    <Metadata>
        <Creator>prov=University of Rostock/Institute of Mathematics/CITlab/Gundram Leifert/gundram.leifert@uni-rostock.de:name=ONB_Newseye_GT_M1+(htr_id=10810)::::v=2.4.2
prov=University of Rostock/Institute of Mathematics/CITlab/Tobias Gruening/tobias.gruening@uni-rostock.de:name=de.uros.citlab.module.baseline2polygon.B2PSeamMultiOriented:v=2.4.2
prov=University of Rostock/Institute of Mathematics/CITlab/Tobias Gruening/tobias.gruening@uni-rostock.de:name=/mnt/transkribus/LA/DEA/URO/LA_news_onb_att.pb:de.uros.citlab.segmentation.CITlab_LA_ML:v=2.4.2
Transkribus</Creator>
        <Created>2019-10-07T11:20:51.718+02:00</Created>
        <LastChange>2019-10-08T06:43:12.465+02:00</LastChange>
        <TranskribusMetadata docId="223968" pageId="9497909" pageNr="344" tsid="16504478" status="IN_PROGRESS" userId="40391" imgUrl="https://files.transkribus.eu/Get?id=IIEYZOQWRRENQLJHLMBUGEBT&amp;fileType=view" xmlUrl="https://files.transkribus.eu/Get?id=NGHVOTEPAPWAQFEZHIQMMPNU" imageId="6188135"/>
    </Metadata>
    <Page imageFilename="223968_0344.jpeg" imageWidth="3436" imageHeight="4384">
        <ReadingOrder>
            <OrderedGroup id="ro_1711439748545" caption="Regions reading order">
                <RegionRefIndexed index="0" regionRef="r1"/>
                <RegionRefIndexed index="1" regionRef="r2"/>
            </OrderedGroup>
        </ReadingOrder>
        <TextRegion orientation="0.0" id="r1" custom="readingOrder {index:0;}">
            <Coords points="246,118 246,290 1133,290 1133,118"/>
            <TextLine id="r1l1" custom="readingOrder {index:0;}">
                <Coords points="238,224 534,269 924,267 1141,240 1142,180 930,159 667,191 512,164 409,212 336,171 238,186"/>
                <Baseline points="246,218 290,223 334,227 379,231 423,234 467,236 512,237 556,238 600,239 645,239 689,240 733,240 778,239 822,239 866,239 911,239 955,239 999,239 1044,239 1088,239 1133,240"/>
                <TextEquiv>
                    <Unicode>20. Zuischensniel</Unicode>
                </TextEquiv>
            </TextLine>
            <TextEquiv>
                <Unicode>20. Zuischensniel</Unicode>
            </TextEquiv>
        </TextRegion>
        <TextRegion orientation="0.0" id="r2" custom="readingOrder {index:1;}">
            <Coords points="1193,192 1193,4184 2391,4184 2391,192"/>
            <TextLine id="r2l1" custom="readingOrder {index:0;}">
                <Coords points="1312,237 1395,238 1426,259 1476,237 1627,225 1763,238 1763,181 1679,152 1645,168 1555,165 1501,200 1467,181 1386,187 1345,158 1312,159"/>
                <Baseline points="1319,222 1344,221 1370,221 1395,221 1421,221 1447,221 1472,222 1498,222 1524,223 1549,223 1575,223 1601,223 1626,223 1652,223 1678,222 1703,221 1729,220 1755,218"/>
                <TextEquiv>
                    <Unicode>box 25/3</Unicode>
                </TextEquiv>
            </TextLine>
            <TextLine id="r2l2" custom="readingOrder {index:1;}">
                <Coords points="1270,634 1330,647 1360,629 1414,640 1473,620 1498,637 1528,633 1551,609 1574,614 1567,531 1458,553 1437,579 1424,568 1389,572 1344,551 1319,553 1266,589"/>
                <Baseline points="1278,633 1304,630 1330,627 1356,625 1382,624 1408,622 1435,620 1461,618 1487,616 1513,613 1539,610 1566,605"/>
                <TextEquiv>
                    <Unicode></Unicode>
                </TextEquiv>
            </TextLine>
            <TextLine id="r2l3" custom="readingOrder {index:2;}">
                <Coords points="1902,651 1956,665 1972,655 1986,668 2111,664 2127,653 2142,666 2161,653 2240,664 2239,574 2144,599 2026,595 1949,564 1926,588 1901,582"/>
                <Baseline points="1909,634 1936,632 1963,632 1990,631 2017,631 2044,631 2071,632 2098,632 2125,632 2152,631 2179,630 2206,629 2233,627"/>
                <TextEquiv>
                    <Unicode>Telerhon 1280</Unicode>
                </TextEquiv>
            </TextLine>
            <TextLine id="r2l4" custom="readingOrder {index:3;}">
                <Coords points="1356,785 1410,814 2029,791 2092,776 2089,671 1865,682 1813,660 1727,690 1624,665 1554,694 1447,684 1355,735"/>
                <Baseline points="1364,798 1400,795 1436,791 1472,788 1508,786 1544,785 1580,783 1616,782 1652,780 1688,780 1724,779 1760,779 1796,778 1832,778 1868,778 1904,777 1940,776 1976,775 2012,774 2048,773 2084,771"/>
                <TextEquiv>
                    <Unicode>„OBSERVER“</Unicode>
                </TextEquiv>
            </TextLine>
            <TextLine id="r2l5" custom="readingOrder {index:4;}">
                <Coords points="1186,852 1329,882 1435,849 2291,841 2289,778 2229,769 2122,803 2077,774 2025,805 1185,815"/>
                <Baseline points="1193,854 1247,851 1302,849 1356,847 1411,846 1465,844 1520,843 1574,842 1629,841 1683,840 1738,839 1792,838 1847,837 1901,836 1956,835 2010,834 2065,832 2119,830 2174,828 2228,825 2283,822"/>
                <TextEquiv>
                    <Unicode> I. österr. behördl. konz. Unternehmen für Zeitungs-Ausscheitte</Unicode>
                </TextEquiv>
            </TextLine>
            <TextLine id="r2l6" custom="readingOrder {index:5;}">
                <Coords points="1386,939 1770,901 1896,934 1946,903 2111,912 2110,871 2023,865 1987,836 1918,863 1859,840 1805,868 1707,842 1633,868 1544,845 1384,864"/>
                <Baseline points="1393,907 1428,907 1464,907 1499,907 1535,907 1570,907 1606,907 1641,906 1677,906 1712,905 1748,905 1783,904 1819,903 1854,902 1890,901 1925,900 1961,899 1996,897 2032,896 2067,894 2103,893"/>
                <TextEquiv>
                    <Unicode>Wien, I., Concordiaplatz 4.</Unicode>
                </TextEquiv>
            </TextLine>
            <TextLine id="r2l7" custom="readingOrder {index:6;}">
                <Coords points="1595,952 1639,974 1682,968 1702,979 1729,964 1825,974 1886,953 1907,961 1907,933 1852,929 1842,918 1817,935 1751,925 1711,934 1637,910 1595,918"/>
                <Baseline points="1603,961 1629,960 1656,960 1683,960 1710,960 1737,961 1764,961 1791,961 1818,961 1845,960 1872,959 1899,956"/>
                <TextEquiv>
                    <Unicode>Vertretungen</Unicode>
                </TextEquiv>
            </TextLine>
            <TextLine id="r2l8" custom="readingOrder {index:7;}">
                <Coords points="1209,1028 2301,1001 2220,948 1709,981 1208,960"/>
                <Baseline points="1216,1018 1269,1017 1323,1016 1377,1015 1431,1014 1485,1013 1539,1012 1592,1011 1646,1010 1700,1009 1754,1008 1808,1006 1862,1005 1916,1004 1969,1003 2023,1001 2077,1000 2131,999 2185,998 2239,997 2293,996"/>
                <TextEquiv>
                    <Unicode>in Berlin, Budapest, Chicago, Christiania, Genf, Kopenhagen,</Unicode>
                </TextEquiv>
            </TextLine>
            <TextLine id="r2l9" custom="readingOrder {index:8;}">
                <Coords points="1197,1080 2138,1062 2281,1052 2298,1019 1195,1019"/>
                <Baseline points="1203,1058 1257,1057 1311,1056 1366,1055 1420,1053 1475,1052 1529,1051 1583,1050 1638,1049 1692,1047 1747,1046 1801,1045 1855,1044 1910,1043 1964,1042 2019,1041 2073,1040 2127,1040 2182,1039 2236,1039 2291,1038"/>
                <TextEquiv>
                    <Unicode>London, Madrid, Mailand, Minneapolis, New-Vork. Paris, Rum,</Unicode>
                </TextEquiv>
            </TextLine>
            <TextLine id="r2l10" custom="readingOrder {index:9;}">
                <Coords points="1361,1094 1527,1115 1557,1091 1791,1100 1914,1077 1978,1118 2128,1091 2127,1049 2031,1042 1361,1058"/>
                <Baseline points="1369,1094 1406,1093 1444,1091 1481,1088 1519,1087 1557,1086 1594,1085 1632,1084 1669,1083 1707,1083 1745,1082 1782,1082 1820,1081 1857,1080 1895,1080 1933,1080 1970,1079 2008,1079 2045,1078 2083,1077 2121,1077"/>
                <TextEquiv>
                    <Unicode>San Francisco, Stockholm, St. Petersburg.</Unicode>
                </TextEquiv>
            </TextLine>
            <TextLine id="r2l11" custom="readingOrder {index:10;}">
                <Coords points="1539,1120 1594,1154 1638,1127 1675,1126 1730,1162 1767,1125 1929,1134 1970,1119 1970,1096 1878,1085 1718,1103 1538,1094"/>
                <Baseline points="1547,1129 1573,1128 1599,1128 1625,1127 1651,1126 1677,1125 1703,1123 1729,1123 1755,1121 1781,1120 1807,1119 1833,1119 1859,1118 1885,1118 1911,1118 1937,1119 1963,1120"/>
                <TextEquiv>
                    <Unicode>(Quellenangahe ohne Gewühr.)</Unicode>
                </TextEquiv>
            </TextLine>
            <TextLine id="r2l12" custom="readingOrder {index:11;}">
                <Coords points="1208,1226 2339,1194 2399,1170 2397,1118 1777,1124 1732,1162 1207,1196"/>
                <Baseline points="1215,1219 1273,1216 1332,1214 1391,1211 1450,1209 1509,1207 1567,1205 1626,1203 1685,1201 1744,1199 1803,1197 1861,1195 1920,1194 1979,1191 2038,1190 2097,1188 2155,1185 2214,1183 2273,1181 2332,1179 2391,1176"/>
                <TextEquiv>
                    <Unicode>Ausschnitt ans: Melatteler Sidac</Unicode>
                </TextEquiv>
            </TextLine>
            <TextLine id="r2l13" custom="readingOrder {index:12;}">
                <Coords points="1839,1278 1847,1280 1869,1266 1879,1268 1887,1227 1877,1225 1873,1228 1869,1225 1860,1231 1849,1228"/>
                <Baseline points="1846,1285 1867,1289"/>
                <TextEquiv>
                    <Unicode></Unicode>
                </TextEquiv>
            </TextLine>
            <TextLine id="r2l14" custom="readingOrder {index:13;}">
                <Coords points="1761,1300 1770,1300 1803,1278 1810,1280 1818,1233 1791,1233 1789,1230 1786,1231 1781,1227 1773,1226"/>
                <Baseline points="1769,1296 1800,1301"/>
                <TextEquiv>
                    <Unicode>2</Unicode>
                </TextEquiv>
            </TextLine>
            <TextLine id="r2l15" custom="readingOrder {index:14;}">
                <Coords points="1429,1351 1540,1359 1622,1299 1664,1314 1693,1309 1707,1302 1699,1244 1664,1248 1635,1232 1605,1250 1572,1241 1525,1288 1476,1284 1421,1298"/>
                <Baseline points="1433,1328 1459,1329 1486,1328 1513,1324 1539,1320 1566,1315 1593,1309 1619,1305 1646,1301 1673,1299 1700,1300"/>
                <TextEquiv>
                    <Unicode></Unicode>
                </TextEquiv>
            </TextLine>
            <TextLine id="r2l16" custom="readingOrder {index:15;}">
                <Coords points="1218,1307 1232,1309 1251,1325 1261,1319 1270,1326 1319,1320 1376,1323 1378,1276 1350,1279 1337,1270 1322,1269 1289,1279 1269,1265 1236,1278 1219,1272"/>
                <Baseline points="1224,1313 1252,1314 1281,1313 1310,1313 1339,1316 1368,1322"/>
                <TextEquiv>
                    <Unicode>vom:</Unicode>
                </TextEquiv>
            </TextLine>
            <TextLine id="r2l17" custom="readingOrder {index:16;}">
                <Coords points="1247,1454 2003,1434 2001,1359 1809,1411 1738,1375 1685,1394 1499,1367 1288,1396 1245,1379"/>
                <Baseline points="1255,1456 1292,1453 1329,1449 1366,1446 1403,1444 1440,1442 1477,1441 1514,1439 1551,1438 1588,1437 1625,1437 1662,1436 1699,1436 1736,1435 1773,1435 1810,1434 1847,1433 1884,1432 1921,1430 1958,1429 1995,1427"/>
                <TextEquiv>
                    <Unicode>Dr. Amoserent n-G.aof., Meran</Unicode>
                </TextEquiv>
            </TextLine>
            <TextLine id="r2l18" custom="readingOrder {index:17;}">
                <Coords points="1793,1488 1853,1499 1877,1479 1972,1476 2005,1494 2095,1472 2124,1491 2210,1473 2238,1449 2269,1464 2266,1405 2169,1388 2089,1394 2016,1437 1971,1424 1913,1445 1791,1444"/>
                <Baseline points="1800,1485 1825,1482 1851,1480 1876,1478 1902,1477 1928,1476 1953,1476 1979,1475 2004,1475 2030,1475 2056,1474 2081,1473 2107,1472 2132,1471 2158,1469 2184,1467 2209,1464 2235,1461 2261,1455"/>
                <TextEquiv>
                    <Unicode>„Zwischenspiel“</Unicode>
                </TextEquiv>
            </TextLine>
            <TextLine id="r2l19" custom="readingOrder {index:18;}">
                <Coords points="1274,1507 1403,1498 1433,1510 1462,1488 1561,1503 1674,1486 1738,1497 1735,1443 1710,1437 1605,1439 1593,1453 1568,1438 1482,1439 1422,1464 1312,1445 1291,1468 1272,1462"/>
                <Baseline points="1281,1505 1307,1502 1333,1500 1360,1498 1386,1496 1412,1494 1439,1492 1465,1490 1491,1489 1518,1488 1544,1488 1570,1487 1597,1486 1623,1485 1649,1484 1676,1484 1702,1483 1729,1483"/>
                <TextEquiv>
                    <Unicode>Stadttheaker.)</Unicode>
                </TextEquiv>
            </TextLine>
            <TextLine id="r2l20" custom="readingOrder {index:19;}">
                <Coords points="1223,1557 2256,1536 2266,1477 1266,1497 1222,1534"/>
                <Baseline points="1230,1553 1281,1550 1333,1546 1384,1544 1436,1541 1487,1540 1539,1538 1590,1536 1642,1534 1693,1533 1745,1532 1796,1531 1848,1529 1899,1528 1951,1527 2002,1526 2054,1524 2105,1523 2157,1521 2208,1520 2260,1518"/>
                <TextEquiv>
                    <Unicode>Komödie in drei Akten von Arthur Schnitzler.</Unicode>
                </TextEquiv>
            </TextLine>
            <TextLine id="r2l21" custom="readingOrder {index:20;}">
                <Coords points="1218,1604 1627,1619 2003,1578 2157,1607 2288,1559 2288,1528 1217,1561"/>
                <Baseline points="1225,1588 1277,1589 1330,1589 1383,1589 1436,1589 1489,1588 1541,1587 1594,1586 1647,1585 1700,1583 1753,1582 1805,1580 1858,1579 1911,1577 1964,1576 2017,1574 2069,1573 2122,1572 2175,1571 2228,1571 2281,1570"/>
                <TextEquiv>
                    <Unicode>OWek Genius echten, gottbegnadeten Dichtertums</Unicode>
                </TextEquiv>
            </TextLine>
            <TextLine id="r2l22" custom="readingOrder {index:21;}">
                <Coords points="1273,1723 2306,1720 2306,1676 2241,1663 1273,1667"/>
                <Baseline points="1281,1708 1331,1708 1382,1708 1433,1708 1484,1708 1535,1708 1586,1708 1636,1708 1687,1709 1738,1709 1789,1709 1840,1709 1891,1709 1942,1710 1992,1710 2043,1710 2094,1711 2145,1711 2196,1712 2247,1713 2298,1714"/>
                <TextEquiv>
                    <Unicode>ist in dieser „Komödie“ über unsere Bretter ge¬</Unicode>
                </TextEquiv>
            </TextLine>
            <TextLine id="r2l23" custom="readingOrder {index:22;}">
                <Coords points="1275,1778 2315,1776 2297,1727 2219,1718 1275,1723"/>
                <Baseline points="1282,1759 1333,1760 1384,1761 1435,1761 1487,1762 1538,1762 1589,1763 1641,1763 1692,1763 1743,1764 1795,1764 1846,1764 1897,1764 1948,1764 2000,1764 2051,1764 2102,1764 2154,1764 2205,1764 2256,1764 2308,1763"/>
                <TextEquiv>
                    <Unicode>schritten und hat verständnisvollen Freunden</Unicode>
                </TextEquiv>
            </TextLine>
            <TextLine id="r2l24" custom="readingOrder {index:23;}">
                <Coords points="1270,1807 2248,1829 2313,1777 1270,1781"/>
                <Baseline points="1277,1807 1328,1807 1379,1808 1431,1809 1482,1809 1534,1810 1585,1811 1637,1811 1688,1812 1740,1812 1791,1813 1842,1813 1894,1813 1945,1813 1997,1813 2048,1813 2100,1812 2151,1812 2203,1811 2254,1810 2306,1809"/>
                <TextEquiv>
                    <Unicode>dramatischer Kunst einen nicht alltäglichen Ge¬</Unicode>
                </TextEquiv>
            </TextLine>
            <TextLine id="r2l25" custom="readingOrder {index:24;}">
                <Coords points="1279,1868 2263,1874 2319,1865 2319,1808 1279,1824"/>
                <Baseline points="1286,1857 1337,1857 1388,1858 1439,1859 1491,1859 1542,1860 1593,1861 1645,1862 1696,1862 1747,1863 1799,1864 1850,1864 1901,1864 1952,1864 2004,1864 2055,1863 2106,1863 2158,1862 2209,1860 2260,1858 2312,1856"/>
                <TextEquiv>
                    <Unicode>nuß bereitet. Man mag über das hier auf¬</Unicode>
                </TextEquiv>
            </TextLine>
            <TextLine id="r2l26" custom="readingOrder {index:25;}">
                <Coords points="1271,1918 2310,1901 2179,1861 1271,1875"/>
                <Baseline points="1278,1912 1329,1910 1380,1909 1431,1908 1482,1908 1534,1908 1585,1907 1636,1908 1687,1908 1738,1908 1790,1908 1841,1909 1892,1909 1943,1909 1994,1910 2046,1910 2097,1910 2148,1910 2199,1909 2250,1909 2302,1908"/>
                <TextEquiv>
                    <Unicode>gerollte Problem und über die von Schnitzler ver¬</Unicode>
                </TextEquiv>
            </TextLine>
            <TextLine id="r2l27" custom="readingOrder {index:26;}">
                <Coords points="1281,1963 2303,1962 2303,1927 2228,1910 1281,1925"/>
                <Baseline points="1288,1958 1338,1958 1388,1959 1439,1960 1489,1960 1540,1960 1590,1960 1640,1960 1691,1960 1741,1960 1792,1960 1842,1960 1892,1960 1943,1959 1993,1959 2044,1959 2094,1959 2144,1959 2195,1960 2245,1960 2296,1960"/>
                <TextEquiv>
                    <Unicode>suchte „Lösung“, soweit von einer solchen über¬</Unicode>
                </TextEquiv>
            </TextLine>
            <TextLine id="r2l28" custom="readingOrder {index:27;}">
                <Coords points="1278,2002 2310,2026 2310,1975 2160,1962 1279,1968"/>
                <Baseline points="1285,2004 1335,2005 1386,2006 1437,2007 1488,2008 1539,2008 1590,2008 1640,2008 1691,2008 1742,2007 1793,2007 1844,2007 1895,2007 1946,2007 1996,2007 2047,2008 2098,2009 2149,2009 2200,2011 2251,2013 2302,2015"/>
                <TextEquiv>
                    <Unicode>haupt gesprochen werden kann, welcher Meinung</Unicode>
                </TextEquiv>
            </TextLine>
            <TextLine id="r2l29" custom="readingOrder {index:28;}">
                <Coords points="1277,2057 2313,2050 2244,2015 1278,2001"/>
                <Baseline points="1284,2051 1335,2052 1386,2053 1437,2054 1488,2055 1539,2056 1590,2056 1641,2056 1692,2057 1743,2057 1794,2057 1845,2057 1896,2057 1947,2057 1998,2057 2049,2058 2100,2058 2151,2059 2202,2059 2253,2060 2305,2061"/>
                <TextEquiv>
                    <Unicode>immer sein, das jedoch kann nicht gut bestritten</Unicode>
                </TextEquiv>
            </TextLine>
            <TextLine id="r2l30" custom="readingOrder {index:29;}">
                <Coords points="1261,2086 1393,2121 2147,2125 2262,2122 2299,2080 1261,2060"/>
                <Baseline points="1269,2099 1320,2100 1371,2102 1422,2103 1473,2104 1524,2105 1575,2106 1626,2106 1677,2107 1728,2107 1780,2107 1831,2107 1882,2107 1933,2107 1984,2107 2035,2107 2086,2107 2137,2108 2188,2108 2239,2108 2291,2108"/>
                <TextEquiv>
                    <Unicode>werden, daß an geistreichem, gehaltvollem Dia¬</Unicode>
                </TextEquiv>
            </TextLine>
            <TextLine id="r2l31" custom="readingOrder {index:30;}">
                <Coords points="1262,2153 2316,2157 2185,2107 1263,2122"/>
                <Baseline points="1270,2149 1324,2149 1379,2150 1434,2151 1488,2152 1543,2152 1598,2153 1652,2154 1707,2154 1762,2155 1816,2156 1871,2156 1926,2156 1980,2157 2035,2157 2090,2157 2144,2157 2199,2157 2254,2156 2309,2156"/>
                <TextEquiv>
                    <Unicode>log und an vielen technischen Feinheiten uns hier</Unicode>
                </TextEquiv>
            </TextLine>
            <TextLine id="r2l32" custom="readingOrder {index:31;}">
                <Coords points="1259,2219 2315,2220 2315,2175 2243,2162 1259,2154"/>
                <Baseline points="1266,2202 1318,2202 1370,2202 1422,2201 1474,2201 1526,2202 1578,2202 1630,2202 1682,2202 1734,2203 1787,2204 1839,2204 1891,2205 1943,2206 1995,2206 2047,2207 2099,2207 2151,2208 2203,2208 2255,2209 2308,2209"/>
                <TextEquiv>
                    <Unicode>das Werk eines echten Dichters vorgeführt wird,</Unicode>
                </TextEquiv>
            </TextLine>
            <TextLine id="r2l33" custom="readingOrder {index:32;}">
                <Coords points="1249,2268 2331,2276 2322,2207 1250,2212"/>
                <Baseline points="1256,2250 1309,2252 1362,2253 1416,2253 1469,2254 1523,2255 1576,2255 1629,2255 1683,2256 1736,2256 1790,2256 1843,2256 1896,2256 1950,2256 2003,2256 2057,2256 2110,2256 2163,2257 2217,2257 2270,2258 2324,2259"/>
                <TextEquiv>
                    <Unicode>der seinen Weg geht, sich herzlich wenig um</Unicode>
                </TextEquiv>
            </TextLine>
            <TextLine id="r2l34" custom="readingOrder {index:33;}">
                <Coords points="1255,2294 2302,2329 2312,2267 1255,2275"/>
                <Baseline points="1262,2302 1314,2301 1366,2300 1418,2300 1470,2300 1522,2300 1574,2300 1626,2301 1678,2301 1730,2302 1783,2303 1835,2304 1887,2305 1939,2306 1991,2307 2043,2307 2095,2308 2147,2309 2199,2309 2251,2309 2304,2309"/>
                <TextEquiv>
                    <Unicode>die Schablone und ihre Nachtreter kümmert und</Unicode>
                </TextEquiv>
            </TextLine>
            <TextLine id="r2l35" custom="readingOrder {index:34;}">
                <Coords points="1263,2359 2311,2354 2311,2326 2197,2307 1264,2294"/>
                <Baseline points="1270,2349 1321,2349 1373,2348 1424,2348 1476,2348 1528,2348 1579,2349 1631,2349 1683,2350 1734,2350 1786,2351 1838,2352 1889,2352 1941,2353 1993,2354 2044,2355 2096,2356 2148,2356 2199,2357 2251,2358 2303,2358"/>
                <TextEquiv>
                    <Unicode>diese in höchst zutreffender und amüsanter Weise</Unicode>
                </TextEquiv>
            </TextLine>
            <TextLine id="r2l36" custom="readingOrder {index:35;}">
                <Coords points="1269,2399 2309,2413 2309,2373 2152,2355 1270,2350"/>
                <Baseline points="1276,2392 1327,2394 1378,2395 1429,2396 1481,2397 1532,2398 1583,2399 1634,2399 1686,2400 1737,2401 1788,2402 1839,2403 1891,2403 1942,2404 1993,2405 2044,2405 2096,2406 2147,2407 2198,2407 2249,2408 2301,2409"/>
                <TextEquiv>
                    <Unicode>zu geißeln versteht. Ein poetisches Stimmungs¬</Unicode>
                </TextEquiv>
            </TextLine>
            <TextLine id="r2l37" custom="readingOrder {index:36;}">
                <Coords points="1266,2444 2146,2480 2300,2459 2301,2425 1267,2407"/>
                <Baseline points="1273,2441 1324,2443 1375,2445 1426,2447 1477,2448 1528,2449 1579,2450 1630,2450 1681,2451 1732,2451 1783,2452 1834,2452 1885,2452 1936,2453 1987,2453 2038,2454 2089,2455 2140,2456 2191,2457 2242,2460 2293,2461"/>
                <TextEquiv>
                    <Unicode>bild von ganz hervorragender Feinheit, das den</Unicode>
                </TextEquiv>
            </TextLine>
            <TextLine id="r2l38" custom="readingOrder {index:37;}">
                <Coords points="1350,2507 2296,2508 2296,2470 2186,2455 2142,2477 1351,2447"/>
                <Baseline points="1357,2498 1403,2497 1450,2497 1496,2497 1543,2497 1589,2497 1636,2498 1682,2499 1729,2500 1775,2500 1822,2501 1869,2502 1915,2504 1962,2504 2008,2505 2055,2506 2101,2506 2148,2507 2194,2507 2241,2507 2288,2506"/>
                <TextEquiv>
                    <Unicode>ständnisvollen Zuhörer ganz in seinen Bann</Unicode>
                </TextEquiv>
            </TextLine>
            <TextLine id="r2l39" custom="readingOrder {index:38;}">
                <Coords points="1350,2556 2306,2572 2307,2521 2225,2509 1351,2506"/>
                <Baseline points="1358,2543 1405,2544 1452,2546 1499,2547 1546,2548 1593,2549 1640,2550 1687,2551 1734,2551 1781,2552 1828,2552 1875,2553 1922,2553 1969,2553 2016,2554 2063,2554 2110,2555 2157,2555 2204,2556 2251,2557 2299,2558"/>
                <TextEquiv>
                    <Unicode>ngt und bei dem jede Störung der Illusion</Unicode>
                </TextEquiv>
            </TextLine>
            <TextLine id="r2l40" custom="readingOrder {index:39;}">
                <Coords points="1360,2597 2305,2603 2305,2569 2139,2578 2086,2550 1361,2553"/>
                <Baseline points="1368,2589 1414,2592 1460,2593 1507,2595 1553,2597 1600,2598 1646,2599 1693,2600 1739,2600 1786,2601 1832,2601 1878,2602 1925,2602 1971,2602 2018,2602 2064,2603 2111,2603 2157,2603 2204,2604 2250,2604 2297,2605"/>
                <TextEquiv>
                    <Unicode>nders arg empfunden wird. Deshalb würde</Unicode>
                </TextEquiv>
            </TextLine>
            <TextLine id="r2l41" custom="readingOrder {index:40;}">
                <Coords points="1354,2657 2303,2652 2303,2621 2255,2606 1355,2595"/>
                <Baseline points="1362,2641 1408,2642 1455,2642 1502,2643 1548,2644 1595,2644 1642,2645 1688,2646 1735,2647 1782,2647 1829,2648 1875,2649 1922,2649 1969,2650 2015,2650 2062,2651 2109,2652 2155,2652 2202,2653 2249,2653 2296,2653"/>
                <TextEquiv>
                    <Unicode>sich bei einer nochmaligen Aufführung sehr</Unicode>
                </TextEquiv>
            </TextLine>
            <TextLine id="r2l42" custom="readingOrder {index:41;}">
                <Coords points="1259,2694 2305,2696 2305,2667 2193,2654 1259,2661"/>
                <Baseline points="1267,2698 1318,2697 1370,2696 1421,2695 1473,2695 1524,2695 1576,2695 1627,2695 1679,2696 1730,2696 1782,2697 1834,2698 1885,2698 1937,2699 1988,2700 2040,2700 2091,2701 2143,2701 2194,2701 2246,2701 2298,2701"/>
                <TextEquiv>
                    <Unicode>empfehlen, daß die Darsteller den Applaus an</Unicode>
                </TextEquiv>
            </TextLine>
            <TextLine id="r2l43" custom="readingOrder {index:42;}">
                <Coords points="1258,2748 2135,2769 2295,2746 2296,2705 1258,2710"/>
                <Baseline points="1266,2743 1317,2743 1368,2743 1419,2743 1470,2743 1521,2744 1572,2744 1623,2745 1674,2746 1725,2746 1777,2747 1828,2748 1879,2748 1930,2749 1981,2750 2032,2750 2083,2750 2134,2750 2185,2750 2236,2750 2288,2749"/>
                <TextEquiv>
                    <Unicode>den Aktschlüssen in durchaus unveränderter Stel¬</Unicode>
                </TextEquiv>
            </TextLine>
            <TextLine id="r2l44" custom="readingOrder {index:43;}">
                <Coords points="1253,2774 1480,2818 2301,2797 2244,2751 1254,2750"/>
                <Baseline points="1261,2792 1312,2792 1364,2792 1415,2792 1467,2792 1519,2792 1570,2792 1622,2792 1674,2793 1725,2793 1777,2793 1829,2794 1880,2794 1932,2795 1984,2795 2035,2796 2087,2797 2139,2798 2190,2799 2242,2800 2294,2802"/>
                <TextEquiv>
                    <Unicode>lung der letzten Szenen entgegennehmen würden.</Unicode>
                </TextEquiv>
            </TextLine>
            <TextLine id="r2l45" custom="readingOrder {index:44;}">
                <Coords points="1263,2843 2299,2846 2299,2799 1264,2794"/>
                <Baseline points="1271,2840 1322,2840 1373,2841 1424,2842 1475,2842 1526,2842 1577,2843 1628,2843 1679,2844 1730,2844 1781,2845 1832,2845 1883,2846 1934,2846 1985,2847 2036,2848 2087,2848 2138,2849 2189,2850 2240,2850 2292,2851"/>
                <TextEquiv>
                    <Unicode>Schnitzler rollt das schon socoft behandelte Thema</Unicode>
                </TextEquiv>
            </TextLine>
            <TextLine id="r2l46" custom="readingOrder {index:45;}">
                <Coords points="1248,2918 2266,2915 2303,2906 2303,2855 1248,2862"/>
                <Baseline points="1255,2892 1307,2891 1359,2891 1411,2891 1463,2892 1515,2892 1567,2892 1619,2892 1671,2892 1723,2893 1775,2893 1827,2893 1879,2894 1931,2894 1983,2895 2035,2895 2087,2895 2139,2896 2191,2896 2243,2897 2296,2897"/>
                <TextEquiv>
                    <Unicode>auf, ob Personen verschiedenen Geschlechtes einen</Unicode>
                </TextEquiv>
            </TextLine>
            <TextLine id="r2l47" custom="readingOrder {index:46;}">
                <Coords points="1249,2944 1655,2967 2087,2937 2307,2974 2307,2913 2163,2892 1249,2931"/>
                <Baseline points="1257,2948 1309,2947 1361,2946 1413,2945 1465,2944 1517,2943 1569,2943 1622,2942 1674,2942 1726,2941 1778,2941 1830,2941 1882,2941 1934,2942 1987,2942 2039,2943 2091,2944 2143,2945 2195,2946 2247,2948 2300,2950"/>
                <TextEquiv>
                    <Unicode>reinen Freundschaftsbund miteinander schließen</Unicode>
                </TextEquiv>
            </TextLine>
            <TextLine id="r2l48" custom="readingOrder {index:47;}">
                <Coords points="1250,2999 1859,3008 1923,2980 2125,3011 2301,2965 1249,2947"/>
                <Baseline points="1257,2994 1308,2994 1360,2994 1412,2993 1464,2993 1516,2993 1568,2992 1619,2992 1671,2991 1723,2991 1775,2991 1827,2990 1879,2990 1931,2990 1982,2989 2034,2989 2086,2989 2138,2989 2190,2990 2242,2990 2294,2991"/>
                <TextEquiv>
                    <Unicode>können, der jede geschlechtliche Beziehung aus¬</Unicode>
                </TextEquiv>
            </TextLine>
            <TextLine id="r2l49" custom="readingOrder {index:48;}">
                <Coords points="1262,3058 1449,3026 1483,3056 2224,3049 2299,3028 2299,2992 1262,2998"/>
                <Baseline points="1269,3046 1320,3045 1371,3044 1422,3043 1473,3043 1524,3042 1575,3042 1627,3042 1678,3041 1729,3041 1780,3041 1831,3041 1882,3041 1933,3041 1985,3041 2036,3040 2087,3040 2138,3040 2189,3040 2240,3039 2292,3039"/>
                <TextEquiv>
                    <Unicode>schließt. Hier nur noch verschärft oder wenn</Unicode>
                </TextEquiv>
            </TextLine>
            <TextLine id="r2l50" custom="readingOrder {index:49;}">
                <Coords points="1254,3113 1794,3082 2280,3104 2297,3049 1254,3051"/>
                <Baseline points="1262,3091 1313,3090 1364,3090 1416,3089 1467,3089 1519,3089 1570,3088 1621,3088 1673,3087 1724,3087 1776,3087 1827,3087 1878,3086 1930,3086 1981,3087 2033,3087 2084,3087 2135,3088 2187,3088 2238,3090 2290,3091"/>
                <TextEquiv>
                    <Unicode>man will verringert das Problem dadurch, daß</Unicode>
                </TextEquiv>
            </TextLine>
            <TextLine id="r2l51" custom="readingOrder {index:50;}">
                <Coords points="1259,3139 2065,3154 2172,3126 2302,3158 2302,3093 2244,3089 1259,3101"/>
                <Baseline points="1266,3136 1317,3137 1368,3138 1420,3138 1471,3138 1523,3139 1574,3139 1625,3138 1677,3138 1728,3138 1780,3138 1831,3137 1882,3137 1934,3137 1985,3136 2037,3136 2088,3136 2139,3136 2191,3137 2242,3137 2294,3138"/>
                <TextEquiv>
                    <Unicode>es Eheleute sind, die eines guten Tages aufs</Unicode>
                </TextEquiv>
            </TextLine>
            <TextLine id="r2l52" custom="readingOrder {index:51;}">
                <Coords points="1266,3197 2153,3204 2306,3181 2306,3154 1265,3147"/>
                <Baseline points="1273,3192 1324,3191 1375,3191 1426,3191 1478,3190 1529,3190 1580,3190 1632,3189 1683,3189 1734,3188 1786,3188 1837,3188 1888,3187 1939,3187 1991,3186 2042,3186 2093,3186 2145,3186 2196,3185 2247,3185 2299,3185"/>
                <TextEquiv>
                    <Unicode>Platonische sich verlegen und durch gemeinsame</Unicode>
                </TextEquiv>
            </TextLine>
            <TextLine id="r2l53" custom="readingOrder {index:52;}">
                <Coords points="1257,3229 1725,3260 1801,3225 1923,3254 1971,3218 2038,3243 2130,3217 2192,3251 2291,3241 2291,3190 1498,3207 1256,3179"/>
                <Baseline points="1264,3238 1317,3238 1371,3238 1424,3238 1478,3238 1532,3238 1585,3238 1639,3238 1693,3238 1746,3237 1800,3237 1853,3237 1907,3236 1961,3236 2014,3235 2068,3234 2122,3234 2175,3233 2229,3232 2283,3231"/>
                <TextEquiv>
                    <Unicode>künstlerische Interessen einen Bund reiner</Unicode>
                </TextEquiv>
            </TextLine>
            <TextLine id="r2l54" custom="readingOrder {index:53;}">
                <Coords points="1260,3304 2306,3283 2247,3236 1723,3259 1260,3232"/>
                <Baseline points="1267,3286 1318,3286 1370,3285 1421,3285 1473,3285 1525,3285 1576,3285 1628,3285 1679,3285 1731,3285 1783,3285 1834,3285 1886,3285 1937,3285 1989,3285 2041,3285 2092,3285 2144,3285 2195,3285 2247,3285 2299,3284"/>
                <TextEquiv>
                    <Unicode>Freundschaft schließen, der jedem Teil das volle</Unicode>
                </TextEquiv>
            </TextLine>
            <TextLine id="r2l55" custom="readingOrder {index:54;}">
                <Coords points="1264,3334 2162,3349 2300,3333 2300,3288 1264,3292"/>
                <Baseline points="1271,3334 1322,3335 1373,3336 1424,3337 1475,3337 1526,3337 1577,3337 1628,3337 1679,3336 1730,3336 1781,3335 1832,3335 1883,3334 1934,3334 1985,3334 2036,3334 2087,3334 2138,3334 2189,3335 2240,3336 2292,3337"/>
                <TextEquiv>
                    <Unicode>Ausleben nach seinen Neigungen gestattet.</Unicode>
                </TextEquiv>
            </TextLine>
            <TextLine id="r2l56" custom="readingOrder {index:55;}">
                <Coords points="1268,3377 1376,3407 2297,3387 2297,3352 2222,3333 1268,3341"/>
                <Baseline points="1276,3377 1326,3378 1377,3380 1428,3381 1478,3381 1529,3382 1580,3382 1630,3382 1681,3382 1732,3382 1783,3382 1833,3381 1884,3381 1935,3380 1985,3380 2036,3380 2087,3379 2137,3379 2188,3380 2239,3380 2290,3381"/>
                <TextEquiv>
                    <Unicode>Schrankenlose Aufrichtigkeit, wird uns im ersten</Unicode>
                </TextEquiv>
            </TextLine>
            <TextLine id="r2l57" custom="readingOrder {index:56;}">
                <Coords points="1267,3438 2235,3446 2303,3415 1267,3376"/>
                <Baseline points="1275,3428 1326,3429 1377,3430 1428,3431 1479,3432 1530,3432 1581,3433 1632,3433 1683,3433 1734,3433 1785,3433 1836,3433 1887,3433 1938,3433 1989,3432 2040,3432 2091,3432 2142,3432 2193,3432 2244,3432 2295,3433"/>
                <TextEquiv>
                    <Unicode>Akte gleich erzählt, war die Grundlage dieser</Unicode>
                </TextEquiv>
            </TextLine>
            <TextLine id="r2l58" custom="readingOrder {index:57;}">
                <Coords points="1267,3486 2282,3494 2282,3450 2190,3435 1267,3439"/>
                <Baseline points="1275,3480 1325,3480 1375,3481 1425,3481 1475,3481 1525,3481 1575,3481 1625,3481 1675,3481 1725,3481 1775,3481 1825,3481 1875,3482 1925,3482 1975,3482 2025,3481 2075,3481 2125,3481 2175,3481 2225,3481 2275,3481"/>
                <TextEquiv>
                    <Unicode>Musterehe, und diese ermöglicht nun so ohne¬</Unicode>
                </TextEquiv>
            </TextLine>
            <TextLine id="r2l59" custom="readingOrder {index:58;}">
                <Coords points="1254,3518 1327,3552 2284,3544 2298,3493 1362,3502 1253,3467"/>
                <Baseline points="1261,3534 1312,3533 1364,3533 1415,3532 1467,3532 1518,3532 1570,3532 1621,3531 1673,3531 1724,3531 1776,3531 1827,3531 1879,3531 1930,3531 1982,3531 2033,3530 2085,3530 2136,3529 2188,3529 2239,3529 2291,3528"/>
                <TextEquiv>
                    <Unicode>weiters die Umgestaltung. Leider gewinnt man</Unicode>
                </TextEquiv>
            </TextLine>
            <TextLine id="r2l60" custom="readingOrder {index:59;}">
                <Coords points="1258,3582 2298,3589 2298,3549 2224,3533 1258,3553"/>
                <Baseline points="1265,3581 1316,3581 1367,3580 1418,3580 1470,3579 1521,3579 1572,3579 1623,3579 1675,3578 1726,3578 1777,3579 1828,3579 1880,3579 1931,3579 1982,3580 2033,3580 2085,3580 2136,3580 2187,3581 2238,3581 2290,3582"/>
                <TextEquiv>
                    <Unicode>in der großen Szene des ersten Aktes, in der die</Unicode>
                </TextEquiv>
            </TextLine>
            <TextLine id="r2l61" custom="readingOrder {index:60;}">
                <Coords points="1268,3631 2299,3641 2299,3601 2205,3577 1268,3590"/>
                <Baseline points="1275,3629 1325,3629 1376,3630 1427,3630 1478,3630 1529,3630 1579,3630 1630,3630 1681,3630 1732,3630 1783,3629 1833,3629 1884,3629 1935,3629 1986,3629 2037,3629 2087,3629 2138,3630 2189,3631 2240,3632 2291,3633"/>
                <TextEquiv>
                    <Unicode>Auseinandersetzung der beiden Gatten erfolgt, den</Unicode>
                </TextEquiv>
            </TextLine>
            <TextLine id="r2l62" custom="readingOrder {index:61;}">
                <Coords points="1264,3687 2287,3674 2274,3631 1264,3626"/>
                <Baseline points="1271,3678 1321,3678 1371,3679 1422,3679 1472,3679 1523,3680 1573,3680 1623,3679 1674,3679 1724,3679 1775,3679 1825,3678 1875,3678 1926,3678 1976,3678 2027,3678 2077,3678 2127,3678 2178,3678 2228,3678 2279,3678"/>
                <TextEquiv>
                    <Unicode>Eindruck, als wären beide nicht aufrichtig, als</Unicode>
                </TextEquiv>
            </TextLine>
            <TextLine id="r2l63" custom="readingOrder {index:62;}">
                <Coords points="1247,3743 2236,3738 2286,3734 2286,3684 1247,3688"/>
                <Baseline points="1255,3728 1306,3727 1357,3727 1408,3726 1459,3726 1511,3726 1562,3726 1613,3726 1664,3726 1715,3726 1767,3727 1818,3727 1869,3727 1920,3727 1971,3727 2023,3727 2074,3727 2125,3726 2176,3726 2227,3725 2279,3724"/>
                <TextEquiv>
                    <Unicode>liebten sie noch einander und sei es nur etwas</Unicode>
                </TextEquiv>
            </TextLine>
            <TextLine id="r2l64" custom="readingOrder {index:63;}">
                <Coords points="1268,3789 1946,3765 2072,3797 2299,3760 2246,3729 1268,3734"/>
                <Baseline points="1275,3778 1325,3778 1376,3778 1427,3778 1478,3777 1529,3777 1579,3777 1630,3777 1681,3777 1732,3777 1783,3776 1833,3776 1884,3776 1935,3776 1986,3776 2037,3776 2087,3776 2138,3776 2189,3776 2240,3776 2291,3777"/>
                <TextEquiv>
                    <Unicode>Trotz oder Verstimmung, das sie zu diesem</Unicode>
                </TextEquiv>
            </TextLine>
            <TextLine id="r2l65" custom="readingOrder {index:64;}">
                <Coords points="1260,3819 1857,3851 2072,3808 2247,3841 2296,3826 2296,3788 1260,3805"/>
                <Baseline points="1267,3824 1318,3824 1369,3824 1420,3825 1471,3825 1522,3825 1573,3825 1624,3825 1675,3825 1726,3825 1777,3825 1828,3825 1879,3825 1930,3825 1981,3825 2032,3825 2083,3825 2134,3825 2185,3825 2236,3826 2288,3826"/>
                <TextEquiv>
                    <Unicode>etwas unnatürlichen Vertrage führt. Vielleicht</Unicode>
                </TextEquiv>
            </TextLine>
            <TextLine id="r2l66" custom="readingOrder {index:65;}">
                <Coords points="1263,3881 2290,3870 2264,3833 2058,3817 1859,3850 1706,3819 1263,3835"/>
                <Baseline points="1271,3874 1321,3874 1372,3874 1422,3874 1473,3874 1524,3875 1574,3875 1625,3875 1675,3875 1726,3875 1777,3875 1827,3875 1878,3875 1928,3875 1979,3875 2030,3875 2080,3875 2131,3875 2181,3875 2232,3875 2283,3874"/>
                <TextEquiv>
                    <Unicode>lag es in der Darstellung, in der stets etwas</Unicode>
                </TextEquiv>
            </TextLine>
            <TextLine id="r2l67" custom="readingOrder {index:66;}">
                <Coords points="1262,3920 2297,3935 2297,3890 2123,3876 1262,3881"/>
                <Baseline points="1269,3924 1320,3923 1371,3923 1422,3922 1473,3922 1524,3922 1575,3922 1626,3922 1677,3923 1728,3923 1779,3923 1830,3923 1881,3924 1932,3924 1983,3924 2034,3924 2085,3924 2136,3924 2187,3924 2238,3924 2289,3923"/>
                <TextEquiv>
                    <Unicode>verbitterten Miene des Amadeus und den von</Unicode>
                </TextEquiv>
            </TextLine>
            <TextLine id="r2l68" custom="readingOrder {index:67;}">
                <Coords points="1272,3982 2290,3962 2215,3926 1272,3933"/>
                <Baseline points="1279,3972 1329,3972 1379,3972 1429,3973 1479,3973 1530,3973 1580,3973 1630,3973 1680,3973 1730,3973 1781,3973 1831,3973 1881,3973 1931,3973 1981,3972 2032,3972 2082,3972 2132,3972 2182,3972 2232,3972 2283,3973"/>
                <TextEquiv>
                    <Unicode>zahlreichen Seufzern begleiteten Antworten Cä¬</Unicode>
                </TextEquiv>
            </TextLine>
            <TextLine id="r2l69" custom="readingOrder {index:68;}">
                <Coords points="1261,4022 2144,4037 2291,4018 2291,3968 1261,3984"/>
                <Baseline points="1268,4018 1318,4019 1369,4020 1420,4020 1471,4021 1522,4022 1572,4022 1623,4022 1674,4022 1725,4022 1776,4022 1826,4022 1877,4022 1928,4021 1979,4021 2030,4021 2080,4020 2131,4020 2182,4020 2233,4020 2284,4020"/>
                <TextEquiv>
                    <Unicode>ciliens. Keiner von beiden zeigte die nötige Un¬</Unicode>
                </TextEquiv>
            </TextLine>
            <TextLine id="r2l70" custom="readingOrder {index:69;}">
                <Coords points="1254,4084 2244,4079 2287,4074 2287,4037 1254,4038"/>
                <Baseline points="1261,4066 1311,4066 1362,4066 1413,4066 1464,4066 1515,4067 1566,4067 1617,4067 1668,4068 1719,4068 1770,4068 1820,4069 1871,4069 1922,4069 1973,4069 2024,4069 2075,4069 2126,4069 2177,4068 2228,4068 2279,4067"/>
                <TextEquiv>
                    <Unicode>befangenheit, obwohl der Herr Kapellmeister sich,</Unicode>
                </TextEquiv>
            </TextLine>
            <TextLine id="r2l71" custom="readingOrder {index:70;}">
                <Coords points="1260,4123 2284,4138 2294,4070 1260,4085"/>
                <Baseline points="1267,4118 1318,4118 1369,4118 1420,4119 1471,4119 1522,4119 1573,4119 1624,4119 1675,4119 1726,4119 1777,4119 1828,4119 1879,4119 1930,4119 1981,4119 2032,4118 2083,4118 2134,4118 2185,4117 2236,4116 2287,4116"/>
                <TextEquiv>
                    <Unicode>nach seinen Worten, da so erleichtert und höchst</Unicode>
                </TextEquiv>
            </TextLine>
            <TextLine id="r2l72" custom="readingOrder {index:71;}">
                <Coords points="1274,4175 2226,4182 2294,4156 2207,4120 1274,4125"/>
                <Baseline points="1281,4172 1331,4171 1381,4170 1431,4169 1482,4168 1532,4168 1582,4168 1632,4168 1683,4168 1733,4168 1783,4168 1833,4168 1884,4169 1934,4169 1984,4170 2034,4170 2085,4171 2135,4171 2185,4171 2235,4171 2286,4171"/>
                <TextEquiv>
                    <Unicode>selig fühlt. Und wahrlich, eine unheimliche Per¬</Unicode>
                </TextEquiv>
            </TextLine>
            <TextEquiv>
                <Unicode>box 25/3

Telerhon 1280
„OBSERVER“
 I. österr. behördl. konz. Unternehmen für Zeitungs-Ausscheitte
Wien, I., Concordiaplatz 4.
Vertretungen
in Berlin, Budapest, Chicago, Christiania, Genf, Kopenhagen,
London, Madrid, Mailand, Minneapolis, New-Vork. Paris, Rum,
San Francisco, Stockholm, St. Petersburg.
(Quellenangahe ohne Gewühr.)
Ausschnitt ans: Melatteler Sidac

2

vom:
Dr. Amoserent n-G.aof., Meran
„Zwischenspiel“
Stadttheaker.)
Komödie in drei Akten von Arthur Schnitzler.
OWek Genius echten, gottbegnadeten Dichtertums
ist in dieser „Komödie“ über unsere Bretter ge¬
schritten und hat verständnisvollen Freunden
dramatischer Kunst einen nicht alltäglichen Ge¬
nuß bereitet. Man mag über das hier auf¬
gerollte Problem und über die von Schnitzler ver¬
suchte „Lösung“, soweit von einer solchen über¬
haupt gesprochen werden kann, welcher Meinung
immer sein, das jedoch kann nicht gut bestritten
werden, daß an geistreichem, gehaltvollem Dia¬
log und an vielen technischen Feinheiten uns hier
das Werk eines echten Dichters vorgeführt wird,
der seinen Weg geht, sich herzlich wenig um
die Schablone und ihre Nachtreter kümmert und
diese in höchst zutreffender und amüsanter Weise
zu geißeln versteht. Ein poetisches Stimmungs¬
bild von ganz hervorragender Feinheit, das den
ständnisvollen Zuhörer ganz in seinen Bann
ngt und bei dem jede Störung der Illusion
nders arg empfunden wird. Deshalb würde
sich bei einer nochmaligen Aufführung sehr
empfehlen, daß die Darsteller den Applaus an
den Aktschlüssen in durchaus unveränderter Stel¬
lung der letzten Szenen entgegennehmen würden.
Schnitzler rollt das schon socoft behandelte Thema
auf, ob Personen verschiedenen Geschlechtes einen
reinen Freundschaftsbund miteinander schließen
können, der jede geschlechtliche Beziehung aus¬
schließt. Hier nur noch verschärft oder wenn
man will verringert das Problem dadurch, daß
es Eheleute sind, die eines guten Tages aufs
Platonische sich verlegen und durch gemeinsame
künstlerische Interessen einen Bund reiner
Freundschaft schließen, der jedem Teil das volle
Ausleben nach seinen Neigungen gestattet.
Schrankenlose Aufrichtigkeit, wird uns im ersten
Akte gleich erzählt, war die Grundlage dieser
Musterehe, und diese ermöglicht nun so ohne¬
weiters die Umgestaltung. Leider gewinnt man
in der großen Szene des ersten Aktes, in der die
Auseinandersetzung der beiden Gatten erfolgt, den
Eindruck, als wären beide nicht aufrichtig, als
liebten sie noch einander und sei es nur etwas
Trotz oder Verstimmung, das sie zu diesem
etwas unnatürlichen Vertrage führt. Vielleicht
lag es in der Darstellung, in der stets etwas
verbitterten Miene des Amadeus und den von
zahlreichen Seufzern begleiteten Antworten Cä¬
ciliens. Keiner von beiden zeigte die nötige Un¬
befangenheit, obwohl der Herr Kapellmeister sich,
nach seinen Worten, da so erleichtert und höchst
selig fühlt. Und wahrlich, eine unheimliche Per¬</Unicode>
            </TextEquiv>
        </TextRegion>
    </Page>
</PcGts>
