3436 4384
1288 133 1736 214 box 25/1
224 121 1129 233 20. Zuischenspiel
1243 423 1354 502 1
579 451 1715 547 Wien, 9.—14. Oktober. Diese Woche stand im Zeichen
496 525 1721 593 Arthur Schnitzlers. Das Burgtheater, mit dem Schnitzler ein
484 572 1701 642 padr Jährchen geschmollt hatte, führte sein neuestes Werk, die drei¬
487 625 1705 684 aktige Komödie „Zwischenspiel“ auf. Als Uraufführung. Bekannt¬
488 665 1717 730 lich hat Schlenther vor einigen Jahren Schnitzlers „Schleier der
486 718 1716 784 Beatrice" zurückgewiesen. Daher datierte die Feindschaft Schnitzlers.
486 770 1712 817 Nun scheint wieder alles geordnet zu sein. Kehre zurück, alles ver¬
492 816 1714 867 gessen und — aufgeführt. Auch das „Zwischenspiel“. Das hätte
494 867 1714 917 nämlich Schnitzler auf keinen Fall aufführen lassen sollen.
484 918 1716 980 Dieses Werk hat seine einigermaßen berechtigte große literarische
486 964 1709 1016 Stellung stark in Mißkredit gebracht. Bloß um geistreich zu
490 1011 1716 1067 sein, schreibt man kein Drama. Wenigstens ein Arthur Schnitzler
483 1066 1708 1122 darf es nicht tun, der der mit seiner „Liebelei“ so etwas wie
484 1110 1721 1165 ein neues Genre in der Dramatik schuf und uns mit dem
486 1158 1708 1221 „Vermächtnis“ eine ganz bedeutende, freilich viel zu sehr
482 1207 1697 1254 unterschätzte Dichtung und mit den „Lebendigen Stunden“
483 1258 1709 1304 und den Anatolszenen brillante Bühnenwerke gab. Ein Artur
483 1302 1700 1367 Schnitzler muß entweder auf der Bühne ein gewichtiges Pro¬
478 1354 1705 1408 blem zu lösen versuchen, oder er läßt die Sache hübsch sein.
484 1413 1698 1465 Für eine Tändelei ist sein Talent zu groß. Mit dem Zwischen¬
483 1456 1708 1518 spiel ist das nun so eine eigenartige Sache. Wohl hat sich
493 1502 1673 1551 Schnitzler hier an ein der Lösung wertes Problem gewagt —
486 1550 1700 1613 er behandelt eine moderne Künstlerehe mit all ihren Schatten¬
490 1602 1711 1651 seiten — aber er hat es so behandelt, wie es etwa ein
494 1651 1700 1700 Possenautor, der mit den niedrigsten Mätzchen arbeitet, getan
483 1699 1716 1756 hätte. Alles erklügelt, alles ausgetüftelt. Ein Kapellmeister
481 1751 1721 1804 (Kainz), der auch Komponist ist, hat eine sehr hübsche junge
494 1789 1722 1861 Frau (Lotte Witt), die Opernsängerin ist. Angeblich ein Star,
488 1850 1716 1904 eine Primadonna. Sieben Jahre leben sie schon miteinander
483 1894 1722 1939 (oder nebeneinander?), und ein kleiner Junge ist die Frucht
483 1948 1707 1996 dieser glücklichen Ehe. Mit einem Male genügen sie sich nicht.
488 1997 1717 2043 Sie suchen — Zerstreuung. Er zerstreut sich mit einer koketten
482 2043 1716 2093 Gräfin (Frau Kallina), die seine Schülerin ist und sehr schlecht
492 2083 1716 2148 singt, dafür aber in Verführungskünsten gut Bescheid weiß.
485 2145 1716 2196 Sie — des Kapellmeisters Frau — zerstreut sich mit einem
481 2196 1714 2256 jungen und feschen Fürsten (Korff), der wieder gut Walzer
476 2240 1713 2284 spielen soll. Der beiden Zerstreuung ist also gegenseitiger
477 2296 1709 2337 offener Betrug. Pardon. Wie sagt nur Schnitzler: „Wo
481 2339 1715 2410 kein Betrug ist, ist auch keine Lüge.“ Da hätten wir's also.
484 2396 1712 2441 Die beiden haben nämlich eine „Abmachung“ getroffen. Jeder
477 2442 1718 2485 tut, was ihm beliebt, nur sagt er es dann dem anderen Teile,
469 2490 1718 2546 was er „erlebt“ hat. Also eine Ehe, die auf Wahrheit basieren
482 2536 1711 2586 soll. Und was geschieht? Sie geht in Trümmer. All das
473 2586 1708 2645 Glück von ehedem wird dahin. Der Schluß? Es gibt gar
471 2652 1709 2710 keinen. Oder doch. Der Kapellmeister reist ab: Frau Cäcilie
471 2679 1712 2743 bleibt allein zurück. Der Vorhang fällt; es ist zehn Uhr.
462 2741 1710 2800 Was hat Schnitzler getan? Nichts anderes, als uns drei
465 2786 1692 2850 Stunden lang genarrt. Und diejenigen, die es sich nicht ge¬
479 2835 1695 2884 fallen ließen, zischten. Und sie hatten Recht. Die Dialoge
471 2876 1696 2936 waren von einer ermüdenden Länge. Ja, sogar einen Mo¬
475 2935 1696 2984 nolog hat sich Schnitzler geleistet. Die humoristischen Szenen
473 2982 1699 3031 gelangen ihm recht gut. Die Darstellung rettete viel. Genau
468 3028 1683 3083 besehen, war es ein — Achtungserfolg. Ins Deutsche über¬
463 3088 1709 3146 tragen — ein Durchfall. Hoffentlich macht das nächste Werk
463 3135 1703 3186 Schnitzlers, der mir nach wie vor als der sympathischste
459 3190 1703 3239 Dichter Wiens gilt, wieder alles gut. Auch Dichter dürfen
466 3236 1686 3289 irren. Und als einen Irrtum will ich sein „Zwischenspiel“
459 3279 1695 3336 gelten lassen. Hatte Schnitzler also im Burgtheater keinen
466 3325 1693 3374 Erfolg, so war ihm dieser im Deutschen Volkstheater
459 3373 1690 3438 doppelt beschieden, wo man seinen „grünen Kakadu“ (mit
465 3422 1699 3470 Kramer, Birron und Frl. Galafres) und sein „Freiwild“ (mit
465 3471 1690 3531 Jensen und Frl. Erl) ins Repertoire einschob. Ueber die
466 3521 1689 3571 beiden Stücke, die eine treffliche Darstellung fanden, ist sonst
465 3567 1691 3625 nichts zu sagen. Sie sind mir mehr wert, als ein Akt vom
470 3627 1691 3677 „Zwischenspiel“ Mit dem „zerbrochenen Krug“, den das
465 3669 1687 3736 Volkstheater mit dem Schnitzlerischen Einakter brachte, zeigte
464 3726 1690 3784 sich Vallentin als glänzender Regiekünstler, nachdem ihm vor¬
460 3762 1705 3818 her mit. „Rosmersholm“ sein Experiment ein wenig mißglückt
1732 470 2946 534 war. Ueber Henry Lavedaus dreiaktiges, von Alfred Halm
1729 532 2934 593 sorgsam übersetztes Schäuspiel „Der Marquis von Priola“
1728 580 2937 644 dessen Uraufführung im Stadttheater stattfand, möchte ich gerne
1728 619 2948 681 ausführlich sein. Doch heute geht es nicht mehr. In Kürze:
1728 672 2934 733 Ein schlechtes, aber interessantes Stück, eine spannende Don
1737 728 2948 784 Juan=Komödie mit einem paralytischen Helden. Glitzernde,
1735 778 2951 837 geistsprudelnde Dialoge, fein geschliffene Apercus mit wirk¬
1729 825 2938 878 samen Pointen. Salondramatik. Parfümierte Worte, parfü¬
1734 873 2947 923 mierte Frauen. Raffinement in Aufbau und Durchführung.
1733 923 2939 980 Die Titelrolle spielte Hr. Schönfeld als Gast. Einem Gast¬
1731 975 2939 1037 spiel der Pepi Glöckner haben wir im Raimund=Theater
1729 1017 2821 1085 Rudolf Oesterreichers neue Posse „Bediene Dich selbst“.
1726 1068 2944 1122 danken. Inhalt: Frauenemanzipation. Dritter Akt: allgemeine
1732 1119 2944 1189 Heirat. Die humoristische Begabung Oesterreichers habe ich
1734 1162 2945 1219 schon im Vorjahre anerkannt. Auch diesmal schafft er ge¬
1732 1215 2946 1266 lungene komische Situationen. Einlagen helfen immer dort,
1733 1266 2949 1332 wo dem Verfasser der Faden zu reißen droht. Ein großer
1723 1311 2944 1357 Lacherfolg, vielleicht auch ein Kassenstück. Im Theater an
1718 1359 2949 1413 der Wien eine neue Operette: „Vergelt's Gott“ von Leo
1718 1410 2947 1461 Ascher, einem jungen begabten Wiener Komponisten. Originelle
1726 1463 2936 1525 Musik. Text: Viktor Léon. Diesmal gut. Handlung: ge¬
1733 1517 2948 1577 ring, aber unterhaltend. Spielt in Amerika. Treumann, der
1734 1557 2942 1621 vom Carltheater hierher übersiedelt ist, spielte die Hauptpartie.
2607 1603 2912 1683 Rudolf Huppert.
