3436 4352
-10 1622 95 1689 Uhm
-9 1722 94 1819 11
-13 1790 100 1862 rin
-10 1843 104 1909 ove
-23 1898 91 1956 Franz
-9 1938 77 1997 ine
-20 1976 104 2040 ende
-10 2031 96 2089 igen
-13 2067 91 2128 Schr
-11 2112 98 2174 eines
-8 2163 103 2224 chau
-8 2197 103 2262 virki
-9 2241 96 2308 jähe
17 2471 93 2528 chic
1410 195 1888 287 box 25/2
347 179 1270 305 20 Zuischensniel
1315 1553 3353 1669 schon zähmen. Und nun prallen in der scène à faire rühmte Milieuzeichnung. Gewiß sie mutet durchaus echt ###
323 1614 1329 1698 wicklung hat dann nicht seine künstlerischen Wesensseiten
2291 1629 3304 1701 an. Heyermans Beobachtungsgabe bewährt sich auch an
1315 1648 2313 1712 die gegensätzlichen Meinungen aufeinander. Raphael reißt
324 1661 1314 1729 vertieft. Die Zustandsmalerei machte sich immer uner¬
2301 1665 3303 1740 diesem Stosse. Aber es scheint mir fast eine größere
1315 1686 2316 1754 die Mauern des mosaischen Gedankenghettos ein, aber
326 1708 1312 1774 quicklichr breit; das Temperament schrumpfte ein; und
2310 1710 3301 1778 Kunst, das jüdische Milieu zu verfehlen als zu treffen.
1312 1736 2311 1805 er stürmt auch gegen das christliche Ideenschutzzallsystem
328 1751 1318 1843 die leidige Tendenz wurde ihm mehr und mehr Selbst¬
2300 1753 3302 1816 Erinnern wir uns bloß, daß wir ihm in ungezählien
1315 1781 2317 1854 an, um einen höchst nebulosen Pantheismus oder viel¬
2299 1788 3297 1868 Novellen begignet sind, daß der verstorbene Kail Emil
327 1813 493 1877 zweck.
1324 1815 2307 1888 mehr eine auf allgemeine Menschenliebe gegründete Re¬
374 1821 1319 1903 All das spiegelt sich in seinem jüngsten Trauerspiel
2298 1836 3303 1927 Franzos und viele, viele andere Schriftsteller daraus
1306 1868 2304 1950 ligionslosigkeit mit Elan hinauszuschleudern. Ghetto,
329 1886 1320 1957 „Ghetto“ dem zionistische Studenten (mich schaudert!)
2294 1882 3299 1963 eine Spezialität gemacht haben, daß der sklavisch kopie¬
1319 1910 2301 1973 Einengung, Absperrung ist ihm nicht nur der Glaube
325 1932 1319 1996 am Kleinen Theater eine wirerlich spektakulöse Aufnahme
2303 1921 3309 2004 rende Realismus in der jüdischen Nationalliteratur
1308 1953 2306 2028 seiner Väter, sondern auch jener anderen, die ihn ver¬
330 1974 1320 2042 bereiteten. Die jungen Hitzköpfe gebärdeten sich rabiat,
2303 1981 3308 2047 eigentlich längst heimisch war, ehe er das europäische
1317 1998 2308 2063 höhnen oder mißachten, weil er als Jude geboren ist.
332 2000 1319 2091 als ob ihre heiligsten Güter in den Schmutz gezogen
2311 2014 3310 2097 Schrifttum überflutete. Was bleibt da noch das Verdienst
1316 2030 2318 2119 Deshalb nimmt er von seiner Geliebten das hochherzige
331 2062 1317 2129 würden. Und doch galt ihr Lärmen nur einer verwor¬
2306 2067 3304 2137 eines Nachzüglers? Was ist da mit eigenen Augen ge¬
1316 2088 2310 2160 Opfer nicht an, als sie sich aus Mitleid mit dem alten
333 2105 1324 2176 renen, abgestandenen Theateret. Sie schienen besser zu
2304 2101 3310 2183 schaut, was nach der Schablone gestaltet! Es liegt
1318 2131 2305 2196 blinden Manne bereit erklärt, zum Judentum überzu¬
335 2149 1318 2218 wissen als der Autor selbst, was er eigentlich wollte.
2305 2145 3307 2236 wirklich keine Veranlassung vor, dieser Doktorfrage
1315 2179 2318 2245 treien. Mit Schimpf und Schande jagt er sie fort, und
328 2195 1322 2263 Denn sobald er durch den Mund seines Helden seine
2316 2197 3322 2267 näher zu treten, denn der Künstler Heyermans ist uns
1308 2233 2317 2296 er selbst bleibt — bleibt, um womöglich zu guter Letzt
320 2231 1318 2309 neue Heilslehre verkündet, wird er schrecklich geschwollen
2310 2242 3247 2325 seit seinem Erstling immer gleichgültiger geworden.
1323 2256 2210 2349 doch noch die schwarzäugige Rebekka zu heiraten.
327 2275 1325 2351 und — was fast noch schlimmer ist — peinlich unklar.
2355 2287 3311 2360 Wie reich und wie tief ist dagegen die Entwicklung,
1371 2287 2316 2372 Was soll das alles? fragen wir in tiefster Seele
329 2310 1324 2400 Raphael Sachel heißt der junge Mann. Er ist in der
2312 2331 3310 2398 dieArnSc genommen. Zwar schien
1321 2356 2319 2429 uninteressiert. Wozu der Aufwand? Wozu die lang¬
331 2364 1325 2439 stickigen Ladenluft eines Trödelkrams aufgewachsen und
2313 2369 3315 2452 es nach der wündervöllen „Liebelei“, die ihn mit einem
1320 2401 2322 2457 atmigen Tiraden, die tönenden Phrasen? Hab' ich
336 2415 1327 2479 der jahrhundertealten Tradition des starren Judentums
2307 2396 3320 2493 Schlag in die vorderste Reihe rückte, als ob er von den
231 2439 327 2492 s¬
1324 2440 2326 2510 Heyermans recht verstanden — und es ist keineswegs
328 2462 1323 2523 längst entwachsen. Den blinden Vater verachtet er, weil
2307 2457 3312 2535 süßen Wiener Mädeln nicht loskommen könne oder
1321 2486 2319 2558 leicht, sich diesen Bombast zu denten —, so zielt er nicht
338 2495 1336 2568 er betrügt, und sagt ihm das ins Gesicht mit einer Bru¬
2313 2501 3322 2577 wolle. Er schwelgte in Variationen desselben Themas,
233 2526 347 2589 uen
1312 2525 2318 2588 allein auf das orthodoxe Judentum. Sondern er ver¬
338 2546 1325 2611 talität, wie sie jüdischen Kindern im allgemeinen schwer¬
2306 2558 3320 2620 so daß wir fast schon befürchten mußten, das Ikariden¬
238 2564 354 2634 als
1317 2572 2323 2640 wirft gleichermaßen die christliche Religion, die von
338 2588 1332 2656 lich eigen ist. Als echtes, von der Meloncholie gezeich¬
2313 2583 3327 2673 los eines Max Halbe laure auch auf ihn. Aber seitdem
238 2608 351 2666 hert,
1317 2619 2323 2686 ihren Anhängern ebenso unbedingte Unterwürfigkeit ver¬
342 2629 1332 2700 netes jüdisches Kind flüchtet er hinwiederum in seiner
2314 2620 3324 2716 er „nel mezzo del cammin di nostra vita“ angelangt
1323 2665 2313 2731 langt. Er will, daß sich zwei Menschen, die sich lieb
333 2675 1335 2737 Herzensnot ans Grab der Mutter, wo er Blümlein
2312 2665 3325 2762 ist, hat er an subtiler Seelendeutung stäudig gewonnen
234 2616 362 2755 5
1329 2696 2316 2778 haben, auch ohne Gott oder mit einem Gott, wie ihn
337 2726 1319 2794 pflückt. Vater und Tante wollen den seltsamen Schwär¬
2317 2738 3326 2796 und hat in deutschen Landen heute kaum noch einen
1320 2745 2326 2820 keine der beiden Konfessionen kennt, vereinigen. Und
336 2770 1330 2838 mer mit einer Glaubensgenossin verkuppeln, die drei¬
2319 2781 3313 2838 Rivalen. Jetzt droht ihm eine andere Gefahr: daß er
1321 2798 2315 2860 weil das schlichte Dienstmädchen sich nicht zu so ver¬
331 2819 1326 2891 tausend Gulden und eine gediegene Aussteuer in die Ehe
2317 2809 3316 2894 sich in psychologischer Spitzfindigkeit verliere. Der indi¬
1320 2838 2318 2910 stiegener Naturverehrung aufschwingen kann, erhält es
333 2864 1332 2929 mitbringt, um ihn auf diese Weise zu fesseln; er aber
2317 2853 3326 2931 viduelle Fall wird von ihm mit unerreichter individuel¬
1319 2887 2316 2956 kurzerhand den Laufpaß. Der abtrünnige Jude aber sinkt
339 2901 1333 2984 hat sich insgeheim mit der christlichen Magd eingelassen
2315 2897 3325 2981 ler Meisterschaft behasdelt, doch die Nutzanwendung auf
225 2908 352 2988 eben
1320 2921 2322 3001 dadurch zum Prinzipienreiter herab und wird einfach
333 2953 1331 3022 und nennt sie vor Gott seine Frau. Da alles Zureden
2308 2944 3326 3014 das Leben will sich nicht mehr einstellen. Schon sein
1325 2978 2331 3045 lächerlich. Schlimm genug, wenn ein Ausor seinem
227 2996 1328 3062 Vor= nichts bilft, wird schließlich der Herr Rabbiner bemüht:
240 3034 3335 3130 Ent= der wird mit seiner Talmudweisheit den Widerspenstigen! Helden so grausam mitspielt. — Es bleibt die viel ge= vorletztes Drama „Der einsame Weg“, in dem von den
