3436 4384
1333 125 1767 220 box 25/4
260 138 1227 257 20. Zuischensniel
1250 1313 1626 1382 Telephon 12801
740 1390 1446 1534 „OBSERVER‘
558 1508 1664 1588 I. österr. behördl. konz. Unternehmen für Zeitungs-Ausschnitte
755 1575 1488 1663 Wien, I., Concordiaplatz 4.
964 1644 1281 1707 Vertretungen
558 1689 1684 1757 in Berlin, Budapest, Chicago, Christiania, Genf, Kopenhagen,
557 1739 1676 1794 London, Madrid, Mailand, Minneapolis, New-York. , Paris, Rom,
735 1771 1501 1849 San Francisco, Stockholm, St. Petersburg.
909 1812 1358 1891 (CnelhngnscherewePerhr!
1337 1816 1731 1921 latt, Wien
572 1898 982 1978 Ausschnitt aus:
1019 1983 1320 2063 19 1 106
587 2020 735 2072 vom:
407 2093 1404 2190 —3 und de Barsteler wurden dst gerusen.
574 2146 1788 2204 Aus München wird uns geschrieben: Der letzte Samstag
392 2180 1781 2255 brachte uns zwei Novitäten, von denen diejenige des Schauspiel¬
395 2237 1796 2296 hauses: Beyerleins Drama „Der Großknecht“ glatt abgelehnt
395 2277 1806 2351 wurde, während die des Residenz=Theaters: Schnitzlens
402 2316 1801 2384 „Zwischenspiel“ es wenigstens zu einem kühlen Achtungserfölg orachte. Das
405 2366 1790 2428 Beyerleinsche Stück ist unglaublich roh, sowohl in der Grundidee als auch
394 2406 1792 2450 namentlich in der Ausgestaltung derselben; der brutale Schluß mit dem
404 2445 1674 2496 Totschlag der Frau hat das Publikum aufs peinlichste berührt.
1677 2451 1784 2506 Die
397 2490 1792 2541 Schnitzlersche „Komödie“ bildete das gerade Widerspiel zu Beyerlein. Die
400 2532 1792 2582 Wiener kennen das ausgeklügelte Stück ja aus erster Hand. Inszenierung
397 2570 1780 2636 und Darstellung waren bei beiden Stücken des höchsten Lobes würdig
393 2604 1798 2697 und ließen nur bedauern, daß so viel Talent und Mühe nutzlos aufge¬
403 2650 817 2733 wendet worden sind.
1971 855 2343 954 Telephon 12801.
2157 944 2828 1081 „OBSERVER
1964 1065 3092 1128 I. österr. behördl. konz. Unternehmen für Zeitungs-Ausschnitte
2156 1121 2909 1220 Wien, I., Conoordiaplatz 4.
2368 1190 2696 1260 Vertretungen
1963 1237 3079 1309 in Berlin, Budapest, Chicago, Christiania, Genf. Kopenhagen,
1955 1292 3096 1341 London, Madrid, Mailand, Minneapolis, New-York, Paris, Rom,
2138 1329 2921 1403 San Francisco, Stockholm, St. Petersburg.
2306 1373 2743 1423 (Quallenangebe ohne Gewähr.)
1952 1439 2951 1569 Ausschnitt ausper. Humorist, Wien
2252 1523 2781 1599 20. Jhne.k Lo0
1957 1533 2110 1602 vom:
2239 1650 2876 1761 Münchener Brief.
2830 1727 3201 1805 17. Jänner 1906.
1980 1805 3218 1853 Auf vorigen Samstag häuften sich vier Premieren und eine
1871 1850 3218 1911 Neueinstudierung. Das war ein bißchen viel auf einmal; aber da
1867 1900 3233 1966 man überall merkwürdigerweise volle Häuser sah, will die Kritik
1868 1946 3219 2002 nicht murren. Für Schnitzlers „Zwischenspiel“ welches das Königl.
1869 1997 3221 2051 Residenztheate#ner Lützenkirchens feinabgetönter
1876 2038 3226 2105 Regie in sehr guter Besetzung bot, zeigte das Publikum lebhaftes
1874 2095 3232 2152 Interesse, wenn der Beifall auch nicht gerade ein stürmischer war.
1882 2146 3225 2199 Frl. Swoboda wußte überraschend viel aus der Gestalt der
1873 2194 3229 2246 Täcilie herauszuholen und blieb in jeder Wendung dieser über¬
1879 2235 3226 2308 feinerten Natur überzeugend. Ganz vortrefflich war Monnard
1880 2284 3229 2349 als ihr Gatte, neben Lützenkirchen, der den Raisonneur des
1886 2334 3216 2401 Stückes samos spielte, überhaupt der rassigste Künstler unseres Hof¬
1881 2386 3221 2453 theaters. Den Fürsten gab Waldau mit dem besten Bestreben,
1883 2435 3227 2498 die dummen, unreifen Jungen, die bisher sein „Fach“ waren, zu
1874 2479 3236 2536 überwinden; ganz gelang es ihm noch nicht, was wohl einen etwas
1885 2530 3236 2589 deplacierten, stürmischen Applaus mitbewirkte. Recht gut waren
1877 2593 3233 2647 Frl. Lossen als Dichtersgattin und Frl. v. Hagen als flirtende,
1882 2633 3236 2701 schöne Gräfin. Gerne möchte ich mich über das Problem des
1883 2676 3235 2747 „Zwischenspiels“ verbreitern, da meines Erachtens die Dichtung
1874 2740 3225 2794 ihrem künstlerischen Werte nach nicht von allen Rezensenten genügend
3109 2776 3235 2834 Die
1873 2792 3111 2845 hochbewertet wird; aber woher den Platz nehmen? — —
1881 2841 3224 2895 „Nora“ schritt wieder einmal über die Bretter unseres Residenz¬
1872 2876 3233 2939 theaters, das sich rühmen darf, als erste Bühne in Deutschland der
1877 2929 3233 2989 Dichtung zur Darstellung verholfen und in unserer Conkad¬
1877 2972 3222 3039 Ramlo — nach Ibsens Urteil — die beste Vertreterin der Titel¬
1880 3019 3233 3092 rolle besessen zu haben. Gestern sprach die Nora — französisch.
2784 3066 3233 3135 Suzanne Després,
1869 3087 2690 3139 Ich erwartete das Gastspiel Mada¬
2856 3116 3240 3182 Paris und Ibsen
1885 3123 2696 3181 vom Théätre l'Oeuvre, nicht ohne Be,
2903 3170 3234 3236 die Künstlerin
1874 3183 2744 3240 sind doch einander recht fremde Dinge
2869 3210 3236 3284 Gestaltung. Im
1878 3216 2786 3290 gab eine feindurchdachte und wohldurchgen
2958 3268 3235 3327 ihren reifen
1875 3286 2813 3339 Tanz fehlte ihr einigermaßen Grazie; aue,
2901 3313 3225 3379 er Leidenschaft.
1873 3311 2830 3378 Zügen die Tändeleien minder gut, als der Ausr¬
2894 3361 3231 3432 Scherzspiel, in
1880 3379 2823 3438 Nach Nora gab's geschmackvollerweise noch
1869 3411 3238 3490 welchem die Künstlerin eine Knabenrolle mit feiner Komik allerliebst
1872 3462 3246 3540 spielte. Die übrige Truppe ist mehr oder minder Provinz. Derz#
1877 3520 2720 3606 Dr. Rank (Saillard) spielte nicht schlecht.
