3436 4352
272 235 1209 334 20. Zuischenspiel
1333 232 1745 330 bux 25/1
1941 451 2192 512 Telephon 12
2088 536 2799 676 „OBSERVER“
1899 651 3027 734 I. österr. behördl. konz. Unternehmen für Zeilungs-Ausschnitte
2110 712 2825 798 Wien, I., Concordiaplatz 4.
2332 778 2625 842 Vertretungen
1917 822 3023 886 in Berlin, Budapest, Chicago, Christiania, Genf, Kopenhagen.
1918 869 3021 944 London, Madrid. Mailand, Minneapolis, New-York, Paris, Rom.
2088 914 2859 974 San Francisco, Stockholm, St. Petersburg.
2263 951 2685 1018 (Ouellenangebe ehus Gewahr.)
1910 1023 2318 1125 Ausschnitt aus
1914 1128 2400 1237 —
2467 1132 2781 1266 = 40%
2735 1214 2964 1312 AD
1903 1314 3163 1406 Arthur Schnitzlers „Zwischenspiel“.
2040 1381 2967 1452 " (Von unserem Korrespondenten.)
2640 1425 3117 1488 * Wien, II. Oktober.
1918 1442 3161 1537 * Arthur Schnitzlers dreiaktige Komödie „Zwischenspiel“, die morgen
1899 1514 3163 1563 im Buegtheater in Szene geht, ist eine gar feine Seelenstudie — so
1905 1570 3172 1615 fein, daß es fraglich erscheint, ob sie im Theater, wo man die derber
1905 1600 3184 1668 gesponnenen Faben liebt, auf ein volles Erfassen zählen kann. Das;
1919 1648 3155 1696 Stück entrollt ein sellsames Spiel mit den tiefsten Gefühlen, die das
1899 1682 3155 1742 Herz bewegen. Wird man alles verstehen, was der Dichter wollte?
1912 1734 2927 1796 Ist es ihm gelungen, sich ganz verständlich zu machen?
1959 1783 3175 1831 Es ist der merkwürdige Roman eines Künstlerpaares. Er, der
1877 1813 3165 1883 Kapellmeister Amadens Adams, ist ein genialer Komponist, sie eine
1904 1867 3163 1918 gottbegnadete Sängerin. Sie wirken an demselben Theater, sind seit
1914 1898 3165 1945 sieben Jahren vermählt, waren bis zur Stunde ein Herz und eine
1907 1942 3170 2009 künstlerische Seele. Aber nach den sieben mageren Ehejahren lechzt der
1908 1988 3163 2028 Mann nach Freiheit — er verli“, sich in eine andere Opernsängerin.
1885 2023 3167 2091 Er weiß, daß ihn unr die Schönge# dieser anderen bezaubert, daß es ein
1898 2073 3170 2125 Rausch der Sinne ist, nach demer kra,zt, aber er kann dem fatalen Zauber
1913 2118 3167 2176 nicht widerstehen. Da auch seine Gattin mit einem jungen Fürsten
1904 2136 3160 2214 flirtet, so benutzt er den Anlaß, um eine Auseinandersetzung herbei¬
1917 2188 3157 2255 zuführen. Die Liebe ist zu Ende, so soll denn mit diesem Kapitel
1902 2231 3169 2290 abgeschlossen sein. Da er aber die Gattin künstlerisch nicht entbehren
1909 2270 3157 2347 kann, st sollen sie beisammen bleiben, als Freunde und Kunstgefährten,
1914 2328 3166 2378 gute Kameraden — es ist ja auch ein Kind da, das allein genügt,
1912 2375 3170 2432 um ein jahes Abreißen aller Beziehungen zu hindern. Die Frau,
1908 2410 3165 2469 die den Gatten liebt, ist zu stolz, um auf ihren vollen Rechten zu
1903 2472 3168 2525 bestehen. In schmerzlicher Bewegung erhärt sie sich mit allem ein¬
1916 2498 2152 2550 verstanden.
1970 2515 3171 2599 Aber der neue Roman des Mannes wührt nicht lange. Er ist nur
1914 2584 3169 2646 ein Sommernachtstraum, und an einem trüben Herbsttage ###artet
1918 2622 3176 2685 der Gatte im alten Heim mit den allen zärtlichen Gefühlen die
1921 2673 3173 2729 Gattin, die von einem sehr eifolgreichen Gastspiel in Berlin zurück¬
1913 2709 3163 2761 kehrt. Seine Liebe wird zur Leidenschaft entfacht, da er erfährt, daß
1924 2752 3155 2804 seine Frau viel #n worben ist, daß ihr kleiner Fürst sie heiralen
1922 2798 3144 2858 möchte, und daß chr Blut beim Auslick eines gewissen Opernsängers
1912 2824 3191 2898 in Wallung geriet. Er reißt die Frau mieder an sich— aber nürfür
1914 2879 3161 2935 kurze Stunden eines Wonnerausches. Sie ist eine andere geworden in
1913 2921 3181 2993 der herben Zeit der Prüfung, da ihr Gatte in den Armen einer anderen
1916 2964 3172 3019 lag. Wünsche und Begierden, die sie nie gekannt, sind in ihr er¬
1923 3011 3165 3069 wacht. Sie könnte wohl mit einer banalen Verzeihung das alte
1913 3054 3181 3099 Glück wieder anzuspinnen suchen. Aber sie wurde nicht bloß in einer
1921 3093 3176 3142 zarten, heiligen Empfindung schwer gekränkt. Sie fühlt sich auch außer¬
1923 3136 3169 3195 stande, die alte Rolle als getreue, gefügige Ehefrau voll Lieb' und
1918 3172 3175 3224 Güte wieder aufzunehmen. Und vor dem heißen Werben des
1896 3224 3158 3284 Mannes legt sie ein aufrichtiges Geständnis ihrer Wandlung ab.
1908 3268 3159 3333 1Nach der flüchtigen Trennung muß der Abschied kommen. Sie will
1889 3334 3129 3424 ins Engagement nach Berlin gehen. Er soll seine Konzerktournee
1891 3402 3132 3448 machen, die ein Jahr umfassen wird. Die Betenerungen!
1882 3442 3123 3496 neuer Liebe haben keine Wirkung, auch die Eifersucht des Gatten, der
1881 3475 3122 3555 den Fürsten herausfordern will, vermag den Sinn der Frau nicht
1880 3518 3133 3594 zu ändern. Vielleicht kommt einmal — das Wunderbare. Aber bis
1889 3569 3123 3620 dahin — ade! Der Mann begreift nur mit Mühe, fügt sich aber
1882 3608 3120 3673 schließlich ingrimmig dem Gebot. Er geht von dannen, nachdem er
1885 3651 3121 3719 auf das Klavier eine seiner Kompositionen gelegt, ein Zwischenspiel,
1877 3696 3125 3749 Capriccio doloroso. Die Frau blickt ihm nach und beweint mit
1876 3711 2832 3815 einer heißen Träue das zertrümmerte Eheglück
1929 3816 3115 3908 + Ueber die Aufführung von Schnitzlers „Zwischenspiel“
1868 3860 3109 3933 im Burgtheater berichtet ein Telegramm unseres Korrespondenten:
1930 3921 3115 3973 Die Erstaufführung von Schnitzlers „Zwischenspiel“
1860 3962 3124 4035 versammelte im Burgtheater ein glänzendes Publikum. Die Zuhörer¬
1859 4009 3131 4082 schaft stand schon in den ersten Szenen im Banne des Dichters, folgte
1866 4046 3106 4113 der dramatischen Studie mit Interesse und spendete nach dem ersten
1862 4093 3103 4148 Akte lebhaften, nach dem zweiten stürmischen Beifall. Nach diesem
1861 4131 3105 4195 Akte mußtg Schnitzler sechsmal erscheinen. Die schließliche Lösung
