3436 4352
1283 276 1736 363 box 25/1
209 284 1137 397 20. Zuischensniel
1768 556 3254 640 den Inhalt nicht, der die Liebesfreiheit in ohne Zeugen, ohne Quittung, nur auf das
1762 611 3251 687 der Ehe, das Miteinander= und das bloße Ehrenwort hin — bietet der Richter dem
2509 666 3046 732 Angeklagten den Schwur an.
1775 683 2513 742 Nebeneinandergehen in der spitzfindigsten
309 581 1261 752 Der Rampf um
2538 692 3257 765 „Wollen Sie den Schwur ablegen, daß
1778 724 2311 795 Fassung auf die Seene stellt.
2515 741 3190 818 Sie das Geld nicht bekommen haben?“
1815 733 2515 814 Das Wiener Hofoperntheater hat am
2547 788 2860 850 „Das will ich.“
1780 811 2515 853 Namenstag des Kaisers seine alie Ueber¬
862 726 1790 879 das Wablrecht.
2551 813 3189 883 „Also sprechen Sie mir jetzt nach.“
1782 837 2520 907 lieferung hochgehalten und eine fremd¬
2545 845 3254 924 Daraufhin springt Illes Savago er¬
1782 883 2516 947 ländische Neuheit aufgeführt. Immer ist
2514 914 2701 988 regt auf:
1786 927 2506 984 es ein Franzose, ein Italiener, ein Russe
325 916 1781 1020 Drohende Stürme. — Revolutionäre Versammlungen. — Der Kaiser
2548 921 3257 1007 „Bitte, Herr Richter, ich bin nicht da¬
1796 968 2512 1029 oder ein sonstiger auswärtiger Kultur¬
2520 985 3272 1048 mit einverstanden, daß Kelemen den
398 994 1787 1064 muß nachgeben. — Der Kampf um die Sonntagsruhe. — Dro
1785 1007 2514 1066 träger, der dazu ausersehen wird, das
2511 1033 3257 1103 Schwur so ablegt, wie es der Gebrauch
1781 1045 2510 1119 Namensfest des Kaisers zu verherrlichen.
404 1059 1738 1132 und contra. — Die Theaterdirektoren gegen das Dariete.
2518 1085 2598 1151 ist.“
1780 1090 2510 1156 Um keiner der einheimischen Volksstämme
2549 1093 3265 1181 „Also welchen Schwur soll er denn ab¬
402 1111 1789 1199 Neue Stücke und alte Namen. — Der Schwur des Herrn Kelemen.
1780 1125 2532 1203 zurückzusetzen, werden alle übersehen bei
2520 1168 2662 1235 legen?“
1790 1174 2517 1235 solchen Anlässen. Es ist genau dasselbe
2550 1188 2973 1274 „Den mit den Augen.“
617 1187 1785 1286 Wien, 2. November, sdieser Bewegung fragen. Denn es ist
1788 1214 2526 1274 Staatsprinzip, das man bei dem künf¬
2563 1216 3265 1301 „Ja, welcher ist denn das?“ fragt der
1068 1258 1792 1305 nicht ausgeschlossen, daß bei uns die Ra¬
1798 1258 2533 1312 tigen Wiener Denkmal der Kaiserin Eli¬
473 1259 1070 1349 enn nicht alles trügt, so gehen
1063 1296 1781 1352 dikalen das Ziel anstreben, das ander¬
1795 1284 2856 1360 sabeih zur Anwendung bringen wollte. Richter ärgerlich.
2543 1295 3262 1379 „Na, das ist der: Auf meinen beiden
337 1315 1064 1418 412 wir in Oesterreich sowohl als
1052 1338 1784 1397 wärts von den Muckern verfolgt wird: die
1797 1340 2529 1395 Obwohl die Deutschen das Geld für die¬
2525 1364 3261 1425 Augen soll ich erblinden, wenn ich das
520 1369 1048 1442 auch in Ungarn neuen Stür
1050 1384 1796 1439 vollständige, zwangsweise Abtödtung aller
1787 1381 2525 1442 ses Denkmal aufgebracht haben, sollte es
2528 1405 3056 1467 Geld nicht bekommen habe.“
1064 1425 1451 1496 Sonntagsfreude.
1791 1427 2521 1482 doch aus Rücksicht für die anderssprachi¬
319 1411 960 1497 men, neuen Kämpfen entgegen.
2553 1427 3253 1506 „Getrauen Sie sich, das zu sagen?“
1794 1467 2535 1526 gen Mitbewohner Oesterreichs keine dent¬
362 1457 1086 1531 Das nächsie ungarische Parlament
1091 1469 1788 1543 Die Wiener Theaier=Direkioren ha¬
1794 1487 3254 1570 sche Inschrift erhalten und man schlug wendet sich nun der Richter an den Be¬
331 1522 1060 1585 wird auf Grund des allgemeinen, glei¬
1063 1524 1796 1582 Iben dermalen noch keine Angst vor diesem
2523 1548 2692 1612 kagten.
1796 1552 2536 1608 uns das neuirale Latein vor. Aber ganz
333 1563 1065 1624 chen und direkten Wahlrechtes gewählt
1069 1578 1787 1634 säußersien Ziel der Sonntagsheiligung,
2541 1557 3265 1630 Kelemen senki den Kopf. erwidert kein
1800 1588 2535 1654 Wien hat diese ministerielle Einmischung
326 1608 1069 1669 werden, und diese Thatsache, an der wohl
1065 1609 1795 1681 aber sie betlagen sich bitter über die sie¬
1806 1609 3268 1698 zurückgewiesen. Im Theaterieben sind Wort, knöpft sein Gilet auf und sordert
332 1646 1059 1702 nicht mehr zu rütteln ist, hat in den gro¬
1066 1658 1793 1714 jtige Vermehrung der Pariete=Bühnen.
1801 1649 3267 1735 wir so weit noch lange nicht. Und so be= von dort den Betrag von zwanzig Gul¬
331 1694 1064 1746 ßen Bevölkerungsklassen der österreichi¬
1054 1701 1795 1760 Eine Abordnung der Bühnenleiter hat
1800 1706 2875 1775 kamen wir denn heuer als Festbraten die den herbei. ——
3019 1716 3093 1799 —
2921 1730 2988 1803 1
321 1733 1062 1793 schen Monarchie eine fürchterliche Erre¬
1069 1739 1799 1797 denn auch kürzlich die Runde gemacht
2746 1749 2933 1827 —
1801 1760 2553 1822 Oper des Italieners Ermano Wolf=Fer¬
331 1787 1063 1845 gung hervorgerufen. Die Sozialisten
1076 1782 1798 1840 bei allen maßgebenden Behörden und
1803 1797 2535 1867 rari „Die neugierigen Frauen“, vorge¬
319 1823 1797 1878 arbeiten mit Volldampf, allenthalben fin= Vorstellungen dagegen erhoben, daß im¬
1790 1851 1913 1908 setzt.
324 1861 1079 1917 den Wahlrechtsversammlungen statt, in
1076 1859 1800 1916 mer neue Konzessionen für diese kunst¬
2357 1855 2537 1933 hat es
1840 1864 2374 1947 An unseren Vorstadtbühnen
324 1900 1076 1965 denen eine recht drohende Sprache geführt
1076 1919 1811 1960 feindlichen Tingeltangel ausgegeben wür¬
1797 1916 2541 1987 schon manche Schlappe gegeben. Nur die
334 1946 1795 2012 wird, und dem alten Kaiser wird, wenn den. Man hat die Herren überall wohl¬
1806 1954 2544 2026 beiden Operetten=Theater haben gleich mit
333 1992 1794 2062 er es nicht zum Blutvergießen wird kom= wollend angehört, und jeder um Schutz
1808 2000 2547 2072 ihren Neuheiten Glück. Das Karl=Theater
329 2030 1807 2087 men lassen wollen, wohl nichts anderes angerufene Funktionär gab ihnen die be¬
1807 2049 2546 2107 hat seinen Schlager in der „Schützen¬
325 2064 1068 2136 übrig bleiben, als auch der eisleithanischen
1080 2073 1799 2127 rühmte Antwort, die Kaiser Franz für
1802 2086 2540 2151 liesel“ von Edmund Eyalen gesunden, das
1073 2115 1797 2168 jeden Audienzbewerber hatte: „Ich werd'
326 2115 1076 2183 Hälfte seines Landes so rasch als möglich
1803 2121 2547 2192 Theater an der Wien in einer volksstück¬
1054 2157 1798 2221 halt schauen, was sich machen läßt.“ Und
343 2163 832 2234 das Wahlrecht zu geben.
1810 2175 2548 2245 artigen Operette aus dem Bettlermilien,
1063 2201 1803 2251 sie gingen zufrieden von dannen. Daß
1810 2216 2554 2275 die den Titel „Vergelt's Gott!“ führt.
379 2205 1079 2281 Auch in unserem Wiener lokalen Leben
1081 2248 1808 2304 sie sich selbst vor ganz Wien lächerlich ge¬
1812 2259 2547 2322 Der Text ist von Victor Leon, die Musik!
322 2259 1082 2340 tobte in den letzten Wochen ein erbitterter
1086 2285 1802 2335 macht hatten, merkien sie gar nicht. Sie
1804 2302 2468 2364 von einem neuen Mann: Leo Ascher.
331 2317 1082 2368 Kampf. Ein Kampf um die vollständige
1068 2324 1800 2382 hatten in ihrer Gesellschaft nämlich auch
1834 2321 2561 2400 Der Komponist der ziemlich harmlosen
349 2361 1072 2413 Sonntagsruhe. Sie war bisher für die
1083 2365 1818 2419 einen Variete=Direktor, der als Wort¬
1807 2385 2559 2449 Musik ist aber kein Nachkomme des be¬
338 2400 1070 2464 Lebensmittelhändler noch nicht durchge¬
1084 2405 1813 2463 führer auftrat. Auch er schloß sich
1814 2418 2557 2495 rühmten Schauspielers Ascher so menig,
354 2443 1078 2502 führt, und diese wehr# sich jetzt in der
1076 2447 1803 2506 schlauerweise der Meinung der Theater¬
1812 2459 2559 2527 wie der die Hauptrolle spielende Dar¬
351 2484 1070 2535 entscheidenden Stunde die die Verzwei¬
1078 2489 1810 2549 direktoren an, daß wir nunmehr genug
1818 2502 2553 2575 steller Traumann ein Nachkomme des be¬
336 2522 1072 2580 felten. Sie durften ihre Geschäfte bis¬
1071 2534 1814 2600 Varietes besäßen. So wollten die Her¬
1807 2533 2557 2610 rühmien Altwiener Komiters Traumann
335 2566 1081 2632 her Vormittags und auch Abends von
1085 2573 1807 2636 ren ihrer Sache nützen, und so haben sie
1891 2590 2565 2659 Das wird nur so gemacht. Giebt es
347 2609 1090 2669 6—8 Uhr offen halten. Jetzt wird es
1074 2617 1505 2691 sie zu Falle gebracht.
1792 2634 2553 2712 doch auch schon einen Operetten=Kompo¬
332 2652 1083 2711 damit endgiltig vorbei sein. Nur von
1123 2670 2552 2743 Von den künstlerischen Darbietungennisten Strauß, der nichts mit der Fa¬
368 2695 1089 2746 6—10 Uhr früh sollen künftig an Sonn¬
1082 2698 2557 2788 unserer Bühnen ist heute schon Manches lmilie unserer Walzerkönige zu schaffen
329 2736 1080 2796 tagen Verkaufsstunden sein. Die Ange¬
1815 2760 2552 2821 hat. Man kommt aus dem Nichts herauf
1081 2772 1819 2837 zu berichten. Das Burgtheater hat einen
334 2778 1083 2828 stellten verlangen es, und die Behörden
1820 2801 2550 2862 und eignet sich das Erbe eines berühm¬
1079 2804 1825 2887 neuen Dreiatter von Arthyr Schnitzler.
350 2829 1084 2874 verschließen sich nicht länger dieser hun¬
1814 2837 2584 2906 ten Namens au. Hat sich doch kürzlich erst!
1087 2827 1819 2910 „Zwischenspiel“, gebracht, dent mält schon
352 2858 1081 2910 derttausendstimmigen Forderung. Auf
1812 2887 2565 2953 wieder ein Wiener Klavierspieler, Na¬
1093 2894 1819 2951 deshalb mit Interesse entgegensah, weil
340 2903 1080 2968 die Bequemlichkeit des Publikums und
1821 2912 2564 2984 mens Rubin, gleich Rubinstein genannt.
1084 2930 1817 2998 dieser Wiener Autor schon seit Jahren
346 2944 1089 3009 das Interesse der Geschäftsleute habe
1093 2974 2560 3035 vom Burgtheater verbannt war. Sein Besser ist besser. Wer sollte den Leuten
344 2985 1085 3051 man lange genug Rücksicht genommen,
1087 2984 2589 3078 „Grüner Kaladu“ mußte aus höfischen vom Kunstgewerbe so etwas verbieten?
340 3030 1084 3090 heißt es, jetzt sei der Tag der Gerechtig¬
336 3072 2570 3119 keit auch für jene Armen gekommen, die Rücksichten aus dem Spielplan gestrichen Nur registrirte Firmen werden geschützt.
1091 3093 2572 3160 werden, und seine anderen Arbeiten der Und es sollte mich gar nicht wundern,
333 3110 1088 3185 niemals einen Sonntag gehabt haben.
1097 3136 2558 3201 letzten Jahre fanden überhaupt keine wenn nächstens auch Raimund und Nest¬
353 3154 1091 3209 Selbst die Bibel wird in diesem Falle von
347 3173 2561 3246 den Sozialdemokraten geschwungen und Aufnahme an der Hofbühne. Und jetzt roy auf unseren Volksbühnen posthume
1825 3227 2284 3293 Erben erhalten würden.
1082 3234 1814 3294 kam das „Zwischenspiel“ und enttäuschte
342 3236 1096 3299 Jedem an den Kopf geworfen, der etwa
1098 3265 1834 3326 bitter. Es ist eine gar verzwickte Ehe¬
350 3277 1096 3346 der Meinung sein sollte, ein freier Wo¬
1837 3275 2574 3361 Und zum Schluß eine drollige Ge¬
1089 3308 1827 3378 standsgeschichte, die der Dichter da auf¬
344 3324 1104 3390 chentag habe unter Umständen mehr
1825 3336 2565 3413 schichte, die ein Kulturbildchen aus Un¬
1101 3350 1822 3409 rollt, und sie wurde von der biederen
345 3350 1100 3411 Werth, als ein freier Sonntag. Nichts
1814 3385 2062 3453 garn bildet.
1100 3394 1830 3450 Burgtheaterkritik bei aller Symvathie für
348 3407 1094 3457 dal heißt es, es soll der Sonntag sein.
1856 3403 2572 3476 Sovago Illes in Budapest lieh im
1093 3437 1836 3501 den Verfasser als eine literarische Per¬
358 3446 1105 3507 Und die Forderung behält Recht, wie
1568 3458 1646 3503 4
1647 3478 1717 3509 —
1821 3460 2567 3524 Frühjahr dem Marton Kelemen zwanzig
1102 3475 1826 3536 versität bezeichnet und abgesahnt. Das
355 3491 1090 3545 es scheint. Von den Gewerbetreibenden,
1829 3507 2572 3560 Gulden unter der Bedingung, daß er sein
1097 3520 1821 3570 Publikum verhielt sich dem Stücke gegen¬
349 3531 1098 3590 die am meisten jammern und lärmen,
1822 3546 2582 3617 Geld nach der Ernte zurückerhalten?
1099 3558 1821 3620 über nicht viel besser, und wenn es auch
349 3570 1104 3629 sind die Zuckerbäcker und die Friseure
1831 3596 2577 3646 müsse. Die Ernte war bereits vorüber,
350 3604 1828 3670 wohl diejenigen, die am ehesten gehört zu heute noch im Spielplan steht, wird es
1832 3626 2581 3686 und auf die erste Mahnung erklärte Ke¬
356 3644 1828 3703 werden verdienten. Aber man wird wohl doch bald fallen müssen. Ich will es mir
1832 3672 2583 3732 lemen, daß er nie auch nur einen Heller
1106 3685 1825 3749 versagen, die Handlung des Stückes zu
360 3695 1100 3762 kaum Ausnahmen für sie schaffen. Die
1826 3706 2575 3772 gesehen habe. Ein Prozeß wurde das
350 3727 1822 3792 alleinige Ausnahme werden die Gast=lerzählen. Daß seine Form gefällig und
355 3789 2581 3850 #wirthschaften und die Theater sein. Aberlgeinreich ist, kann bei diesem Autor als Ende der Sache. Da Savago sein Recht
353 3809 2574 3893 wie lange noch? Muß man angesichtslselberständlich gelten. Aber sie retiet nicht beweisen konnte — er lieh das Geld
