3484 4352
1239 221 1701 316 box 25/2
169 211 1092 329 20. Zuischensniel
2190 1105 2975 1181 # einen Cröstoß mehrere Häufer, darunter
596 1166 2971 1225 gen im Besitz des dem Deutsch=nationalen Handlungs= die Carabinier=Kaserne, beschädigt, so daß sie geräumt werden
2893 1213 2967 1279 an
349 1215 426 1289 gnnn
1740 1265 2971 1319 wußten nicht recht, ob sie lachen oder weinen sollten und gingen
610 1273 1750 1320 Lessing=Theater — Zwischensptel. Komödie in drei Akten
1746 1306 2971 1351 ruhig nach Hause, nachdem sie sich überzeugt hatten, daß dem
523 1292 1745 1354 von Arthur Schnitzler. Wenn man im Konversations=Lexikon
1740 1340 2858 1408 Dichter die Reise ven Wien nach Berlin gut bekommen war.
540 1358 1753 1416 das Wort „Capriccio“ aufschlägt, findet man folgende Definition:
347 1337 535 1407 Roman¬
2421 1384 2901 1455 Georg Malkowsky.
533 1404 1745 1448 „C. ist ein Tonstück, bei welchem der Komponist eine der vorhan¬
354 1392 540 1453 t. Der
355 1429 1756 1476 Dieses denen Formen nach seiner Laune modifiziert ... In neuester Zeit
535 1474 1748 1522 dient der Ausdruck C. vielfach als Deckmantel für absolute Form¬
345 1474 543 1521 indantur
1818 1457 2973 1534 Ferdinand Bonns Berliner Theater brachte uns am
536 1510 1740 1557 und Gehaltlosigkeit ... Früher bezeichnete man mit C. eine frei
341 1508 544 1564 estimmte
1746 1515 2976 1565 Sonnabend neben Coppés „Geigenmacher von Cremona“
534 1541 1741 1594 fugierte Komposition für das Klavier ... Andre nannten sie
339 1548 536 1607 ng aller
1752 1550 2986 1612 in direktorialer Bearbeitung noch ein sogenanntes Lustspiel
535 1585 1745 1640 Uebungsstücke für Bogeninstrumente, in denen eine besonders
354 1592 537 1643 Ursache
1755 1601 2977 1662 „Annemaria“ das ein Herr Kurt Berns nach einer Zangwillschen
539 1631 1737 1681 schwierige Figur durchgeführt war.“ In diesen unterschiedlichen
339 1630 536 1686 sen nach
1744 1642 2962 1692 Novelle gefertigt haben will Die Auswahl des „Geigenmachers“
543 1674 1744 1718 Worterklärungen steckt die Tendenz und gleichzeitig die Kritik der
361 1669 537 1726 Frosch¬
1745 1675 2973 1737 und ganz besonders der „Annemarie“ haben der Beweiskette der
538 1708 1753 1752 neuesten Bühnenarbeit Arthur Schnitzlers Als er sich an den
345 1704 536 1760 zeuig an
1745 1711 2970 1761 Unfähigkeit Bonns zum Theaterleiter das Schlußglied eingereiht. Wie
530 1735 1751 1796 Schreibtisch setzte, um eine feuillet nistische Laune zu einem
345 1745 535 1805 Dichter¬
1748 1758 2979 1802 kann nur ein wirklich guter Schauspieler, einer der Auserwählten, ein
412 1786 538 1840 nich
532 1774 1751 1834 Lwischenspiel zu verarbeiten, ging es ihm wie seinem Kapellmeister
1757 1796 2985 1849 so urteilsloser Direktor sein, auch nur die Zeit einer einzigen
537 1818 1762 1877 Amadeuo Adams, als er am Klavier sein Capriccio zu komponieren
338 1820 538 1876 der die
1749 1828 2979 1893 Leseprobe mit solchem Machwerk zu verschwenden. Schade um
534 1864 1741 1913 anfing: er wußte noch nicht, ob es als Allegro oder Doloroso
344 1865 550 1919 vorrenen
1740 1874 2971 1921 die Mühe, die die Mitglieder sich gaben, denn auch in der
536 1903 1743 1956 enden würde. Der gute Amadeus hat — um vom Symbolischen
337 1907 534 1966 als ein
1749 1910 2964 1966 Novität wurde gut gespielt. Bonn selbst, der im „Geigenmacher“.
538 1940 1739 1991 auf das Tatsächliche zu kommen — den merkwürdigen Einfall ge¬
346 1946 543 1999 treppen¬
1745 1955 2979 2012 den Filippo fein durchdacht und mit Wärme und Gefühl gab.
544 1980 1742 2036 habt, mit seiner Ebeliebsten ein bischen „Divoroons“ zu spielen
358 1987 537 2039 Gauner
1739 1996 2978 2049 außerdem ganz ausgezeichnet Geige spielte, zeigte in der Novität,
533 2005 1746 2072 d. h. die Herrschaften haben sich dahin geeinigt, unter Verzicht auf
367 2026 537 2082 Gattin
1746 2035 2973 2089 daß er den einfachen natürlichen Ton ebenso gut beherricht, wie
537 2062 1743 2108 ihre gegenseitigen Pflichten und Rechte als gute Freunde zu leben
340 2058 399 2121 r
391 2067 535 2114 unter
1750 2073 2974 2129 den pathetischen. Auch Anton Zimmerer ist hervorzuhet## wie
533 2099 1746 2151 und sich etwaige Erlebnisse einschließlich der geschehenen und noch
351 2097 545 2153 0 Mark,
1753 2119 2971 2167 auch die Dora, Schmasow und Tilly Waldorf. Frau Bonn schw. am
531 2128 1744 2192 zu er wartenden Herzensentgleisungen wahrheitsgetreu mitzuteilen.
354 2143 542 2195 gewinni
1755 2148 2977 2210 als steiermärkische Annemarie im Faurwasser eines ihr sehr e¬
531 2182 1747 2237 Kritik: „ein vorhandenes Thema wird willkürlich modifiziert.“ Die
346 2177 535 2230 eratenes
1749 2186 2980 2242 quemen Dialektes und scheint ganz verwendbar zu sein, wenn man
536 2221 1752 2271 ganze Handlung setzt sich naturgemäß aus den vertragsmäßigen
343 2216 537 2277 Anfall
1757 2228 2985 2289 sie nur an den richtigen Platz stellt. — Warum nur wollte Direktor
545 2247 1743 2309 mündlichen und schriftlichen Mitteilungen und den dadurch hervor¬
345 2263 540 2311 r. Der
2734 2268 2891 2330 T. L.
1753 2271 2678 2341 Bonn seine Frau durchaus als „Jungfrau“ sehen?
535 2295 1743 2349 gerufenen Diskussionen zusammen, die eigentlich gegenstandslos sind,
346 2299 549 2352 vandelt,
534 2338 1750 2395 weil die Beteiligten sich im Grunde genommen aufrichtig lieb haben.
348 2341 545 2394 chen ein
1822 2355 2965 2422 Theater des Westens. Yvonne de Tréville, die
359 2373 1751 2435 nken der Kritik: „Die dramatische Form dient als Deckmantel für absolute
1750 2404 2975 2470 erste Koloratursängerin der „Opéra Comique“ in Paris, begann
353 2421 1745 2472 n einem Form= und Gehaltlosigkeis.“ Nun hat aber Arthur Schnitzler so
1740 2446 2974 2502 am Sonnabend ihr Gastspiel als Rosine im „Barbier“. Die
529 2458 1745 2505 viel Geist und Geschmack, daß er sein Thema, abgesehen von seiner
362 2455 533 2511 brechen,
1749 2482 2968 2545 Sängerin ist im Besitz eines gut geschulten, in der Höhe zwar
537 2490 1747 2546 grotesken Unwahrscheinlichkeit, nicht nur konsequent und folgerichtig
371 2499 533 2548 Mi in
1754 2537 2973 2591 etwas scharf klingenden Soprans. Die Darbietungen im ersten
533 2527 1758 2583 entwickelt, sondern ihm auch eine Fülle von amüsanten Variationen
360 2533 543 2588 etischen
1740 2566 2971 2626 Akt gingen über ein Mittelmaß wohl nicht hinaus, ich
533 2578 1737 2625 abgewinnt. Kritik: „Das Stück ist eine frei fugierte Komposition.“
356 2579 535 2630 Gesicht.
1872 2603 2980 2658 mehr erwartet. Eine leichte Verzögerung im Tempo
1754 2611 1874 2672 hatte
531 2612 1747 2672 Am Schluß bleibt alles beim alten d. h. die Scheinehe geht
358 2616 529 2667 der un¬
2624 2646 2754 2698 einer
2766 2646 2972 2700 gewissen
1874 2652 2494 2712 den Koloraturen immerhin
1755 2655 1870 2699 half
351 2656 1749 2700 n Ende ruhig weiter, nachdem der Mann wirklich entgleist, die Frau stark
1746 2680 2979 2739 Glätte. Vielen Erfolg hatte die Sängerin mit der Wiedergabe der
542 2698 1740 2746 vom Wege abgekommen ist. Kritik: „Das Zwischenspiel“ ist ein
362 2697 533 2749 ur eine
1741 2720 2981 2775 Glöckchenarie aus „Lakme“, eine Leistung, die durch freundlichen
534 2738 1741 2789 capriccio, d. h. ein Uebungsstück, in dem eine besonders schwierige Figur
363 2731 543 2802 1Natu¬
1743 2769 2974 2819 Beifall ausgezeichnet wurde. Recht niedlich behandelte der Gast
530 2770 1743 2820 durchgeführt wird.“ Daß es allegro anfängt und doloroso endet,
413 2775 529 2831 Der
1746 2810 2970 2854 den stark gekürzten Dialog in deutscher Sprache, auch die Dar¬
362 2807 535 2869 atsache,
530 2797 1739 2870 hätte das Publikum beinabe verstimmt, wenn nicht die Darsteller der
1737 2834 2968 2893 stellung war eine routinierte, wenn auch konventienelle. Vertrand
365 2847 1743 2894 in die beiden Hauptrollen Albert Bassermann und Irene
1750 2874 2978 2935 Sänger leitete die Aufführung mit der bei ihm gewohnten künst¬
360 2877 1746 2939 ch nicht Triesch dem Dichter hilfreich beigesprungen wären, indem der
1745 2927 2981 2985 lerischen Gewissenhaftigkeit. Trotzdem glaube ich nicht, daß er
363 2932 540 2983 hler ist
535 2917 1742 2979 eine seinen Part so lange mit Virtuosität Allegro herunterspielte, bis
1741 2962 2657 3035 eine echte Freude an der Aufführung gehabt hat.
530 2966 1738 3015 die andere Doloroso einsetzte, so daß Lachlustige und Tränen¬
347 2970 547 3040 Is Mit¬
2446 2988 2913 3073 Adolf Matthies.
518 2988 1760 3079 1 süchtige gleichermaßen auf ihre Rechnung kamen. Die Unzufriedenen
585 3142 1543 3346 J a
