3436 4256
1248 106 1714 214 box 25/5
194 113 1118 241 20. Zuischensniel
2164 1176 3209 1274 Salöniki würde sehr schneil ein österreichischer
1240 1205 1966 1296 Sönne nicht rauben lassen dürfe.
263 1227 1237 1322 erwbahnten Proferten in seinen eigenen Hän¬
2208 1313 3188 1391 ist die geborene Dirne, deren Leben eine un¬
1245 1331 2206 1403 gänzen, die sich verstehen — vorwiegend als
1244 1342 3194 1449 Künstler. Die Kunst, Peterl, ihr fünfjähriger unterbrochene, außereheliche Liaison ist. Aus
463 1376 1061 1489 Feuilleton.
1244 1449 3191 1488 Sohn, und ein schönes Heim, in dem sie sich den Armen eines Malers, dessen sie offenbar
1248 1450 3187 1545 nach den Stunden oder den Tagen ihrer durch überdrüssig geworden ist, lockt es sie in die
1245 1516 3201 1612 Berufspflichten zeitweilig herbeigeführten Tren= Arme des Komponisten. Amadeus ist stand¬
401 1519 1134 1632 Der Roman in Arthur
1246 1567 3193 1646 nung in aller Behaglichkeit der Dinge und haft, doch Friederike versteht es, während der
1243 1615 3193 1696 der Gemüter stets aufs neue vereinen: das ist Korrepetitionsstunden, die sie bei ihm nimmt,
360 1597 1165 1723 Schnitzlers „Zwischenspiel.“
1245 1669 3198 1748 ihre Welt. Amadeus ist, wie es bei Musikern das Gleichgewicht seines Gemütes zu erschüt¬
841 1665 1218 1757 (Nachdruck verboten.)
2216 1708 3202 1796 tern. Sie wird sein Schicksal, gegen das er sich
1246 1740 2216 1803 so oft vorkommt, eine fast weiche, vielleicht ei¬
360 1721 1245 1806 Die Olmützer Erstaufführung des Stückes,
2224 1769 2600 1851 vergebens wehrt.
1259 1777 2220 1856 was sprunghafte, aber durchaus grundehrliche,
284 1792 1252 1865 das den letzten Grillparzerpreis davontrug,
2288 1784 3205 1878 Im Hause des Kapellmeisters verkehrt seit
1256 1825 2229 1909 gerade Natur. Mag sein, daß er eine stark
288 1840 1253 1911 hat dem Publikum den ganzen Gehalt dieses
2226 1861 3203 1934 langem auch der Fürst Sigismund Maradas¬
1262 1879 2220 1963 erotische Natur ist. Lüge, Verstellung und
288 1889 1261 1975 Werkes nicht so nahe gebracht, daß es wie ein
2216 1916 3196 1995 Lohsenstein. Er ist Amadeus' Schüler gewesen
1259 1938 2217 2004 Heuchelei sind ihm fremd. Zäzilie — ein tie¬
277 1938 1257 2022 klares Bild vor aller Augen gestanden wäre,
2216 1956 3202 2024 und wird von diesem als ein „sehr ernster
1263 1986 2214 2064 fes Gemüt, stark sensibel, fest, ruhig, zielbe¬
353 1993 1264 2067 man sah die undeulichen Konturen ver¬
2228 2011 3202 2087 Charakter“ bezeichnet. Und das ist er auch.
1255 2041 2222 2101 wußt. Jenseits seines Künstlertumes gravitiert
280 2029 1254 2139 schwommener Gestalten, man sah nicht die fest
2221 2066 3198 2140 Er hatte sogar einst die Absicht gehabt, in
1269 2082 2230 2158 Amadeus' Wesen fast ein wenig nach dem
283 2091 1263 2158 und logisch aufgebaute Tragödie. Vielleicht be¬
2226 2106 3212 2190 einen Orden einzutreten, aber künstlerische
1268 2143 2229 2207 Durchschnittsmenschen, ohne es zu sein. Zäzi¬
278 2140 1258 2214 nützt der oder jener den nachstehenden Versuch,
2224 2168 3210 2237 Impulse, die ihn erfüllen, scheinen ihn davon
1258 2189 2214 2262 lie ist tiefer, sie ist, sich dessen auch bewußt.
284 2199 1254 2280 die Fabel des Stückes wiederzugeben, als Ci¬
1260 2232 3198 2303 Sie haben einander aus Liebe genommen. abgehalten zu haben. Ein interessanter, ja,
282 2241 1253 2334 cerone durch die Gedankengänge der Komödie.*)
1262 2304 3209 2357 Sie gehören einander ganz, restlos, es ist wie Amadeus sagt, ein „ausnehmend sympa¬
1261 2320 3194 2405 nichts zwischen ihnen, was der eine vor dem thischer Mensch“. Jeder Zoll ein Kavalier,
368 2318 1263 2426 Der Komponist und Kapellmeister Ama¬
1265 2373 3205 2456 andern zu verstecken brauchte. Aufrichtigkeit ist durch und durch Gemütsmensch, keine alltäg¬
291 2391 1259 2462 deus Adams lebt seit sieben Jahren mit sei¬
2236 2422 2610 2508 liche Erscheinung.
1268 2443 2151 2509 die erste Grundlage ihres Herzensbundes.
295 2440 1263 2512 ner Frau, der Opernsängerin Zäzilie Adams¬
2303 2449 3211 2541 Er faßt eine tiefe Neigung zu Zäzilie,
1348 2484 2234 2559 Doch dieser Herzensbund ist eine Ehe.
295 2483 1272 2560 Ortenburg, — wie man so sagt: — in der
2234 2520 3214 2592 der diese auch entgegenzukommen scheint. Ob
1259 2531 2230 2606 Fast ohne daß sie es ahnen, lockert die Dauer
296 2541 1263 2641 glücklichsten Ehe. Zwei Naturen, die sich er¬
2225 2561 3209 2638 sie ihn wirklich liebt, — das kann sie nicht
1259 2592 2230 2672 eines siebenjährigen, stets gleichmäßig tempe¬
2229 2619 3206 2696 sagen. Sie glaubt, daß nicht. Ihre Sympa¬
414 2612 1263 2700 *) Diese Inhaltsangabe sollte heute als Nachwor
1272 2644 2233 2721 rierten Nebeneinanders das feste Gefüge ihrer
2227 2675 3206 2744 thie zu ihm ist nur da, um das auszufüllen,
289 2679 1262 2754 zur Reprise, die im Stadttheater gestern hätte gegebei
1261 2695 2237 2773 gegenseitigen Beziehungen. An Amadeus tritt
297 2723 1264 2786 werden sollen, erscheinen. Da die Vorstellung aus Gründen
2240 2717 3207 2796 was in ihr durch ihres Gatten abgeschwächte
1258 2742 2236 2837 die Verführung in der grazilen Gestalt einer
294 2759 1255 2817 die uns nicht bekannt sind, abgesagt wurde, hoffen wir
1264 2771 3219 2876 Opernsängerin, der Gräfin Friederike Moos=! Gefühle leer geworden. Es gäbe etwas, was
297 2804 1267 2856 daß es der vorstehenden Publikation gelingen wird, das
1175 2838 1272 2895 di
294 2837 1194 2923 „Zwischenspiel“ doch wenigstens noch einmal auf
679 2818 3220 2957 — Die Redaktion.heim, heran. Friederike, eine sinnliche Kokette, diese Sympathie für Sigismund nicht aufkei¬
301 2893 619 2957 Bühne zu rufen.
