3532 4224
1435 117 1873 210 box 25/5
355 102 1273 210 20. Zuischenspier
537 758 1550 820 für sich einnehmen muß, wird statt dessen diese Rol
528 795 1552 856 völlig unmöglich besetzt, wird Tempo, Stimmung, g#
530 836 1551 910 dämpfter Ton nur von Lina Lossen, die gute Momen
537 867 1544 955 hatte, und Carl Forest getroffen, der die Selbs
529 924 1542 988 verspottungen und entschuldigenden Zwischenreden de
537 950 1550 1024 Dichters recht gut brachte, so wird das Schmachtend
536 1002 1550 1064 schmalzig und es entsteht ein verdrießlicher Abenz
536 1040 1543 1116 während dessen man immer wieder zerstreut ngt
530 1083 1520 1154 draußen horcht und sich fragt: Wozu eigentlich?
1373 1141 1523 1203 G. L.
655 1211 1421 1308 Die Frau von vierzig Jahren.“
831 1276 1243 1342 Komödionhaus.
577 1311 1545 1400 Das in Wien und anderswo mit Erfolg auf
517 1361 1542 1424 geführte Schauspiel des Wieners Sil=Vara ha
519 1417 1556 1480 nun auch dem Berliner Publikum seine im Tite
524 1441 1548 1521 angedeuteten Geheimnisse gelüftet. Etwaige Neu¬
513 1492 1554 1560 gierde des Zuschauers wird ziemlich rasch befriedigt
508 1538 1558 1606 Ehe man sich dessen versieht, umarmen vierzig weib¬
506 1568 1555 1643 liche Lenze einen Zwanzigjährigen. Warum nicht?
513 1605 1555 1687 Noch bevor man das Schlagwort der „gefährlichen
508 1660 1550 1725 Jahre“ kannte, schöpfte die Bühne aus dem gefähr¬
500 1702 1551 1765 lichen Bunde von Alt und Jung dramatisch=wirksame
499 1736 1559 1791 Anregungen. Ein Landsmann des Autors, namens
505 1772 1559 1852 Grillparzer, hat bekanntlich in der Sappho=Tragödie
505 1817 1552 1896 der Bewältigung des Problems sehr würdig vor¬
500 1850 730 1916 gearbeitet.
584 1882 1540 1975 Sil=Vara freilich, dem man nicht erst mit solchen
503 1931 1549 2011 Hinweisen bange machen darf, hat es nicht gerade auf
506 1984 1532 2052 ethische Bereicherung abgesehen. Sein Ehrgeiz er¬
502 2022 1534 2089 schopft sich in dem Bestreben, das Heikle bühnen¬
504 2053 1539 2135 fähig zu machen und Erotik unter dem Gesichtswinkel
498 2100 1540 2155 höherer Jahrgänge zu bieten. Mit Hilfe von allerlei
494 2143 1542 2203 Theaterinstinkten versieht er die Szene mit soviel
494 2194 1541 2256 Kussen und Kniefällen, daß der dreiaktige Roman
488 2230 1535 2280 sein Auskommen dabei finden könnte, zumal im
497 2275 1525 2329 Schlußakte die Umarmungen an Bedenklichkeit nach¬
498 2303 1543 2378 lassen und der Hans endlich die richtige Grete um die
499 2339 1529 2407 Taille faßt. Aber die Wege, die zuguterletzt ins
490 2389 1537 2458 Fahrwasser von Moser und Benedix führen, sind nich
498 2426 1520 2498 sehr säuberlich. Ohne daß unser Interesse zunimmt
488 2464 1529 2540 werden wir andauernd mit der Gefühlspein einer
488 2521 1525 2581 Gealterten beschäftigt. Ihre Bekenntnisse bereiten
496 2542 1525 2621 Unbehagen, ihre Erlebnisse haben den Charakter vor
496 2589 1525 2652 Indiskretionen, ihre Anwandlungen zur Wehmu
480 2640 1516 2700 schleichen wie durch eine Lästerallee über den Bühnen
486 2670 1522 2748 raum. Bei dem Vorsatze angeblich Menschliches, in
494 2708 1493 2781 Wahrheit Theatralisches nicht zu leicht und nicht zu
494 2751 1525 2828 schwer zu nehmen, gerät der Autor in eine stofflich
492 2792 1515 2868 Banalitat, aus der ihn weder billige Aphorismer
480 2834 1512 2910 noch sonstiger feuilletonistischer Zierat retten. So
473 2868 1509 2945 scheitert die Hauptabsicht des Autors, die Frau vor
490 2918 1513 2981 vierzig Jahren für eine teilnahmsvoll sympathisch
480 2962 1512 3008 Auffassung ihrer Schmerzlichkeiten zu retten, an den
476 2999 1518 3074 nicht geringfügigen Umstande, daß er sie lächerlich
472 3035 629 3102 macht.
537 3086 1512 3142 Und das Publikum, das sich zu keinem tiefer grei¬
477 3110 1514 3193 senden Interesse für die liebesbedürftige Titelheldin
479 3173 1508 3238 verstehen wollte, suchte wenigstens, so oft sich Gelegen¬
477 3208 1508 3280 heit bot, zu lachen. Oft war die an einzelnen Bemer¬
474 3249 1511 3322 kungen geknüpfte Heiterkeit so zweideutig, daß man
463 3286 1522 3366 nicht wußte, ob mit dem Stücke oder über das Stück
469 3325 773 3387 gelacht wurde.
540 3379 1512 3453 Frau Fehdmer tat für die Hauptrolle sehr viel
463 3414 1516 3487 und wennn die Worte zu ihrem wehmutig sauften
475 3461 1501 3533 Tone immer gepaßt hätten, wäre es eine seyr anzie¬
470 3493 1513 3581 hende Frauenmelodie von Inhalt geworden. Den
466 3545 1502 3620 Zwanzigjährigen spielte Bruno Castner mit ergie¬
461 3573 1354 3642 bigem, schön beherrschten Temperamente.
1374 3603 1497 3657 Olga
469 3632 1491 3695 Engel gab sich, die ein anderes Maß von Vierzig¬
470 3656 1507 3725 jährigkeit zu füllen hatte, nicht übertriebenen Illusio¬
466 3704 706 3753 nen hin.
735 3710 1498 3779 Eine neu geschminkte Backfsschrolle
457 3745 1508 3820 nahm Agda Nilsson aufs Korn; da sie es nie#t mit
461 3792 1499 3856 den üblichen Reizen der Schalkhaftigkeit konnte, tat
461 3841 1507 3913 sie es mit Courage. Ein weites Stück Provinz
466 3863 965 3940 gab ihr dazu den Segen.
1303 3907 1470 3997 E. F.
755 4007 1173 4080 Der Wildschütz.
689 4052 1259 4124 Deutsches Opernhaus.
2468 190 2949 291 (Quelienangabe ohne Gewühr.)
2609 252 2838 338 BUSSISChE
2154 199 2598 356 Auschnit dls.
2965 216 3211 364 70, Barie
2148 366 2657 447 vom: 2751.P1975
2130 499 3226 596 Im „Deutschen Künstlertheater“ nahm man die dreiaktige
2045 505 2242 585 Komödie
2262 547 2662 619 „Zwischenspiel“
2700 571 2798 624 des
2826 572 3236 646 Wiener Arthur
2043 580 3236 692 GaumLarwiedrauf. Das Stück ist jetzt zehn Jahre alt und
2053 608 3228 721 ist uns mit seinen halben Tönen und unter der Oberfläche sich
2026 664 3226 756 dückenden Empfindungen namentlich in unserer in Stahl und
2025 693 3230 804 Eisen und damit in Wahrheit und Tat gepanzerten Gegenwart
2034 726 3228 843 nicht näher ins Verständuis gerückt. Das Zwischenspiel zwischen
2019 775 3220 880 dem Künstlerehepaare Adams, das nach großen und kleinen Ab¬
2015 813 3216 903 irrungen nicht in Dissonanz zerbricht, sondern sich wieder har¬
2019 847 3219 948 monisch zusammenschließt, ist so stark mit Wienertum durchtränkt,
2018 885 3207 994 daß es uns härter und herber Beherzten nur in diesem verständ¬
2016 935 3203 1021 lich erscheinen kann. Sie besitzen nicht den Walzertakt der Ge¬
2004 972 3203 1072 fühle und der Anschauungen, zu dessen Berechtigung die Senti¬
2003 1017 3202 1121 mentalität vollkommen genügt. Daher hätte man uns die Ko¬
1978 1123 3150 1237 mödie auch echt wienerisch vorspieten müssen. Aber stall dessen
1974 1168 3141 1264 standen als Vertreter der Hauptpersonen zwei Darsteller auf der
1967 1211 3154 1314 Bühne, von denen der eine aus seiner Bassermannmaske Anmut
1964 1256 3142 1361 vergeblich zu schlagen suchte und von denen die andere kühl bis
1970 1287 3153 1397 aus Herz hinan nie einen Pulsschlag des Traumdaseins gespürt
1960 1328 3155 1441 hat, durch das das Wiener Blut alleweil, auch durch die Zeit der
1955 1371 3144 1454 Tränen und Not, seinen schwanken Weg nimmt. Herr Kurt Götz
1962 1406 3150 1523 und Fräulein Lina Lossen stellten somit das ganze Zwischenspiel
1959 1449 3139 1548 auf Voraussetzungen, mit denen der Dichter kaum gerechnet hatte.
1960 1477 3139 1575 Sie streiften dem Falter den Farbenstaub von den Flügeln und
1953 1521 3136 1608 ließen ihn nur noch rein natunvissenschaftlich erscheinen. Das
1951 1577 3126 1673 gab dem Schauspiel und deu Abend eine Kühle, die sichtlich
1955 1599 2497 1691 auch den Zuhörer ergrif.
2980 1655 3085 1710 br.
2285 1833 2890 1938 Bresiallor Zere
2006 1873 2172 1930 vom:
2464 1960 3024 2046 Berlin, 25. September.
1817 2031 3072 2097 Das Erbe Otto Brahms hat sich, scheinbar mühelos und ganz
1760 2083 3071 2132 von selbst, verteilt: Hauptmann wird wohl mehr und mehr zu
1764 2112 3083 2173 einer Angelegenheit Reinhardts. Aber alle andern sichert sich offen¬
1764 2161 3082 2206 bar Barnowsky. Der Neubesitz Bassermanns gab ihm noch in
1773 2196 3084 2246 der letzten Spielzeit die Möglichkeit zu Brahms Ibsen: Man sah
1761 2223 3079 2289 bei Barnowsky eine frisch=erregte Aufführung des „Volksfeinds“,
1773 2288 3072 2337 eine nicht ganz so zielsichere Vorstellung des „Baumeister Solneß“
1776 2313 3081 2374 Jetzt wird mit „Nora“ die Linie weitergeführt. (Daneben wird
1778 2354 3083 2416 sogar der Sudermann der Brahm=Zeit nicht vergessen.) Und nun
1771 2396 3062 2449 wird rasch und energisch auch die Verbindung mit dem Schnitz¬
1776 2444 3082 2499 ler dieser Epoche wieder angeknüpft, durch die Neustudierung des
1772 2476 3085 2545 „Zwischenspiels“ im Deutschen Künstlertheater. Aber zehn
1772 2516 3074 2572 Jahre sind vergangen, seit die Komödie der Künstlerehe über die
1766 2550 3072 2622 Bühne Brahms ging. Damals spielte Bassermann. Aber auch
1765 2598 3078 2662 nach Bassermanns Ausscheiden lebte das Stück ohne ihn dort noch
1767 2655 3085 2699 weiter. Auch Barnowsky hat den Ehrgeiz, hier ohne Bassermann#
1759 2688 3080 2736 auszukommen, einen Jüngeren neben ihm zur Geltung zu brin¬
1758 2725 3076 2782 gen. Er gibt die Rolle des nervös=kultivierten Komponisten (die
1769 2765 3090 2812 übrigens ja auch Kainz gern in den Gastspielkoffer packte) dem
1772 2804 3090 2853 jungen Herrn Kurt Götz, der seit einem Jahre eine beträchtliche
1776 2852 3072 2896 Hoffnung bedeutet. Wer Herrn Götz etwa heute zum ersten Male
1770 2886 3074 2931 sah, konnte nicht begreifen, wie diese Besetzung zustande kam. Wer
1767 2931 3082 2992 ihn oft gesehen hat, versteht den Fehlschlag vollkommen: Götze
1768 3033 3068 3083 glaubt, Bassermann sein zu müssen, weil man so und so oft einer
1769 3070 3057 3115 jungen Bassermann in ihm sah. Er verleugnete also sich selbst mi
1763 3115 3066 3165 aller Heftigkeit und gab eine virtuose Kopie des Vorbildes uni
1766 3163 3064 3205 seiner Aeußerlichkeiten. Legte alles auf einen soitz u. scharfen, assek
1760 3197 3068 3249 tierten Ton an, den er nicht durchhalten konnte, verwischte Ueber¬
1768 3238 3077 3292 gänge, schuf Verbindungen ohne Sinn, machte Wichtiges unwesent¬
1771 3277 3062 3329 lich, Lautes leise und Leises laut. Wo war alles liebenswerte
1767 3309 3065 3369 Gleiten von gewollter Offenheit zu unbewußter Unaufrichtigkeit
1770 3356 3071 3405 wo die Leichtigkeit des Fühlens, wo die Zärtlichkeit und Wärme
1774 3394 3074 3446 des äußerlich mühsam Beherrschten? Alles Menschliche blieb Herrn
1769 3437 3074 3486 Götz fremd. Neben ihm Lina Lossen mit ihrer patrizisch¬
1762 3475 3082 3536 bürgerlichen Schwere, mit ihrer an Sprödigkeit grenzenden Ver¬
1763 3513 3071 3578 haltenheit, mit ihrer unverrückbaren feelischen Solidität, die dem
1777 3565 3078 3607 Partner selten entgegenkommt. Das war nicht das Suchen und
1773 3597 3084 3659 Fliehen, das Sichgehören und Scheiden der Gefühlsgenossen,
1777 3645 3075 3696 sondern das harte Zusammenarbeiten zweier Schauspieler, die
1779 3678 3075 3721 nichts miteinander gemein haben, von denen jeder nur von der
1775 3723 3085 3773 bittern Not seiner Rolle regiert wird. Der Rest von Schnitzlers
1769 3766 3077 3818 „Zwischenspiel“ blieb der Literatentypus Carl Forests, der
1764 3798 3078 3843 durch die Beweglichkeit und bei aller Berechnung des Notwendigen
1766 3842 3079 3891 grundechte Natürlichkeit des Wortes, des Blickes und der Gebärde
2872 3876 3016 3933 A. W.
1776 3884 2367 3944 immer die Szene beherrschte.
