3484 4384
1371 153 1800 248 box 25//3
303 158 1190 248 20. Zuischensbiel
1201 489 1567 591 Telephon 12801.
1341 601 1427 661 59
669 622 1380 718 JUBSENVER
494 715 1585 771 I. österr. behördl konz. Unternehmen für Zeitungs-Aussohnitte
688 767 1409 835 Wien, I., Concordiaplatz 4.
894 831 1204 889 Vertretungen
496 871 1580 933 in Berlin, Budapest, Chicago, Christiania, Genf, Kopenhagen,
505 918 1581 967 London, Madrid, Mailand, Minneapolis. New-Vork. Paris, Rom,
669 958 1435 1016 San Francisco. Stockholm, St. Petersburg.
833 1003 1253 1048 (Quellenangabe ohne Gewähr)
503 1066 1007 1166 Ausschnitt aus#u##e
1009 1079 1592 1182 fartes Wienef Extrablatt
1051 1158 1222 1218 1 1905
497 1174 653 1225 vom:
605 1263 1506 1337 * Aus Prag, 22. November, wird uns tele¬
490 1319 1489 1383 graphirt: Arthur Schnitzlers „Zwischenspiel“
487 1349 1597 1444 fand bei der heutigen Erstaufführtag im Neuen 12
520 1414 1580 1519 Deutschen Theater eine sehe freundliche #
513 1455 1510 1533 Aufnahme. Nach dem dritten Acte wurde das
1530 1478 1588 1536 □
511 1499 1508 1583 Publicum in Folge der dramatisch wirksamen
1510 1531 1572 1590 50
514 1538 1499 1619 Auseinandersetzungs=Scene besonders warm. Die
1518 1576 1562 1612 6
511 1579 1516 1665 Darstellung hielt sich auf einer anständigen Mittel¬
1517 1608 1568 1657 9
509 1623 1508 1705 linie, nur Herr Lengbach, welcher als Fürst
1526 1630 1591 1711 8
500 1656 1584 1777 Lohsenstein eine ungemein glückliche Figur machte, jsg
497 1709 1143 1775 erhielt Beifall auf offener Scene.
1105 2319 1480 2396 Telephon 12801.
1172 2400 1336 2479 55
590 2433 1282 2539 „UBSERVER
414 2509 1494 2588 I. österr. behördl. konz. Unternehmen für Zeitungs-Ausschnitte
604 2572 1327 2647 Wien, I., Concordiaplatz 4.
812 2638 1136 2700 Vertretungen
426 2680 1505 2747 in Berlin, Budapest, Chicago, Christiania, Genf, Kopenhagen,
416 2728 1507 2788 London, Madrid, Mailand, Minneapolis, New-York, Paris, Rom,
583 2770 1340 2840 San Francisco, Stockholm, St. Petersburg.
766 2813 1181 2866 (Quellenangabe ohne Gewähr.)
422 2885 846 2978 Aussehnitt aus
862 2896 1564 3010 ünchner Noueste Nachrichten
438 2993 580 3052 vom:
978 3007 1209 3079 5 11
615 3068 1539 3140 B. Prager Theater. Am Mittwoch wurde Artur
643 3111 1543 3175 chnitzlers Komödie „Zwischensviel“ zum ersten
577 3160 1535 3212 Mar Es war kein stürmischer Erfolg, aber das
586 3198 1532 3248 Publikum war doch interessiert. Am besten gesiel der dritte
579 3242 1544 3304 Akt, wo die dramatischste Szene, die mit dem Fürsten
578 3270 1531 3317 Sigismund, Beifall bei offener Szene fand. Es wurde
574 3300 1540 3375 recht gut gespielt, nur gingen die Feinheiten des Dialoges
575 3353 1521 3405 manchmal durch Unverständlichkeit des Sprechens ver¬
584 3395 1545 3462 loren. Am Schlusse konnte sich der Regisseur im Namen
573 3422 970 3504 des Dichters bedanken.
1407 3468 1512 3580 5
2186 270 2596 395 K
2111 446 2435 493 Telephon 12891.
2940 524 3000 581 9
2248 516 2936 645 „OBSERVER
2058 646 3172 704 1 österr. behördl. konz. Unternehmen für Zeilungs-Ausschnitte
2267 698 2992 763 Wien, I., Concordiaplatz 4.
2479 760 2779 829 Vertretungen
2064 797 3169 870 in Berlin. Budapest. Chicago, Christiania, Genf, Kopenhagen,
2065 870 3170 920 London, Madrid. Mailand, Minneapolis, New-York, Paris, Rom,
2258 893 3003 937 San Francisco, Stockholm, St. Petersburg.
2431 935 2837 974 (Quelienaugabe obse Gewähr,)
2278 946 3157 1018 Montagsblatt aus Bonmen, Prag
2051 1011 2460 1082 Ausschnitt aus:
2065 1113 2225 1171 vom:
2239 1112 2572 1207 B
2232 1179 2988 1285 Prager Theaterwoche.
2470 1265 2775 1343 Schauspiel.
2402 1330 2836 1395 Zwischenspiel.
2147 1385 3046 1474 4 (Komödie von Artur Schnitzler; im Neuen
2305 1432 2918 1497 Deutschen Tha#####ov.)
2200 1493 3082 1547 Es gehört sich, Artur Schnitzler mit einer sehr
2130 1539 3075 1613 weihevollen Miene gegenüberzutreten. Man läßt
2129 1594 3090 1648 aalle Keckheiten zu Hause, darf nicht vorlaut sein und
2133 1635 3084 1697 ssitzt im Fauteuil, wie im Vorzimmer des Königs,
2148 1687 3076 1745 innerlich ausgebügelt, mit frischem Hemd und ge¬
2134 1728 3099 1800 putzten Stiefeln angetan und hat zu wart n, bis des
2143 1776 3092 1844 Königs Worte in uns nachklingen, uns aufrühren
2135 1841 3104 1897 und bereichern. Trotz dieser respektvollen Bere tschaft
2140 1878 3102 1940 und dem Willen, ein gutes, aufnahmssähiges In¬
2145 1935 3100 1991 strument zu sein, wird man diesmal vergeblich ge¬
2141 1981 3098 2034 wartet haben. Langeweile, maßlose Langeweile
2146 2022 3099 2085 empfand man diese drei langen Akte hindurch und
2136 2068 2992 2142 ging dann nach Hause, so klug als wie zuvor.
2213 2120 3094 2181 Ein kleiner Novellenstoff, aus dem sich allenfalls
2146 2177 3098 2233 eine traurig=komische Betrachtung drehen ließe. Mann
2148 2220 3102 2275 und Frau werden einander sexuell langweilig, sind
2141 2268 3103 2319 aber sonst durch x andere Fäden aneinander ge¬
2154 2309 3106 2365 bunden und versuchen es mit Ausschaltung dieses
2155 2364 3102 2419 einen Fadens weiter zu leben, Freunde, Kameraden
2145 2405 3097 2467 zu bleiben. Zuerst gehts. Der Gatte springt plötzlich
2151 2452 3106 2510 wieder wie ein junges Füllen, kann seine Freiheit
2149 2498 3102 2564 auskosten, ohne von Gewissensbissen geplagt zu sein,
2149 2557 3104 2604 die Frau zieht in die Ferne. Als sie wiederkommt,
2154 2602 3101 2655 erfrischt von der Freiheit, erhitzt von verlangenden
2151 2643 3104 2700 Blicken der Andern, da spinnt sich der eine zerrissene
2157 2688 3107 2765 Faden wieder an, die Freundschaft, Kameradschaft
2166 2742 3115 2810 zerstiebt in alle Wolken, der Gatte sieht wieder das
2156 2792 3117 2847 Weib und fliegt in ihre Arme. Aber jetzt will sie
2163 2835 3114 2901 nicht. Cäcilie wird plötzlich auf sich selbst eifersüchtig,
2161 2884 3114 2940 das Ich der Erinnerung eisersüchtig auf die neue,
2167 2929 3124 3000 erfrischte Cäcilie und die Wiedergefundenen scheiden
2168 2992 2407 3043 von Neuem.
2242 3008 3117 3087 Nicht, daß der Punkt, um den sich die Affaire
2167 3071 3123 3128 dreht uninteressant wäre. In diesen drei Akten
2170 3118 3112 3180 werden zwei sehr intime Themen angetippt: Erstens
2175 3168 3114 3230 einmal die Frage der Diskretion in der Ehe, zweitens
2172 3217 3117 3274 das Thema von der Dauerhaftigkeit der Liebe. Nur
2174 3263 3118 3326 ein flüchtiger Blick genügt, um erkennen zu lassen,
2176 3319 3127 3376 wie wenig zart diese zwei zartfühlenden Menschen in
2175 3357 3122 3417 ihrer Offenheit gegeneinander sind, wie brutal eigent¬
2175 3415 3121 3467 lich das Nichts Verschweigen im Ehebund sich aus¬
2176 3444 3128 3518 nimmt. Das zweite Thema, das mit dem ersten eng
2166 3516 3125 3560 verknüpft ist, das Ja=Verschweigen als Voraussetzung
2166 3549 3134 3633 hat. ist die Frage: Wie es möglich wäre, zwischen
2174 3617 3123 3679 Mann und Frau das verlöschende Feuer stets wieder
2183 3675 3134 3728 auflackern zu lassen? Schnitzler gibt die unbewußt Ant¬
2181 3719 3133 3768 wort: Verwandle Dich, habe Talent genug, von Zeit
2176 3770 3125 3824 zu Zeit dich neu zu häuten. Es ist das schöne
2167 3819 3124 3859 Rezept, das auch sonst dem Menschen darüber hin¬
2179 3871 3126 3920 weghilft, sich selbst auf die Dauer nicht langweilig
2174 3909 3126 3957 und widerwärtig zu werden. Aber bei Schnitzler
2181 3963 3132 4014 kommt man leider nicht dazu, an diesen zwei inte¬
2167 4011 3134 4058 ressanten Fragen Interesse zu bekommen. Von allen
2163 4060 3144 4106 unangenehmen Dingen des Stückes abgesehen, von
2172 4100 3116 4147 der unwahren, dozierenden, ewig analysierenden
3147 1361 3180 1402 :
