3484 4352
1346 294 1826 385 bex 25/1
290 250 1319 398 20. Zwischenspiel
389 961 629 1150 P
642 962 1202 1160 Zwischenspiel.
536 1117 1267 1206 Komödie von Artur Schnitzler.
394 1179 1379 1274 Uraufführung im Wiener Hofburgtheate
674 1230 1118 1305 am 12. Oktober 1905.
494 1258 1375 1347 Am deus Adam und seine Frau Cäcilie sind
395 1312 1370 1391 Adelsmenschen. Richt mur, weil sie ehrfürchtigen
398 1361 1369 1422 Sinnes ihren hohen Herrin, der edlen Frau Musita,
391 1414 1383 1472 deuen, und auf ihrer Stirne das könißliche Diaden
420 1458 3401 1546 des Genius tragen. Sondern weit sie in alle Be=„ Frau Gäeilie nur ein Spelball gewefen zu sein, ein1 fühlen dieser vornehmen und doch in ihr Sexus gesl paßt
428 1507 1379 1591 ziehungen des Lebens, auch in jene, die das dunkle
1360 1528 2330 1591 armseliges Mittel ihren Gatten fester an sie zu
2308 1531 3263 1597 fangenen Menschen spricht das tiefste Verständnis,
3243 1533 3402 1588 und in
433 1560 1380 1614 Unterbewußtsein des Sexus regiert, Wahrheit und
1379 1558 2333 1620 fesseln. Eines solchen Glückes wie das — ihr Gatte
3252 1566 3401 1628 das B
2312 1564 3274 1617 das ein deutscher Dichter der Gegenwart für seine
438 1600 1370 1660 #reiheit bringen. Ein aufrichtiger Bund ist ihnen die
1369 1612 2324 1668 zu werden — hat er sich ohnehin im stillen immer für
2308 1607 3262 1678 Menschen hatte. Nur ein Dramatiker spricht nicht
3248 1614 3414 1681 zugleich
423 1634 1367 1703 Ehe, den kein Zwang, nur herzlicher Wille binden soll
1374 1651 2314 1706 unwürdig gehalten. Und die beiden Männer, die ein¬
3280 1655 3398 1725 Wi
2311 1653 3273 1712 daraus. Dabei ist es überaus keltsam, daß auch dieses
429 1684 1373 1739 Sieben Jahre der Liebe und köstlichen Verstehens
1364 1691 2326 1750 ander fast gemordet hätten, scheiden versöhnt wieder
2303 1694 3269 1743 heimliche, tiefgehende Schauspiel in allem Nebensäch¬
419 1719 1373 1799 haben sie mit einander verlebt. Nun lockert sich leise
1367 1741 2322 1789 als Freunde von einander. Aber wie die Gatten sich
2304 1716 3299 1798 lichen Schnitzler in vollem Besitze seiner ganz außer¬
431 1767 1375 1827 das Band. Nicht daß sie aufhörten, einander jene
1373 1771 2331 1834 gegenüber stehen, da tut sich ein Abgrund zwischen
2307 1780 3309 1846 ordentlichen dramatischen Gewalten zeigt. Er läßt
421 1806 1376 1863 seltenste Hilfe zu bieten, die im gegenseitigen Ver¬
1363 1819 2325 1878 ihnen auf. Cäcilie liebt ihren Gatten, und doch fühlt
2312 1809 3285 1876 eine satirische Nebenfigur nur einige pointierte Sätze
424 1841 1379 1913 trauen liegt. Aber als Künstler und Menschen sehnen
1364 1860 2326 1919 sie unaufhaltsam sich ihm entgleiten. Nicht nur, weil,
2317 1859 3283 1926 sprechen, und die Leute lachen, ohne sich später dessen
430 1888 1367 1953 sie sich nach neuen Erlebnissen, dürsten sie nach neuen
1364 1891 2318 1959 wie sie wohl sagt, morgen eine neue Liebelei ihn von
2317 1905 3294 1960 schämen zu müssen. Sein Dialog ist von einer er¬
424 1925 1379 1997 Abenteuern. Er hat sich in eine gefällige Sängerin
1365 1943 2319 2004 ihr fortführen kann, sondern weil sie heute als andere
2318 1946 3283 2005 staunlichen, gedankenschweren Knappheit. Hohe, ernste
412 1977 1370 2030 verliebt, sie lockt die naive Verehrung eines jungen
1364 1977 2327 2036 anders liebend und anders geliebt, in seinen Armen
2315 1979 3281 2045 Geheimnisse regen sich unter Schleiern, die der Dichter
419 2010 1366 2069 Fürsten. Entschlossen macht er die Probe auf das
1367 2030 2318 2080 ruhte, weil sie durch ihren eigenen Mann — nicht
2307 2026 3284 2078 absichtlich über sie breitete. Aber eben diese Absicht ist
415 2063 1374 2121 Exempel der Aufrichtigkeit. Kein Verschweigen, kein
1362 2063 2313 2126 durch einen Liebhaber, wie die Leute dachten — zur
2307 2074 3284 2124 zu tadeln. Schnitzler kann so viel, daß er, nach echter
411 2099 1373 2158 Betrug! Sie suchen neue Wege — sollten sie sich
1357 2096 2315 2159 „Gefallenen“ ward. Das hat ihre glimmenden Be¬
2306 2120 3279 2157 Dichter Art, alles dessen müde ist. Was ihm gelang,
399 2139 1368 2198 gegenseitig verstellen? Das wäre ihrer unwürdig. Sie
1359 2149 2313 2197 gierden zur Flamme angefacht. Ein neues Leben —
2309 2154 3282 2217 hat er damit auch schon überwunden. Er sucht nach
399 2171 1369 2250 geben sich frei. Aber, meint Amadeus, Freunde blei¬
1363 2189 2321 2259 kein besseres, jedenfalls aber ein bunteres — erwartet
2311 2188 3273 2247 neuen Möglichkeiten für seim Schaffen, sammelt
410 2215 1372 2272 ben sie deshalb doch. Und ihr Bub ist auch da. So
1369 2232 2312 2287 sie. Die beiden werden sich immer nacheinander sehnen,
2317 2219 3279 2304 Schwierigkeiten, um sie zu bestegen, verknüpft selbst
407 2264 1365 2331 sollen sie beisammen bleiben und nichts soll anders
1367 2259 2325 2325 und doch nie wieder erleben können, was sie einmal er¬
2308 2276 3215 2331 unentwirrbare Knoten, um sie dann zu entwirren.
418 2309 1377 2371 sein als das „eine". Eine kleine Veränderung, scheint
1363 2321 2318 2367 lebt haben. So ward, was wie ein heiteres, kleines
2339 2304 3272 2382 Soging er seinen einsamen Weg“ so spielte
413 2341 1301 2400 es. Eine große, wie sie bald empfinden werden.
1365 2357 2316 2419 Zwischenspiel gedacht war, für diese zwei Menschen
2307 2350 3284 2428 er uns sein „Zwischenspiel“ auf. Aber immer
453 2374 1386 2441 Denn wie sie sich wiedersehen, er, nachdem sein
1371 2390 1939 2457 zu einem schmerzlichen Finale.
2321 2397 3279 2467 wieder suchen wir den Schnitzler von früher mit seine.
406 2420 1375 2491 flüchnges Abenteuer vergaukelt, sie, nachdem sie in der
1405 2419 2319 2506 Das ist in Kürze der Inhalt von Artur Schnitzlers
2313 2428 3289 2501 heiteren Verachtung und charmanten Wehmut, den
410 2469 1372 2526 Ferne an ihres jungen Lieblings Seite Triumphe er¬
1366 2457 2321 2552 neuer Komödie. Sehen wir zu, was für Motive sie
2307 2490 3269 2549 Spieler mit bunten Zufällen, den Gaukler, der so oft
415 2509 1380 2575 rungen hat — stehen sie sich verändert gegenüber.
1357 2507 1576 2580 anschlägt.
2310 2520 3265 2585 und immer reizvoll dem Verhältnisse von Tod und
408 2545 1373 2619 Auch jetzt noch die Wahrheit, natürlich! Das sind sie
1403 2549 2317 2619 Da sind zwei Menschen, die einander verstehen bis
2305 2569 3274 2637 Liebe nachspürte. Ist es nur unsere Schuld. daß wir
410 2592 1364 2647 sich schuldig. So sagt sie ihm denn, daß ein dritter
1370 2589 2325 2666 ins Innerste. Und im Augenblick der größten Ent¬
2306 2604 3268 2669 ihn damals vielleicht weniger achteten, aber sicher mehr
415 2633 1370 2688 ihr gefährlich werden könnte. Er aber begehrt sie
1372 2646 2312 2708 scheidung ahnt der Mann nichts von den unergründ¬
2302 2656 3268 2708 liebten? Es ist auch die seine. Er zupft die Fäden
416 2669 1367 2732 wieder, sie, die das Leben fern von ihm, die Leiden¬
1361 2686 2309 2741 lichsten Geheimnissen seiner Frau. Sie sieht durch
2309 2684 3275 2751 so vielfach, daß sich das Gespinst verwirrt. Und doch
416 2709 1367 2768 schaften der andern für sie, das leise Pochen erwachen¬
1356 2721 2318 2796 ihn, indeß sein Blick stumpf ist. Die Frauallein
2354 2729 3272 2794 — mit aller Feinheit — wird ihm, nie wie Ibsen,
402 2761 1375 2820 der eigener Begierden seltsam gewandelt hat. Nicht
1367 2771 2314 2820 hat das Genie der Liebe... Da gibt sich
2311 2768 3277 2836 den er einholen will, das Problem zu einer Gestalt,
409 2794 1371 2861 wieder seine Frau, eine neue Geliebte soll sie ihm sein.
1359 2813 2325 2872 ein Paar die Freiheit, unbegrenzt, schrankenlos. Der
2308 2809 3270 2877 sondern er gestaltet nur ein Problem. Auch im
403 2832 1369 2899 Sie widersteht ihm nur schwach; wie er sie gewinnt,
1364 2849 2315 2899 Mann macht durch Taten, die Frau durch
2309 2847 3270 2905 „Zwischenspiel“ ist er unser anregendster
411 2873 1369 2947 fühlt sie wohl dumpf, daß er ihr erster Liebhaber war
1358 2884 2324 2955 Wünsche von ihr Gebrauch ... Da binden sich die
2302 2882 3275 2948 Dramatiker. Aber er könnte — das wissen wir seit
412 2920 1363 2981 und die Zeit ehrbarer Gewöhnung für sie vorüber sei.
1365 2925 2316 2999 beiden Gatten durch die Wahrheit und werden zu
2303 2933 3044 3010 dem „Schleier der Beatrice“
3098 2938 3268 3009 unser
410 2954 1375 3013 Mit dem eigenen Manne hat sie zuerst die abschüssige
1367 2968 2321 3027 spät gewahr, daß diese Fessel ihr Glück zerschneidet.
2310 2966 2800 3031 bester Dramatiker sein.
409 3004 1363 3062 Bahn betreten. Er ahnt es nicht; glaubt er doch wie
1359 3011 2318 3070 Ein kleiner, unbedeutender Betrug, und die Krise
2341 3004 3269 3077 Im Burgtheater war es ein Erfolg — aber
405 3059 1363 3110 alle Welt, sie hätte sich ihrem jungen Freunde hinge¬
1356 3052 2314 3109 wäre unbeachtet und folgenlos vorüber gegangen. Der
2298 3053 3256 3125 mehr ein Erfolg Schnitzlers als seines Werkes.
404 3087 1362 3149 geben. Und worüber der Gatte scheinbar so leicht
1370 3088 2302 3151 Fluch der Wahrheit! So selisam ändern uns
2303 3102 3269 3159 Die Gelegenheit war endlich für das Publikum ge¬
412 3132 1366 3187 hinweg kam, das scheint dem Liebhaber unerträglich.
1362 3128 2309 3190 die Erlebnisse, daß wir nur die Gleichen zu bleiben
2300 3143 3266 3202 kommen, um dem Dichter, den direktoriale Unfähig¬
400 3172 1373 3220 Das Tier in ihm ist erwacht; der andere muß hinaus
1366 3182 2314 3238 scheinen und uns mit uns selbst betrügen
2302 3184 3261 3240 keit lange Jahre von der Hofbühne ferngehalten hat
406 3222 1364 3277 aus dieser Welt, die erst wieder licht sein kann, wenn
1359 3220 2310 3282 können ... Die innigste, achtungsvollste Liebe kann
2298 3214 3312 3301 seine Sympathie zu bezligen. Der Beifall galt eher##
397 3250 1366 3324 der arme Fürst Sigismund von ihm ausgetilgt wurde
1360 3250 2315 3333 von einer Verwirrung des Geschlechtes zer¬
2304 3267 3296 3341 dem Lebenswerk des Dichiers als diesem einzelnen &
397 3307 1370 3355 aus dem Buche des Lebens. Da öffnet sich die Türe;
1361 3303 2316 3349 stört werden daß nur Trümmer bleiben ... Der
2310 3289 3323 3380 Werke, das mit unheimlicher, nachtwandlerischer E.
393 3347 1366 3400 vor ihm steht der Jüngling. Bescheiden und liebevoll
1361 3348 2316 3403 Mann glaubt an die Macht der Worte; die Frau ist
2300 3341 3291 3415 Sicherheit, an Abgründen burlesker Komil vorbei, zu g
403 3384 1368 3438 erbittet er von dem Gatten die Hand der Gattin..
1370 3382 2322 3452 so fein und tief, daß sie erraten werden will ...
2303 3381 3298 3445 nadelspitzen Felsen künstlicher Konflikte sich versteigt. B
408 3424 1363 3476 Dies unerträgliche Verhältnis muß ein Ende finden.
1397 3433 2315 3490 Diese Motive und noch viele andere, richt weniger
2304 3428 3318 3495 Sicherlich aber begrüßte er auch Herrn Kainz, der 1#
400 3467 1369 3518 Seine ehrbare Zurückhaltung sehnt sich zu heftig nach
1352 3454 2321 3524 reizvoll und gefährlich, werden angeschlagen. Ihre
2304 3465 3322 3520 von kindlichster Künstlereinfalt, liebenswürdigsteru
407 3501 1358 3562 der legitimen Freude. Da wird für Amadeus Adams
1358 3509 3249 3583 Fülle deutet zugleich auf die Armut wie auf denMännchenhaftigkeit, lebhaftester Leidenschaft und
3234 3518 3328 3574 2
408 3543 1366 3610 die Welt wieder licht; alles wird wieder sein wie einst,
1356 3549 3262 3612 Reichtum des Werkes. Es ist ein dürftiges schwaches überteugendster Genialität war. Fräulein Witt
400 3582 1370 3645 glaubt er. Er möchte dem armen guten Jungen am
1360 3597 3321 3642 Stück: aber es überquillt von schöner Dichterweis= spielte die Cäcilie. Mehr ist über sie nicht zu sagen. In.
409 3636 3328 3713 liebsten um den Hals fallen. Der glaubt freilich für heit, die nicht in Sentenzen abtropft. Aus den Ge¬ Den Fürsten Sigismund verkörperte — das Wort idi
