3484 4352
1161 202 1735 288 box 25/2
205 208 1107 306 20. Zuischenspiel
1576 775 2441 842 zusammen, auch wenn ven hundert Fäden einer ge¬
655 784 1531 848 Vertreterschaft zu erobern, ist der Wahlkampf in diesem
1567 822 1737 878 rissen ist.“
660 836 1533 884 Jahre ein besonders erbitterter, da die Sozialdemo¬
1619 842 2423 917 Amadeus reist nach Italien, seine Frau nach
655 871 1536 920 kraten alles daransetzen, wieder das Uebergemicht zu
1563 899 2433 962 Berlin, wo sie, die geniale Opernsängerin, von
655 902 1537 957 erlangen. Der Vorstand der Kasse hatte sich bei ihnen
1576 939 2433 1001 Erfolgen berauscht wird. Beim Wiederzusammen¬
663 949 1540 1008 besonders dadurch unbeliebt gemacht, daß er dem
656 976 1539 1054 Geschäftsführer Täterow die Kündigung zuschickte. In
1566 993 2445 1047 treffen in Wien erscheint dem Gatten, der sein
661 1022 1529 1074 der Generalversammlung am 10. Juli kam es zu
1565 1030 2433 1092 außereheliches Abenteuer hinter sich hat, die Frau in
667 1060 1531 1125 wüsten Szenen, die den Vorsitzenden veranlaßten, die
1571 1070 2434 1123 einem so verführerischen Reiz, so neu, so umwittert
665 1098 1534 1147 Sitzung vorzeitig zu schließen und für die nächste
1576 1110 2432 1179 von einem sinnbetörenden Duft, daß er die
669 1142 1537 1186 außerordentliche Generalversammlung polizeilichen
1581 1156 2453 1224 Widerstrebende, die sich mühsam in ihrer neuen
664 1176 1544 1229 Schutz zu requirieren. Diese Vorgänge werden dem
1571 1207 2449 1274 Freiheit aufrecht hält, feurig bestürmt, von Eisersucht
670 1213 1540 1273 Vorstande jetzt von sozialdemokratischer Seite vorge¬
1582 1247 2452 1305 gestachelt, sie in die Arme schließt und sich in einer
673 1250 1545 1317 worfen; es wird behauptet, daß der „Reichsverband
1578 1282 2457 1348 Liebesnacht mit ihr aufs neue vereint. Am nächsten
662 1289 1546 1358 zur Bekämpfung der Sozialdemokratie“ die Hand
661 1326 1543 1385 dabei im Spiele gehabt habe und daß Täterow ganz
1584 1329 2441 1391 Morgen aber ist der Traum zu Ende; das Er¬
663 1361 1547 1433 unberechtigterweise entlassen worden sei. Der Vor¬
1584 1374 2449 1437 eignis der Nacht zieht zwischen der empfindsamen
669 1404 1542 1466 stand dagegen bestreitet die Beteiligung des Reichs¬
1579 1419 2456 1493 Frau, die sich vor dem Lebensekel fürchtet, und dem
661 1438 1536 1501 verbandes und begründet die Entlassung Täterows,
1573 1467 2443 1519 Mann nur noch eine dichtere Scheidewand, und sie
663 1482 1553 1537 gestützt auf verschiedene Vorkommnisse, mit der Er¬
1586 1500 2451 1568 gehen voneinander. Das heißt, der Kapellmeister
666 1519 1553 1577 klärung, daß der Geschäftsführer nicht die genügenden
1587 1557 2448 1616 packt seine Noten ein und verläßt das Haus, während
677 1559 1557 1622 Fähigkeiten und Kenntnisse zur Leitung der Geschäfte
1588 1595 2447 1648 die Frau, die offenbar schwerer verzichtet, als sie sich
677 1598 1555 1656 besitze. Die Inanspruchnahme der Polizei sei gerade
679 1633 1563 1699 durch das Verhalten der sozialdemokratischen Mit¬
1585 1634 2277 1703 den Anschein gibt, weinend zurückbleibt.
664 1674 1561 1741 glieder notwendig geworden, die jede ordnungsmäßige
1632 1677 2456 1735 Um gegen Vorwürfe gerüstet zu sein, hat Schnitzler
675 1714 1555 1790 Erledigung der Geschäfte in den Generalversamm¬
1585 1731 2458 1777 eine amüsante Figur ins Stück gestellt: den Librettisten
679 1746 1563 1807 lungen hätten verhindern wollen. Er erläßt an die
1593 1780 2452 1826 Albertus Rhon, der immer zwischen den Vorgängen,
666 1798 1551 1856 Arbeitnehmer und nichtsozialdemokratischen Arbeit¬
1588 1814 2455 1876 die er miterlebt, und einem Stück, das er unter ähn¬
675 1829 1557 1893 geber den dringenden Aufruf, bei den Wahlen, die
1595 1852 2459 1926 lichen Voraussetzungen schreiben möchte, Parallelen
683 1868 1564 1931 von den Arbeitnehmern morgen abend zwischen 6½ und
1589 1906 2458 1955 zieht und gegen die Trivialität des wirklichen Lebens
675 1906 1553 1977 10 Uhr im Neuen Klubhaus, Kommandantenstraße 72,
1601 1944 2464 2006 seine eigenen, geistreicheren Kombinationen ausspielt.
675 1939 1571 2012 und von den Arbeitgebern am Dienstag abend zwischen
685 1991 1570 2039 8 und 10 Uhr in demselben Lokale vorgenommen
1589 1989 2460 2045 Aber Schnitzler ist weder dem Leben nachgegangen
690 2025 1563 2076 werden sollen, vollzählig zur Stelle zu sein, damit ein
1599 2033 2459 2089 noch den Ideen des Albertus Rhon, und ist so zu
683 2067 1516 2125 gleiches Resultat erzielt wird wie das letztemal.
1585 2074 2464 2144 einer feuilletonistischen Pointe, aber zu
735 2120 1561 2175 Der Zwist im Metallarbeiter=Verbande.
1594 2117 2458 2184 keinem wirklichen Abschluß gelangt. Sein Stück sei
679 2162 1564 2214 Seit dem verunglückten Streik in der Elektrizitäts¬
1589 2164 2455 2227 als ein mißglücktes „Zwischenspiel“ entgegengenom¬
685 2184 1565 2251 industrie hört der Hader im Metallarbeiter=Verbande
1606 2216 2471 2270 men, dem wohl bald ein wirkliches Hauptsoiel folgen
684 2224 1564 2272 nicht auf. So wurde gegen den früheren zweiten Be¬
1597 2255 2317 2307 wird, das man wohl von ihm erwarten darf.
690 2258 1559 2311 vollmächtigten Wiesenthal der Ausschluß aus dem
1653 2301 2461 2352 In der darstellerischen Wiedergabe fehlte der seine,
692 2303 1575 2363 Verbande beantragt, weil er während des Streiks hin¬
1598 2333 2469 2396 Schnitzlersche Grundton, der schließlich auch diesem
688 2338 1572 2401 ter dei Rücken der Zentralleitung verhandelt habe.
695 2378 1568 2428 Der Antrag wurde abgelehnt. Nunmehr ist auch
1608 2390 2463 2439 Werk zu eigen ist; unvermittelt derb, knallig standen
688 2415 1577 2472 gegen den gegenwärtigen ersten Bevollmächtigten und
1597 2427 2461 2486 die Farben nebeneinander. Herr Bassermann
686 2452 1570 2521 Hauptführer Adolf Cohen der Ausschluß beantragt
1603 2468 2467 2529 gab sich wohl mit dem Amadeus viel Mühe, aber
697 2509 853 2576 worden.
1604 2511 2468 2572 seinem ganzen Wesen ist die Weichheit, das Anatol¬
1604 2552 2473 2612 hafte, das auch dieser Figur eignet, zu fremd.
1611 2607 2474 2653 Doppelt fühlbar war auch gestern der rauhe Sprechton
728 2592 828 2690 5
1605 2649 2472 2700 und die Undeutlichkeit der Aussprache. Frau
977 2649 1306 2727 ITIEWE.
1608 2683 2468 2733 Triesch als Cäcilie traf als einzige die Note des
748 2681 1027 2777 S
1616 2731 2479 2786 Stückes und die Absicht des Dichters, Emanuel
945 2762 1368 2835 „Zwischenspiel“
1618 2784 2478 2829 Reicher aber machte aus der geistreichen Figur des
1606 2815 2489 2878 Stückes, dem Librettisten Albertus, einer Art
752 2833 1590 2882 Komödie in drei Akten von Arthur Schnitz¬
1611 2859 2480 2922 Räsonneur, eine schwerfällige, schäbige Winkel¬
697 2887 1576 2923 ler. Erstaufführung gestern im Lessing=Theater.
1619 2902 2483 2964 advokatenerscheinung und ließ obendrein die besten
762 2915 1588 2984 Schnitzler sollte für die sanfte Ablehnung, die sein
1624 2956 2491 3006 Sätze in den Souffleurkasten fallen. Für den jungen
701 2960 1591 3017 Werk am Wiener Burgtheater erlebte, in Berlin ent¬
1607 3006 2477 3052 Prinzen Sigismund den der Dichter als einen Typ
709 3014 1591 3058 schädigt werden, allein diesem schwächsten aller Schnitz¬
1613 3032 2487 3098 aus dem österreichischen Hochadel gestaltet bat. fand
712 3050 1592 3109 lerschen Stücke erblühte auch gestern an der Spree
1613 3090 2488 3138 man nur Herrn Grunwald; sicherlich ist das ein
714 3094 1591 3156 kein anderes Schicksal als an der Donau. Der erste
1611 3126 2501 3176 tüchtiger Schauspieler, aber für solche Aufgaben fehlt¬
710 3126 1583 3189 Akt wurde noch mit mäßigem Beifall ausgenommen,
1617 3165 2480 3237 es ihm doch wohl an Eleganz und natürlicher Vor¬
707 3171 1594 3227 der dramatisch bewegtere Schluß des dritten Aktes
1618 3209 1795 3280 nehmheit.
708 3221 1588 3271 packte ein wenig die Naiveren und brachte dem
2150 3242 2451 3312 Norbert Falk.
708 3263 1591 3314 Dichter einige Hervorrufe, jedoch die psychologischen
716 3309 1598 3378 Ungebeuerlichkeiten des Schlusses ließen das schnell ge¬
709 3358 1605 3415 machsene Heer der Zischer die Uebermacht über die
1670 3335 2437 3425 Königlichee Schauspielbaue,
718 3388 1598 3445 matt gewerdenen Freunde des sympathischen Wiene“
1681 3397 2498 3465 Der Froschkönig, remantische Komödie von
714 3443 1595 3496 Schriftstellers erreichen. Das Hauptübel dieser ver¬
1630 3454 2016 3509 Dietrich Eckart.
719 3471 1597 3535 fehlten Komödie ist, daß sie eben keine Komö¬
1670 3467 2488 3552 Das Klärchen vom Froschkönig, der tief unten im
716 3517 1592 3585 die ist, sondern in totaler Verfehlung des
1621 3533 2491 3604 Sumpf und Schlamm sein verlorenes Kömtgerich
716 3555 1609 3620 Sujet= Charakters ausgesprochene Lustspielmotive
1624 3582 2495 3627 betrauert und mit seiner nie zu stillenden Sehnsucht
1185 3606 1594 3674 Ein sonst so feiner,
714 3602 1134 3668 tragisch „vertieft“
1633 3624 2503 3679 die junge, keusche Froschkönigin beranleckt, bis sie ihn
1279 3651 1601 3710 sicher einschätzen¬
1182 3656 1268 3704 so
721 3649 1180 3710 seine Charaktere immer
1639 3670 2505 3724 mit einem Kuß errettet, hat dieser remantischen Ko¬
1038 3699 1591 3753 sie diesmal unrichtig gewertet,
723 3690 1035 3756 der Dichter hat
1628 3715 2501 3769 mödie seinen Namen geben müssen. Aber mir scheint,
726 3738 1601 3792 und das muß er nicht nur mit einem Mißerfolg,
1635 3770 2496 3809 der Auter hätte besier getan, sein Stück mit Seelen¬
725 3785 1610 3836 sondern mit dem Verlust eines guten Lustspiels be¬
1640 3796 2504 3862 rube „Der philosophische Manolesku“ zu nennen.
723 3823 1601 3872 zahlen. Im Grunde ist's die alte Geschichte vom
1633 3842 2497 3910 Ich meine das nicht wegen der vielen Hauptszenen
723 3866 1609 3923 Ehemann, der sich in seine eigene Frau verliebt, vom
1629 3886 2497 3945 und Personen, die wir schon zur Genüge aus der
724 3923 1608 3971 geschiedenen Gatten, der die von ihm getrennte Frau
1639 3925 2506 3993 Schauspielbaus=Literatur kennen. Zu dem Helden
721 3961 1613 4005 erst nach der Scheidung lieb gewinnt, das alte Motio
1640 3969 2507 4032 dieses Stückes hat in der Tat und unzweifelhaft der
721 4004 1609 4045 von dem in der Phantasie steigenden Wert dessen,
1636 4009 2496 4073 olle, ehrliche Manolesku Patbe gestanden. Dietrich
723 4047 1609 4092 was man nicht besitzt oder leichtfertig verloren hat.
2362 4060 2493 4120 — Aber
1643 4059 2331 4119 Eckart führt ihn als „Ein Herr“ ein.
734 4090 1614 4136 Darin sind Kinder und Liebhaber einander gleich:
1769 4099 2512 4146 Herr schickt bei seinem Besuch eine
1648 4111 1738 4153 dieser
1117 4127 1263 4181 —
2449 745 2712 817 die Herren E.
2455 801 2701 858 und Frl. r.
2456 845 2716 899 einen dummer
2461 891 2715 943 hätte er wen
2455 931 2717 987 bringen könne
2471 969 2717 1034 glänzender An
2467 1024 2695 1077 horreur —
2475 1058 2722 1115 man im Kön
2467 1096 2721 1169 möglich gehal
2514 1183 2662 1257 1
2521 1319 2721 1377 Nun end
2465 1362 2716 1422 durchgerunger
2472 1403 2721 1458 ganzen literai
2481 1450 2709 1500 Ballast für
2482 1492 2714 1547 worsen und
2481 1532 2721 1592 Mund gest
2482 1577 2713 1632 den der Aut¬
2484 1617 2721 1676 Rührmichnick¬
2484 1658 2713 1721 unter dem 2#
2479 1705 2723 1765 gramm figus
2491 1746 2682 1804 „Lustspiel“
2488 1797 2643 1847 haben.
2495 1835 2715 1891 novellistischer“
2488 1872 2710 1939 möglich auf
2484 1924 2707 1977 Berns wart
2485 1964 2705 2025 zahmen Eng
2487 2011 2707 2065 übrigens um
2499 2053 2705 2105 stirbt, ferr
2496 2097 2686 2150 Annerl (Fr
2498 2144 2637 2198 Lehmann
2482 2224 2522 2274 1
2657 2531 2703 2583 se
2521 2575 2692 2627 „jerehberje
2500 2618 2694 2690 Herr Sch
2503 2665 2671 2720 würzten.
2516 2685 2703 2758 einige Sö
2513 2750 2707 2805 Presse hir
2511 2785 2653 2857 sionen“,
2511 2836 2666 2897 erzielte.
2512 2877 2697 2935 könnte sich
2510 2923 2706 2981 Bonn nes
2510 2969 2688 3020 von den
2506 3004 2695 3066 vor die R#
2520 3051 2710 3116 der umfa
2515 3093 2702 3154 Bühne w#
2519 3142 2700 3201 Kritik en
2518 3190 2680 3238 verroht
2521 3230 2698 3301 gestern g
2564 3354 2601 3415 —
2525 3392 2697 3461 Mademe“
2531 3440 2698 3495 „Opérs
2534 3484 2696 3544 Resine 1
2520 3529 2677 3591 graziöse
2534 3577 2688 3638 nahmen
2525 3615 2691 3674 Klange
2526 3656 2706 3717 heller, ui¬
2529 3700 2710 3754 und, p##
2523 3746 2704 3804 Bildung.
2533 3789 2702 3839 die Entr¬
2535 3829 2707 3892 Musterkau
2536 3877 2713 3928 kleine Fie
2536 3913 2719 3970 und Stau
2541 3962 2707 4018 der Ausf¬
2540 4048 2710 4104 ven techn
2536 4087 2695 4142 lingt ja
