3484 4352
1359 221 1810 320 box 25//2
296 240 1188 342 20 Zwischenspiel
1219 444 1615 542 Telephon 12801.
690 532 1398 652 „OBSERVER“
517 661 1596 711 I. österr. behördl. konz. Unternehmen für Zeitungs-Ausschnitte
710 697 1443 783 Wien, I., Concordiaplatz 4.
918 769 1228 824 Vertretungen
527 804 1618 884 in Berlin, Budapest, Chicago, Christiania, Genf, Kopenhagen,
522 867 1617 921 London, Madrid, Mailand, Minneapolis, New-Vork, Paris, Rom,
686 898 1462 960 San Francisco, Stockholm, St. Petersburg.
862 939 1298 997 (Quellenangabe ohne Gewähr)
516 986 1545 1070 Ausschnitt aus Tadseh
527 1106 928 1196 vom  * 4
727 1195 1382 1300 Theater und Musik.
467 1285 1652 1344 „. Berlin. Im Lessingtheater fand Arthur Schnitzlers Zweschen¬
433 1328 1652 1388 spiel, Komödie in drei Akten, ein Stück echter nenzeitlicher Wiener
429 1371 1642 1419 Kunst, den Beifall eines literarisch gestimmten Hauses der freilich am
434 1407 1651 1477 Schluß durch die Opposition eine Abschwächung erfuhr. Schnitzler
423 1455 1654 1507 konnte nach den Aktschlüssen sowie am Schluß mehrfach erscheinen.
432 1493 1642 1541 Einen tiefen Eindruck wird sein Stück gerade auf das Berliner Pub¬
419 1521 1642 1584 lkum nicht hinterlassen haben, dem wehl die nervösen Feinheiten und
426 1569 1642 1611 der geistreiche Dialog des Stückes imponierten, das aber Handlung
421 1603 1654 1670 Jund plastische Charakteristik zu sehr vermißte. In Schnitzlers Stück
429 1647 1640 1694 handelt es sich um die Ehe des Kapellmeisters Amadens Adams, der
437 1679 1642 1730 mit der Sängerin Cäcilie Adams=Ortenburg glücklich verheiratet ist.
434 1723 1650 1768 Beide lieben sich, sind sich auch geistige Kameraden und haben sich
441 1762 1646 1818 gelobt, einander stets die Wahrheit zu sagen. Als daher Amadens
421 1807 1652 1870 sich in seine Schülerin, die Gräfin Philine, und Cäcilie sich in den
425 1841 1637 1894 jungen Fürsten Sigtsmund Lohsenstein verliebt, scheiden sie von ein¬
424 1884 1638 1940 ander, indem sie sich alle Freiheit geben, ohne sich äußerlich zu trennen.
413 1918 1643 1981 „Wie Emwicklung dieser, auf sogenannter Wahrheit bernhenden Ehe
426 1963 1646 2000 geht nun dahin, daß Amadeus, bald von seiner Leidenschaft für die
413 1991 1640 2048 Gräfin geheilt, zu seiner Frau zurückkehrt und sie, nach dem Zwischen¬
425 2020 1639 2089 spiel mit jener, wieder ganz für sich begehrt. Aber hierin trisst er
415 2081 1643 2132 nicht mit Cäcilie zusammen; sie hat sich zwar von den Leidenschaften,
424 2112 1648 2183 in denen sie Anregung suchte, nicht hinreißen lassen, aber sie hat auch
412 2160 1637 2203 kein Vertrauen mehr zu der Ehe mit Amadens. Sie behauptet, sie
418 2191 1642 2239 seien beide unwahr gegen einander gewesen an dem Tage, als sie sich
420 2234 1644 2274 mit solchem Stolz und solcher Gleichgültigkeit von einander trennten;
420 2278 1656 2336 daher sei jetzt ihr Zusammenleben unmöglich, und so trennen sie sich.
414 2310 1648 2354 Wie man an dem Schluß sieht, beruht vieles im Stück mehr auf einem
413 2354 1644 2416 geistreichen Spiel in Worten als auf realem Leben. In Wirklichkeit
422 2400 1640 2447 würden die Gestalten Schnitzlers in solchen Kreisen, wie er sie auf die
412 2433 1631 2474 Bühne bringt, wohl ganz anders handeln. Man kann danach dies
418 2475 1632 2511 Stück als einen Fortschritt im Schaffen des österreichischen Dichters
416 2502 1639 2572 kaum bezeichnen. Bei der Darstellung zeichnete sich besonders Emannel
414 2550 1545 2615 Reicher aus, der den Dichterkomponisten Albertus Rhon spielte.
1220 2664 1591 2743 Telephon 12801.
683 2743 1392 2898 „OBSERVER
509 2872 1605 2944 I. österr. behördl. konz. Unternehmen für Zeitungs-Ausschnitte
711 2930 1441 3018 Wien, I., Concordiaplatz 4.
918 2999 1223 3064 Vertretungen
532 3042 1623 3120 in Berlin, Budapest, Chicago, Christiania, Genf, Kopenhagen,
522 3080 1615 3159 London, Madrid, Mailand, Minneapolis, New-York, Paris, Rom,
688 3122 1463 3194 San Francisco, Stockholm, St. Petersburg.
871 3163 1285 3229 (Quellenangabe ohne Gewähr)
538 3246 919 3323 Ausschnitt aus
899 3257 1124 3351 Neues
1230 3267 1654 3381 ner Tagblatt
1111 3323 1242 3396 AAE
538 3362 823 3454 1
726 3423 1643 3498 Aus Berlin wird uns berichtet: Schnitzlers.
580 3477 1644 3542 „Zwischenspie!“ hatte im Lessingtheater nach dem
577 3539 1666 3601 ersten Akl einen lebhaften und nach dem zweiten einen noch:
574 3580 1654 3638 stärkeren Erfolg, während der Schlußakt geteilte Aufnahme¬
574 3623 1623 3670 fand. Nach heftigem Kampfe überwog der Beifall und der
577 3668 1651 3726 Verfasser konnte auch zum Schlusse wiederholt erscheinen.:
573 3722 1651 3783 Die meisterhafte Darstellung rettete vieles, was sonstr
584 3781 1647 3824 vielleicht verloren gewesen wäre. Das seltsame Künstlerpaar
576 3800 1650 3871 gaben Bassermann und Irene Triesch mit Delikatesse !
587 3873 1652 3920 und eindrucksvoller Klugheit. Grunwald als Fürst,;
581 3904 1623 3959 Reicher als Albertus vollendeten das treffliche Ensemble.
1947 1367 2263 1461 Telerhon 16601.
2779 1450 2850 1538 9
2110 1489 2817 1595 „UUSERVEN
1920 1579 3024 1650 1 österr. bebördl. konz. Unternehmen für Zeitungs-Ausschnille
2114 1627 2844 1720 Wien, I., Concordiaplatz 4.
2330 1702 2642 1760 Vertretungen
1929 1748 3024 1802 in Berlin, Budapest, Chicago, Christiania, Genf, Kopenhagen,
1932 1786 3034 1838 London, Madrid. Mailand, Minneapolis, New-York, Paris, Rom,
2108 1824 2863 1894 San Francisco, Stockholm, St. Petersburg.
2286 1869 2698 1925 (Quellenangabe ohue Gewähr.)
1929 1969 2910 2097 AusschWVIENER ABENDPOST
1925 2054 2032 2119 von
1922 2072 3071 2180 Grut Im Berliner Lessing=Theater wurde Samstag
1998 2149 3060 2211 zum ersten Male „Zwischenspiel“ Komödie in drei Akten
2011 2194 3059 2253 zvon Artur Schnißter, gespielt. Wie die „Post“ schreibt, deren
2000 2226 3053 2294 BBerichk sich ziemlich mit dem anderer Berliner Blätter deckt,
2004 2250 3057 2332 war der Erfolg der Komödie der im Lessing=Theater üblichs:
2008 2309 3059 2375 „Am Schlusse heftig wogender Kampf zwischen denen. #
1979 2398 3027 2457 sich mehr als drei geistreiche Dialoge über Künstlerehen und
1985 2429 3021 2488 Zwischenspiele erwartet hatten, und den anderen, die den
1977 2483 3030 2534 klugen Plauderer mit all seinem weichen Wienertum, seiner
1977 2523 3031 2563 heimlichen Sentimentalität und seiner ein bißchen koketten
1975 2565 3025 2614 Ironie auch in diesem etwas sophistisch konstruierten Problem
1974 2601 3025 2646 dankbar wiederfanden.“ Nach dem zweiten Akte konnte
1985 2631 3025 2703 Schnitzler mehrfach, ohne Widerspruch zu wecken, an der
1983 2678 2315 2734 Rampe erscheinen.
2017 2711 3028 2768 Das Lustspiel „Der Vielgeprüfte“ von Wilhelm Meyer¬
1983 2755 3027 2820 Fyrster fand bei seiner ersten Aufführung am Samstag
1999 2800 3012 2850 in Frankfur keinen Beifall. Die „Frankf. Ztg.“
1981 2836 3032 2882 schreibt: „Ein Jurist, der im Assessorexamen schon einmal
1974 2878 3031 2933 Malheur gehabt, fällt auch das zweite Mal durch. ... Der
1969 2917 3034 2978 (Vielgeprüfte ist von einem Manne abhängig, der, Fach¬
1974 2959 3026 3006 wissen und staatliche Titel in seiner Einfalt über alles
1984 2995 3035 3062 schätzend, diesen Mißerfolg nicht begreifen und nicht ver¬
1983 3040 3034 3085 zeihen will. Nun fügt es der Zufall, daß der Referendar
1983 3090 3036 3134 seinem Gönner einen klugen nichtjuristischen Rat erteilt,
1990 3135 3031 3179 durch dessen Befolgung sich dieser aus einer großen Ver¬
1975 3154 3036 3206 legenheit befreit, worauf der Ungnädige mit Eins wieder
1976 3196 3031 3256 gnädig wird. Facit: der gesunde Menschenverstand kann
1989 3249 3031 3291 mehr zvert sein als alles Fachwissen. Aus diesem Stoffe hat
1983 3286 3020 3343 der Verfasser statt eines Lustspieles, wie der Zettel es ver¬
1989 3320 3020 3371 heißt, eine Post; gemacht. „Von allen guten Genien verlassen,
1984 3362 3034 3412 fühztt er uumit iche Menschen vor, die in unmöglichen Ver¬
1994 3411 3035 3456 heltnissen lebe und unmögliche Dinge vollführen. Seine Über¬
1994 3437 3037 3508 keihungen verstmmen, weil sie kein Maß kennen, und seine
1979 3479 2753 3560 Lustigkeit ärgert, weil sie rein äußerlich ist.“
