3436 4384
1303 240 1793 342 box 25/1
265 245 1311 351 20. Zuischenspiel
2272 1293 2371 1381 —
177 1360 2118 1431 dagewesen wäre“. Was ihren Satten sich wiederfanden, um sich alsbald wieder zu trennen —
2105 1383 3088 1458 oft die platte Alltäglichkeit, was von ihm au
179 1413 2120 1484 auch sie gesucht zu haben, den Ehe= alle Mittelstufen und Uebergänge, alle Brücken zwischen
2109 1432 3054 1498 gebracht wurde, aber umgewandelt in erles
154 1461 940 1530 ie erlaubte Sünde, vor welcher die
926 1468 2116 1533 dem sinnlichen und dem sittlichen Menschen konnte er
2109 1457 3081 1556 spielkunst. Nur eine Nuancc ließ er sich ent
150 1506 936 1573 nen müssen. So ließ sie eben ihre
933 1512 2107 1582 elektrisch beleuchten, das Wechselspiel der Sinne und der
2101 1509 3061 1589 Dichter wünscht und schreibt ausdrücklich
152 1539 938 1628 gehen, auf dem ihnen ihr Herz nicht
918 1555 2118 1629 Seele aufdecken, diese ganze Enharmonik der Empfindun¬
2108 1557 3062 1634 Amadeus zuweilen „mit der linken Hand“ 1
185 1598 933 1675 Ihr Herz noch eher vielleicht als
926 1597 2112 1677 gen und Gefühle den Leser Ton für Ton durchwanvern
2100 1608 3075 1690 zurückschlage und festhalte. Davon haben wir
168 1633 933 1725 ukunft liegt ja ganz klar vor ihren
928 1654 2111 1722 lassen. Er konnte es, wenn er nämlich etwas konnte.
2113 1670 3103 1726 merkt. Oder sollte der Künstler dieses char
174 1687 930 1755 sie dem Gatten die Treue gehalten,
926 1698 2120 1770 Doch einem an sich undramatischen Vorwurf muß der
2100 1694 3102 1782 Manöver, dessen Zweckmäßigkeit freilich nicht :
182 1744 938 1817 e Lebensgeister in ihr erwacht sind
922 1746 1831 1820 beste Bühnendichter hilflos gegenüberstehen.
2114 1755 3063 1834 leuchtet, etwa gar mit der rechten Hand
228 1792 933 1855 sie durchglühen, weiß sie auch,
2102 1801 2315 1877 haben?
1014 1801 2115 1881 Es ist wirklich bewundernswert, daß Arthur
191 1835 929 1904 Abend bevorsteht, und so will sie
919 1832 2112 1911 Schnitzler aus diesem Novellenstoff gleichwohl ein auf¬
2178 1829 3061 1922 Fräulein Witt als Cäcilie stand Herrn
167 1876 934 1960 lusse drängen, damit das ganze nicht
931 1894 2121 1976 führbares, trotz aller Dunkelheit interessantes, beim Lesen
2103 1882 3075 1978 bürtig zur Seite, doch lößt sich nicht verschwei
244 1937 930 2005 nehme. Sie verlangt, mit
926 1943 2108 2020 zumal höchst anregendes Stück zu bilden vermochte, doch
2110 1953 3081 2018 es an Innerlichkeit ein wenig fehlen ließ. Die
177 1966 926 2053 die prophylaktische Scheidung.
924 1972 2113 2052 muß man es zugleich schmerzlich bedauern, daß dieses
2108 1999 3065 2068 langt einige Gemütstiefe, hie und da einen
152 1998 931 2095 ung ihrer künstigen Untreue
917 2028 2121 2103 echteste, ehrlichste, dabei am meisten wienerische unserer
2105 2036 3069 2113 Leidenschaft, sie ist keine von jenen, in welch
158 2058 929 2146 ugen, zerreißt sie das eheliche Band.
926 2098 2116 2156 jüngeren Talente sein reiches Können solchen müh¬
2103 2095 3081 2172 Witt ihren Geist blitzen lassen kann. Da abe
183 2121 931 2186 eeine Kunstreise antritt, schleicht sich
937 2132 2108 2208 sam erklügelten, auf der Spitze einer Nadel tanzenden
2113 2134 2817 2213 eine Könnerin ersten Ranges ist,
2851 2145 3082 2219 obewälti
162 2161 934 2235 und auch sie sinkt weinend auf den
927 2186 2120 2266 Sophismen zuwendet. Die Schwerverständlichkeit ist der
2111 2180 3067 2261 Ende jede Aufgabe. Sehr hübsch spielte Frau
181 2217 934 2287 t uns, was ihre Tränen bedeuten?
923 2232 2116 2288 geringste Fehler des neuen Stückes. Peinlicher wirkt es,
2112 2232 3086 2302 die Gräfin Friederike, und Herr Korff war
150 2270 932 2322 verlorenes Glück, das, ach, pur ein
920 2270 2113 2335 daß Amadeus, der uns sympathisch sein soll, uns nur
2107 2288 3067 2364 Sigismund eine sympathische Acistokratenfigur.
160 2315 931 2382 k, wie vielleicht alles im Leben, oder
925 2329 2111 2388 widerwärtig ist und daß Frau Cäcilie, dieser Ausbund
2108 2335 3087 2399 er sich nicht vom Dichter die Erlaubnis erbai
164 2364 931 2427 er nicht trotzdem dageblieben? In
927 2373 2113 2434 feiner Weiblichkeit, als überspanntes Frauenzimmer er¬
2107 2375 3086 2449 tiefer ins Humoristische einzutauchen. Gerade e
149 2406 935 2479 dernsten Schema präparierten Frauen¬
924 2417 2110 2491 scheint, das immer, statt gradaus, links um die Ecke
2114 2427 3085 2486 aufs beste getroffen, und das Ernste wäre
154 2453 933 2516 sich auszukennen. Im ersten Akt liebt
926 2470 2108 2541 denkt. Selbst der schauspielerische Kommentar, sonst der
2110 2489 3107 2549 ernster, das Rührende um so rührender heraus
168 2499 924 2563 sehnt sich in seire Arme zurück, im
921 2511 2122 2598 beredtsamste von allen vermochte die beiden Figuren im
2190 2534 3117 2603 Dem seltsamen Ehepaar des Stückes steh
151 2547 930 2608 ogel glücklich eingefangen, und im
922 2559 2120 2638 Grunde nicht annehmbarer zu machen. Und doch gehörte
2107 2562 3063 2631 Dichter Albertus und seiner Frau Maria
161 2595 932 2673 r auf und davon, denn sie hat „Nora“
915 2604 2105 2691 die Darstellung zum Allerbesten, was das Burgtheater,
2103 2611 3089 2689 bürgerliche, sturmfreie Ehe gegenüber. Frau H#
172 2643 932 2716 sich einen ähnlichen Abgang. Den
926 2653 2119 2724 was die deutsche Bühne zu bieten im stande ist. Herr
2098 2669 3121 2737 und Herr Treßler brachten diesen Unterschie
162 2687 933 2764 sch zu begründen, konnte dem Dichter
917 2701 2110 2766 Kainz als Amadeus leistete ein Meisterstück. Wir hätten
2111 2712 3133 2784 zum Ausdruck. Der letztere bewies wieder einmal
155 2740 922 2806 hat er sich in die Dialektik geflüchtet.
927 2752 2109 2828 nimmermehr geglaubt, daß diesem Wechselbalg so viel
2103 2757 3126 2841 der Mann jeglicher Heiterkeit ist und selbst den
179 2790 935 2856 Frau setzt es erdlose Dialoge, will
918 2784 2107 2870 Menschlichkeit beizubringen wäre. Erläuterung tat hier not,
2111 2807 3134 2874 gleichgiltigen Stellen noch ein Tröpfchen Komik
150 2835 928 2902 ker Atem nicht ausgehen, aber schmack¬
917 2838 2118 2907 dies fühlte der Künstler, und es war erstaunlich, wie er mit
2111 2863 3152 2922 pressen weiß. In dem Stück hat er einen drat
137 2880 934 2948 kunbewußte Gemeinheit des Mannes,
923 2895 2124 2989 allen Mitteln und Mittelchen der Bühne, mit Blick, Gebärde,
2106 2913 3163 2979 Dichter darzustellen, und als ihm Freund Amaden.
137 2930 2116 3021 Logik der Frau. Um wievkel besser Betonung, Gesichtsausdruck, Tempowechsel, mit Sprechen
2105 2955 3161 3037 nicht sehr durchsichtigen Eheroman erzählt, ist er
145 2978 2110 3069 ler, der Romandichter gehabt! Er und Schweigen den Dolmetsch seiner Rolle spielte, ganz
2107 2997 3148 3069 bereit, ein Stück daraus zu machen, um den F
139 3030 2106 3114 s auf ihre Blöße vor uns entkleiden, unauffällig wohlgemerkt und absichtslos, alle Detailarbeit,
2110 3048 3148 3121 Leuten besser zu erklären. „Dann werden sie ohn
149 3071 2120 3167 die letzte Faser zerzupfen, ihr Ge= alles Feilen und Bosseln geschickt verschleiernd, daß man
2110 3097 3147 3170 diese neue Art von Ehe begreifen — wenigst
146 3115 2032 3188 den äußersten Winkel erhellen, konnte den Eindruck gewann, als hätte er nie so einfach,
2096 3136 3148 3221 halb acht bis zehn.“ Das mag ja sein, allein wirf
196 3168 2119 3251 e Eheleutchen in der Gewohnheit, natürlich einfach gespielt, überhaupt nicht gespielt, sondern
2108 3198 3150 3269 so ganz sicher ist es nicht, und Herr Albertus tr¬
157 3215 3158 3334 heit einander sich entfremdeten, wie eigenstes Schicksal uns vorgelebt. Diesen Gipfel wird ihm leicht doch seiner Kunst etwas mehr zu, als sie#
150 3267 2459 3372 eheimsten psychologischen Schleichwegen heute kein anderer Schauspieler streitig machen. Es war im stande ist.
