3436 4192
1252 86 1721 194 box 25/4
190 107 1119 216 20. Zuischensniel
2000 840 3019 936 Tam. Bacjand noch in San Gennariello, wo ge¬
98 845 718 931 under berrisst, so müssen Wir 2.
113 917 3029 972 Zwischenhandel auszumerzen bedeutet, daß die Eruptionen iyren gewöhnlichen] stern nur ein starker Aschenregen bei tiefer
117 954 1471 1033 garischen Handel direkt den Weltplätzen zu= Charakier annehmen.
1978 958 3033 1023 Finsternis gefallen ist, hat sich etwas Ernstes
1987 1072 3031 1130 französischen Darstellungskunst und der gesunde Men¬
929 1073 1976 1134 Wäre es mir gestattet, hier einen Rat zu erteilen, so
108 1080 788 1185 sEnsemblegastspiel
928 1118 1983 1190 würde ich umfassende Goethe= und Grillparzer=Studien
1982 1118 3037 1183 schenverstand eines nüchtern denkenden Mannes, der
922 1177 1977 1231 empfehlen. Bei diesen Vorbildern, zu denen sich leicht
1974 1175 3044 1236 auch während der Tätigkeit seiner dichterischen Phan¬
111 1157 924 1229 ngleichmäßigen Besuche der drei Gastspiel¬
928 1214 1986 1279 Shakespeare und Anzengruber gesellen, findet Schön¬
1978 1213 3044 1281 tasie die Bedingungen des Alltagslebens im Auge be¬
116 1227 934 1286 ger Herren und Damen vom Wiener
934 1267 1982 1341 herr, was ihm bisher völlig zu mangeln scheint: den
1993 1271 3049 1335 hält. Von einem Zuge keuschester Poesie getragen,
123 1258 933 1334 hätte man Studien über die Physiog¬
931 1315 1979 1372 Humor. Der Humor in jenem edelsten Sinne, in
117 1318 923 1383 Prazer Theaterpublikums anstellen können.
1976 1300 3045 1395 weicht die Dichtung doch nicht einen Schritt von jenen
926 1356 1982 1428 welchem er über allen künstlerischen Gebilden lagert,
1992 1369 3033 1435 Gesetzen der Wahrscheinlichkeit ab, die unser bürger¬
108 1374 929 1438 ung der „Familie“ von Karl Schön¬
923 1409 1982 1484 ohne sie auf das Gebiet der Satire oder Farce herab¬
1978 1405 3048 1463 liches Dasein bestimmen. Sie nimmt sich aus wie das
115 1405 925 1476 wuchtige Dramatik uns von früher be¬
929 1461 1988 1526 zudrücken. Freilich ist auch an diesem neuesten Schön¬
1994 1468 3042 1518 hohe Lied der Bourgeoisie, die nicht zu Grunde gehen
107 1465 932 1530 ieb leer: man ließ den biederen Tiroler
935 1499 1987 1591 herr die Gewalt der gesunden Theatralik und die scharfe
1988 1511 3040 1581 wird, so lange sie solche Blüten treibt. Mit dem Rüst¬
130 1522 926 1580 Bei Arthur Schnitzler, der aus der
943 1545 1851 1632 Plastik seiner Gestalten bewunderungswürdig.
1982 1557 3048 1614 zeuge der alten Dramaturgie fertiggestellt, greift „Das
120 1555 934 1630 Schule kommt und dem stets psychologi¬
984 1611 1977 1677 Schnitzlers „Zwischenspiel“ bietet weder thea¬
1986 1615 3030 1680 schwache Geschlecht“ doch so entschlossen nach dem Mi¬
120 1605 930 1673 etionen zugemutet werden, füllte sich das
939 1653 1986 1728 tralisch wirksame Situationen noch schneidige Charak¬
1990 1659 3042 1732 lieu, daß es als ein realistisches und naturalistisches
129 1659 936 1724 s schwache Geschlecht“ von dem
938 1708 1982 1763 teristik. Man mag überhaupt im Zweifel sein, ob es
1990 1709 3042 1768 Bühnenwerk gelten kann, nur daß es nicht
120 1710 931 1779 Prévost, der durch seine Demi vierges
938 1762 1982 1820 ein Theaterstück im vulgären Wortsinne ist, wie ja
1992 1758 3044 1831 verkommene, sondern brave, edle und gutmütige Leute
117 1760 924 1824 tschland bekannt geworden war und von
934 1798 1989 1870 auch das Ende zu den mannigfachsten Erörterungen
1997 1789 3042 1879 zur Darstellung bringt. Noch gibt es ja auch solche.
127 1814 926 1864 ßikanterien aller Art erwartete, brachte
934 1849 1989 1914 Anlaß bietet. Aber die tiefste Seelenkenntnis hat man
1989 1861 3037 1920 Louis Gourd, George und Germaine verbreiten eine
109 1857 934 1929 m Giebel ausverkauften Saal. Ob die
947 1904 1984 1967 in einem literarischen Produkte selten mit so viel Geist
1990 1905 3042 1970 Sphäre um sich, wie sie etwa in dem reinen Hause
120 1900 941 1972 unserer Kunstfreunde richtig war, bleibe
946 1951 1987 2002 und Anmut gepaart gefunden, wie hier. Niemals sind
1983 1949 3041 2025 einer angebeteten Mutter herrscht. Daß gerade diese
123 1955 944 2026 jedenfalls haben manche am ersten Abend
943 2002 1991 2067 mit mehr Diskretion die letzten Geheimnisse der Che
1988 2004 3043 2069 Menschen untereinander und mit der Nachbarschaft in
126 2008 940 2069 säumt, viele sind am zweiten nicht auf
935 2053 1987 2117 offener aufgedeckt worden. Tiefer ist Schnitzler selbst
1990 2052 3034 2113 Konflikt geraten, führt zur Spannung, die eine senti¬
129 2052 943 2119 gekommen und nur der dritte fand unge¬
936 2105 1988 2157 noch nicht in das Gemütsleben der Geschlechter ein¬
1984 2100 3028 2173 mentale, aber durchaus logische Lösung findet. Ich
120 2103 938 2177 ll, obwohl gerade er nichts Pikantes bot.
942 2148 1990 2209 gedrungen und anschaulicher hat er die Abstände bis¬
1993 2148 3041 2216 habe mich seit vielen Jahren in keinem Theater so be¬
154 2142 942 2217 „Familie“ ist ein von Nebenhand¬
944 2199 1992 2264 her nicht gezeichnet. Die Gespräche zwischen Cäcilie
1992 2198 3044 2268 haglich gefühlt, wie in der Aufführung des „Schwachen
116 2205 934 2263 Motivenberichten derart überladenes Werk,
1994 2233 2282 2327 Geschlechts“.
937 2245 1985 2313 und Amadeus werden lange ein Kulturbild sein. Ich
132 2247 939 2319 ständlichkeit der Fabel darunter Schaden
936 2290 1991 2354 glaube, daß diese Komödie, wie Schnitzler sein „Zwi¬
2022 2293 3041 2364 Außer dem Verfasser mögen hiezu freilich in erster
123 2295 941 2352 habe die Empfindung, daß der Dichter,
944 2348 1996 2417 schenspiel“ nennt, in ihrem Werte nicht überschätzt
123 2350 941 2415 ens zu den hervorragendsten Dramatikern
1982 2351 3048 2413 Linie Frau Medelsky, sowie die Herren Frank
943 2385 1239 2466 werden kann.
124 2393 945 2458 rt zähle, zu schwerfällig arbeitet, daß er
1991 2397 3046 2444 und Korff beigetragen haben. Ihnen gegenüber wird
1031 2419 1977 2498 Als ein beredtes Plaidoyer für die legitime Ver¬
1979 2445 3034 2523 die Kritik zum Panegyrikus. Auch die Damen Hae¬
138 2448 945 2512 g seines Berufes zu tragisch nimmt, daß
937 2493 1985 2555 bindung zwischen Mann und Frau kann das jüngste
1983 2494 3034 2563 berle, Kögl und Rub wie die Herren Mura¬
130 2492 944 2562 kebenem Pflichtgefühl Arabesken erfindet:
944 2525 1978 2594 Schauspiel Marcel Prévosts bezeichnet werden. In
1991 2545 3039 2610 tori, Pittschau und Baumgartner sind mit
134 2542 940 2600 verzieren und zu verschönern, sondern um
930 2572 1985 2655 diesem außerordentlich wirksamen Drama finden sich
2002 2593 3028 2661 schuld daran, wenn uns das liebgewordene Östergast¬
130 2590 937 2652 ecken, die nur sein empfindliches Auge
932 2631 1987 2703 Grazie und Verstand zu einer wahrhaft freundlichen
124 2636 938 2714 ichterer Konzeption wird er einfacher und
1993 2630 3005 2712 spiel auch heuer eine Reihe schöner Festtage schuf.
942 2684 1994 2752 Harmonie zusammen. Es ist die Grazie der französischen
2620 2690 3014 2781 Dr. Withalm.
121 2686 939 2761 in. Dann wird sich auch jene Selbstbe¬
132 2739 2008 2818 inden, in der sich erst der Meister zeigt. Weltanschauung, der franzissischen Bühnenfertigkeit, der
3083 2069 3163 2167 ∆
