<?xml version="1.0" encoding="UTF-8" standalone="yes"?>
<PcGts xmlns="http://schema.primaresearch.org/PAGE/gts/pagecontent/2013-07-15" xmlns:xsi="http://www.w3.org/2001/XMLSchema-instance" xsi:schemaLocation="http://schema.primaresearch.org/PAGE/gts/pagecontent/2013-07-15 http://schema.primaresearch.org/PAGE/gts/pagecontent/2013-07-15/pagecontent.xsd">
    <Metadata>
        <Creator>prov=University of Rostock/Institute of Mathematics/CITlab/Gundram Leifert/gundram.leifert@uni-rostock.de:name=ONB_Newseye_GT_M1+(htr_id=10810)::::v=2.4.2
prov=University of Rostock/Institute of Mathematics/CITlab/Tobias Gruening/tobias.gruening@uni-rostock.de:name=de.uros.citlab.module.baseline2polygon.B2PSeamMultiOriented:v=2.4.2
prov=University of Rostock/Institute of Mathematics/CITlab/Tobias Gruening/tobias.gruening@uni-rostock.de:name=/mnt/transkribus/LA/DEA/URO/LA_news_onb_att.pb:de.uros.citlab.segmentation.CITlab_LA_ML:v=2.4.2
Transkribus</Creator>
        <Created>2019-10-07T11:20:43.345+02:00</Created>
        <LastChange>2019-10-08T06:21:39.611+02:00</LastChange>
        <TranskribusMetadata docId="223968" pageId="9497765" pageNr="313" tsid="16504153" status="IN_PROGRESS" userId="40391" imgUrl="https://files.transkribus.eu/Get?id=MBXJCHEJHKYHUQHDLGKYYFSI&amp;fileType=view" xmlUrl="https://files.transkribus.eu/Get?id=UGKRIIJNURQIWOPNKWUUHOQG" imageId="6187991"/>
    </Metadata>
    <Page imageFilename="223968_0313.jpeg" imageWidth="3436" imageHeight="4384">
        <ReadingOrder>
            <OrderedGroup id="ro_1711439722686" caption="Regions reading order">
                <RegionRefIndexed index="0" regionRef="r1"/>
                <RegionRefIndexed index="1" regionRef="r2"/>
            </OrderedGroup>
        </ReadingOrder>
        <TextRegion orientation="0.0" id="r1" custom="readingOrder {index:0;}">
            <Coords points="299,199 299,360 1195,360 1195,199"/>
            <TextLine id="r1l1" custom="readingOrder {index:0;}">
                <Coords points="290,305 592,334 1154,325 1204,306 1204,246 290,252"/>
                <Baseline points="299,299 343,302 388,304 433,306 478,307 523,308 567,309 612,309 657,310 702,310 747,310 791,309 836,309 881,308 926,307 971,306 1015,306 1060,305 1105,304 1150,303 1195,302"/>
                <TextEquiv>
                    <Unicode>20. Zuischenspiel</Unicode>
                </TextEquiv>
            </TextLine>
            <TextEquiv>
                <Unicode>20. Zuischenspiel</Unicode>
            </TextEquiv>
        </TextRegion>
        <TextRegion orientation="0.0" id="r2" custom="readingOrder {index:1;}">
            <Coords points="1112,252 1112,3517 2598,3517 2598,252"/>
            <TextLine id="r2l1" custom="readingOrder {index:0;}">
                <Coords points="1354,306 1428,290 1448,304 1476,291 1516,304 1577,293 1636,304 1658,290 1696,306 1792,302 1808,297 1808,214 1692,223 1645,209 1525,240 1395,222 1354,235"/>
                <Baseline points="1364,279 1389,279 1415,279 1440,279 1466,280 1491,280 1517,280 1543,281 1568,281 1594,281 1619,282 1645,282 1671,281 1696,281 1722,280 1747,279 1773,278 1799,275"/>
                <TextEquiv>
                    <Unicode>box 25/2</Unicode>
                </TextEquiv>
            </TextLine>
            <TextLine id="r2l2" custom="readingOrder {index:1;}">
                <Coords points="1121,1033 1216,1043 1240,1032 1257,1037 1271,1026 1332,1048 1359,1026 1381,1033 1381,989 1361,997 1240,979 1220,990 1152,985 1120,998"/>
                <Baseline points="1130,1022 1156,1022 1183,1022 1210,1022 1237,1022 1264,1022 1291,1022 1318,1021 1345,1021 1372,1021"/>
                <TextEquiv>
                    <Unicode>Zwischenspiel</Unicode>
                </TextEquiv>
            </TextLine>
            <TextLine id="r2l3" custom="readingOrder {index:2;}">
                <Coords points="2465,1029 2484,1038 2492,1036 2508,1052 2520,1052 2543,1033 2552,1041 2573,1033 2591,1048 2596,1043 2607,1044 2609,1009 2600,1008 2586,993 2568,992 2532,972 2492,988 2476,976 2467,976"/>
                <Baseline points="2474,1027 2505,1027 2536,1028 2567,1030 2598,1033"/>
                <TextEquiv>
                    <Unicode>553</Unicode>
                </TextEquiv>
            </TextLine>
            <TextLine id="r2l4" custom="readingOrder {index:3;}">
                <Coords points="1116,1123 2602,1146 2602,1083 2452,1056 1116,1071"/>
                <Baseline points="1124,1105 1197,1106 1270,1107 1344,1107 1417,1108 1491,1108 1564,1108 1638,1109 1711,1109 1785,1109 1858,1110 1931,1110 2005,1110 2078,1111 2152,1112 2225,1113 2299,1114 2372,1115 2446,1116 2519,1118 2593,1120"/>
                <TextEquiv>
                    <Unicode>lichen Mächte des Inneren, für unüberwindlich rätselvolle Triebe, für den jähen</Unicode>
                </TextEquiv>
            </TextLine>
            <TextLine id="r2l5" custom="readingOrder {index:4;}">
                <Coords points="1129,1159 2371,1152 2371,1121 1129,1119"/>
                <Baseline points="1137,1154 1198,1154 1259,1155 1320,1155 1382,1156 1443,1156 1504,1157 1565,1157 1627,1157 1688,1158 1749,1158 1810,1158 1872,1159 1933,1159 1994,1160 2055,1160 2117,1161 2178,1162 2239,1163 2300,1163 2362,1164"/>
                <TextEquiv>
                    <Unicode>Zwang des Blutes, für die lockenden Trugbilder der Phantasie.</Unicode>
                </TextEquiv>
            </TextLine>
            <TextLine id="r2l6" custom="readingOrder {index:5;}">
                <Coords points="1249,1212 2548,1229 2589,1172 1249,1175"/>
                <Baseline points="1258,1203 1324,1204 1390,1204 1456,1205 1522,1206 1588,1206 1654,1207 1720,1208 1786,1209 1852,1209 1919,1210 1985,1211 2051,1211 2117,1211 2183,1212 2249,1212 2315,1212 2381,1211 2447,1211 2513,1210 2580,1209"/>
                <TextEquiv>
                    <Unicode>Einen ähnlichen Gedanken, der den gleichen Kern in den mythologisch¬</Unicode>
                </TextEquiv>
            </TextLine>
            <TextLine id="r2l7" custom="readingOrder {index:6;}">
                <Coords points="1115,1248 2528,1276 2595,1212 1116,1206"/>
                <Baseline points="1125,1253 1198,1253 1271,1253 1344,1253 1417,1253 1490,1254 1563,1255 1636,1256 1709,1257 1782,1258 1855,1259 1928,1260 2001,1261 2074,1262 2147,1263 2220,1263 2293,1263 2366,1263 2439,1263 2512,1262 2586,1261"/>
                <TextEquiv>
                    <Unicode>legendarischen Vorstellungen primitiverer Zeiten und in der modernen Seelen¬</Unicode>
                </TextEquiv>
            </TextLine>
            <TextLine id="r2l8" custom="readingOrder {index:7;}">
                <Coords points="1119,1312 2586,1320 2494,1266 1120,1270"/>
                <Baseline points="1129,1304 1201,1303 1273,1303 1346,1303 1418,1303 1491,1303 1563,1303 1635,1303 1708,1304 1780,1304 1853,1304 1925,1305 1997,1305 2070,1306 2142,1306 2215,1307 2287,1308 2359,1308 2432,1309 2504,1310 2577,1311"/>
                <TextEquiv>
                    <Unicode>forschung feststellt, spricht Lafcadio Hearn, der englisch=japanische Philosoph,</Unicode>
                </TextEquiv>
            </TextLine>
            <TextLine id="r2l9" custom="readingOrder {index:8;}">
                <Coords points="1118,1343 2597,1360 2597,1322 2479,1316 1118,1310"/>
                <Baseline points="1127,1355 1200,1354 1273,1353 1346,1352 1419,1352 1492,1352 1565,1352 1638,1353 1711,1353 1784,1354 1857,1354 1930,1355 2003,1356 2076,1356 2149,1357 2222,1357 2295,1358 2368,1358 2441,1359 2514,1359 2588,1359"/>
                <TextEquiv>
                    <Unicode>aus, wenn er sagt: „Figürlich können wir sagen, daß jeder Intellekt eine Welt</Unicode>
                </TextEquiv>
            </TextLine>
            <TextLine id="r2l10" custom="readingOrder {index:9;}">
                <Coords points="1116,1386 2592,1422 2480,1366 1117,1366"/>
                <Baseline points="1125,1399 1197,1399 1270,1400 1343,1400 1416,1400 1489,1401 1562,1402 1634,1403 1707,1403 1780,1404 1853,1405 1926,1406 1999,1406 2072,1407 2144,1408 2217,1408 2290,1409 2363,1409 2436,1409 2509,1410 2582,1409"/>
                <TextEquiv>
                    <Unicode>von Geistern ist — Geister, die unvergleichlich zahlreicher sind, als die an¬</Unicode>
                </TextEquiv>
            </TextLine>
            <TextLine id="r2l11" custom="readingOrder {index:10;}">
                <Coords points="1119,1451 2600,1461 2600,1424 2448,1413 1119,1429"/>
                <Baseline points="1127,1448 1200,1447 1273,1447 1346,1447 1419,1447 1492,1448 1565,1448 1639,1448 1712,1449 1785,1450 1858,1451 1931,1452 2004,1452 2077,1453 2151,1454 2224,1455 2297,1456 2370,1457 2443,1458 2516,1458 2590,1459"/>
                <TextEquiv>
                    <Unicode>erkannten Millionen der Shinko=Kamis (der japanischen Ahnengeister), und daß</Unicode>
                </TextEquiv>
            </TextLine>
            <TextLine id="r2l12" custom="readingOrder {index:11;}">
                <Coords points="1120,1496 2598,1502 2512,1466 1121,1456"/>
                <Baseline points="1129,1497 1205,1496 1282,1496 1359,1496 1436,1497 1512,1497 1589,1498 1666,1499 1743,1500 1820,1501 1896,1502 1973,1503 2050,1504 2127,1505 2204,1506 2280,1507 2357,1507 2434,1508 2511,1508 2588,1507"/>
                <TextEquiv>
                    <Unicode>die geisterhafte Bevölkerung einer einzigen Gehirnzelle die wildesten Phantasien</Unicode>
                </TextEquiv>
            </TextLine>
            <TextLine id="r2l13" custom="readingOrder {index:12;}">
                <Coords points="1112,1533 2156,1586 2593,1556 2544,1513 1112,1518"/>
                <Baseline points="1121,1548 1194,1548 1267,1548 1340,1548 1413,1548 1486,1548 1559,1548 1633,1549 1706,1549 1779,1550 1852,1550 1925,1551 1998,1552 2071,1552 2145,1553 2218,1554 2291,1554 2364,1555 2437,1556 2510,1556 2584,1557"/>
                <TextEquiv>
                    <Unicode>der mittelalterlichen Scholastiker von der Zahl der Engel, die auf einer Nadel¬</Unicode>
                </TextEquiv>
            </TextLine>
            <TextLine id="r2l14" custom="readingOrder {index:13;}">
                <Coords points="1119,1609 1762,1613 1835,1598 1835,1556 1118,1565"/>
                <Baseline points="1128,1598 1162,1596 1197,1595 1232,1594 1267,1594 1302,1594 1337,1595 1372,1595 1407,1596 1442,1596 1477,1597 1511,1597 1546,1598 1581,1598 1616,1598 1651,1597 1686,1595 1721,1594 1756,1591 1791,1588 1826,1584"/>
                <TextEquiv>
                    <Unicode>spitze stehen können, noch übersteigt.“</Unicode>
                </TextEquiv>
            </TextLine>
            <TextLine id="r2l15" custom="readingOrder {index:14;}">
                <Coords points="1240,1650 2591,1658 2591,1607 1241,1611"/>
                <Baseline points="1250,1643 1316,1644 1383,1646 1449,1647 1516,1648 1583,1649 1649,1651 1716,1651 1782,1652 1849,1653 1916,1654 1982,1655 2049,1655 2115,1656 2182,1656 2248,1656 2315,1656 2382,1655 2448,1655 2515,1654 2582,1653"/>
                <TextEquiv>
                    <Unicode>Ein Wort von Lessing gehört noch in diesen Zusammenhang, das jene</Unicode>
                </TextEquiv>
            </TextLine>
            <TextLine id="r2l16" custom="readingOrder {index:15;}">
                <Coords points="1114,1709 2556,1723 2592,1670 1114,1661"/>
                <Baseline points="1124,1695 1196,1694 1269,1694 1342,1695 1415,1695 1488,1695 1561,1695 1634,1696 1707,1696 1780,1697 1853,1697 1925,1698 1998,1698 2071,1699 2144,1699 2217,1700 2290,1701 2363,1701 2436,1702 2509,1702 2582,1702"/>
                <TextEquiv>
                    <Unicode>„Trolls in unserem Herzen und Hirn“ mit scharfem Blendlaternenschein belichtet,</Unicode>
                </TextEquiv>
            </TextLine>
            <TextLine id="r2l17" custom="readingOrder {index:16;}">
                <Coords points="1122,1757 2597,1763 2524,1709 1122,1709"/>
                <Baseline points="1130,1741 1202,1741 1275,1741 1348,1742 1421,1743 1494,1743 1567,1744 1640,1745 1713,1746 1786,1747 1859,1748 1931,1749 2004,1749 2077,1750 2150,1750 2223,1751 2296,1751 2369,1751 2442,1750 2515,1750 2588,1749"/>
                <TextEquiv>
                    <Unicode>jenes Wort, das in einer Shakespearecharakteristik (Nomeo und Julia gegen</Unicode>
                </TextEquiv>
            </TextLine>
            <TextLine id="r2l18" custom="readingOrder {index:17;}">
                <Coords points="1114,1786 2597,1798 2542,1757 1114,1763"/>
                <Baseline points="1123,1788 1196,1789 1269,1790 1342,1790 1415,1791 1489,1792 1562,1793 1635,1794 1708,1795 1781,1796 1855,1797 1928,1797 2001,1798 2074,1799 2147,1799 2221,1800 2294,1801 2367,1801 2440,1801 2513,1802 2587,1802"/>
                <TextEquiv>
                    <Unicode>Voltairs Jaire) von den „kleinsten, geheimsten Ränken“ spricht, „durch die sich</Unicode>
                </TextEquiv>
            </TextLine>
            <TextLine id="r2l19" custom="readingOrder {index:18;}">
                <Coords points="1118,1851 2586,1844 2546,1807 1118,1796"/>
                <Baseline points="1127,1838 1199,1839 1271,1839 1344,1840 1416,1841 1489,1842 1561,1843 1634,1844 1706,1845 1779,1846 1851,1847 1923,1847 1996,1848 2068,1849 2141,1849 2213,1849 2286,1850 2358,1850 2431,1849 2503,1849 2576,1848"/>
                <TextEquiv>
                    <Unicode>ein Gefühl in unsre Seelen einschleicht, all den unmerklichen Vorteilen, die es</Unicode>
                </TextEquiv>
            </TextLine>
            <TextLine id="r2l20" custom="readingOrder {index:19;}">
                <Coords points="1115,1895 2591,1890 2464,1854 1115,1857"/>
                <Baseline points="1125,1886 1197,1887 1270,1888 1343,1889 1416,1891 1489,1892 1562,1893 1634,1894 1707,1895 1780,1896 1853,1897 1926,1898 1999,1899 2072,1899 2144,1899 2217,1900 2290,1899 2363,1899 2436,1898 2509,1898 2582,1896"/>
                <TextEquiv>
                    <Unicode>darin gewinnt, all den Kunstgriffen, mit denen es jede andere Leidenschaft unter</Unicode>
                </TextEquiv>
            </TextLine>
            <TextLine id="r2l21" custom="readingOrder {index:20;}">
                <Coords points="1117,1946 2582,1951 2512,1905 1118,1891"/>
                <Baseline points="1126,1938 1198,1938 1270,1938 1342,1938 1415,1939 1487,1939 1559,1940 1632,1941 1704,1942 1776,1943 1849,1944 1921,1945 1993,1946 2065,1946 2138,1947 2210,1947 2282,1948 2355,1948 2427,1947 2499,1947 2572,1946"/>
                <TextEquiv>
                    <Unicode>sich bringt, bis es der einzige Tyrann unserer Begierden und Verabscheu¬</Unicode>
                </TextEquiv>
            </TextLine>
            <TextLine id="r2l22" custom="readingOrder {index:21;}">
                <Coords points="1115,1986 1141,1984 1165,2001 1172,1995 1202,2004 1253,1990 1338,1997 1387,1969 1387,1938 1352,1953 1330,1947 1281,1958 1235,1953 1211,1940 1183,1955 1152,1953 1135,1968 1115,1964"/>
                <Baseline points="1124,1982 1149,1984 1174,1985 1200,1986 1225,1986 1251,1985 1276,1985 1301,1985 1327,1984 1352,1984 1378,1983"/>
                <TextEquiv>
                    <Unicode>ungen wird“</Unicode>
                </TextEquiv>
            </TextLine>
            <TextLine id="r2l23" custom="readingOrder {index:22;}">
                <Coords points="1240,2050 2470,2065 2572,2043 2573,2008 1240,1990"/>
                <Baseline points="1250,2037 1315,2039 1381,2040 1447,2042 1512,2043 1578,2044 1644,2045 1709,2045 1775,2046 1841,2046 1907,2047 1972,2047 2038,2047 2104,2047 2169,2046 2235,2046 2301,2045 2366,2044 2432,2043 2498,2042 2564,2041"/>
                <TextEquiv>
                    <Unicode>Für solche eingeborene Dämonologie hat nun von allen Gegenwarts¬</Unicode>
                </TextEquiv>
            </TextLine>
            <TextLine id="r2l24" custom="readingOrder {index:23;}">
                <Coords points="1114,2084 2502,2106 2563,2055 1115,2043"/>
                <Baseline points="1124,2081 1195,2083 1266,2084 1338,2085 1409,2086 1481,2087 1552,2088 1624,2088 1695,2089 1767,2089 1838,2090 1909,2090 1981,2090 2052,2090 2124,2091 2195,2091 2267,2091 2338,2091 2410,2092 2481,2092 2553,2093"/>
                <TextEquiv>
                    <Unicode>dichtern — wenn man den großen Heimlichkeitsbeschwörer Ibsen ausnimmt —</Unicode>
                </TextEquiv>
            </TextLine>
            <TextLine id="r2l25" custom="readingOrder {index:24;}">
                <Coords points="1117,2133 2589,2159 2549,2100 1118,2094"/>
                <Baseline points="1126,2125 1198,2129 1271,2132 1344,2135 1416,2136 1489,2138 1562,2140 1634,2140 1707,2141 1780,2141 1853,2141 1925,2141 1998,2141 2071,2141 2143,2141 2216,2141 2289,2141 2361,2141 2434,2141 2507,2142 2580,2143"/>
                <TextEquiv>
                    <Unicode>das stärkste künstlerische Interesse Artur Schnitzler. Und in diesem letzten Werk,</Unicode>
                </TextEquiv>
            </TextLine>
            <TextLine id="r2l26" custom="readingOrder {index:25;}">
                <Coords points="1118,2189 2585,2189 2539,2146 1119,2147"/>
                <Baseline points="1128,2182 1200,2183 1272,2184 1345,2185 1417,2186 1490,2187 1562,2187 1634,2188 1707,2188 1779,2189 1852,2189 1924,2189 1996,2189 2069,2189 2141,2189 2214,2189 2286,2189 2358,2189 2431,2188 2503,2188 2576,2188"/>
                <TextEquiv>
                    <Unicode>„Zwischenspiel“, versucht er mit subtilen Erweckungskünsten solch Walten in die</Unicode>
                </TextEquiv>
            </TextLine>
            <TextLine id="r2l27" custom="readingOrder {index:26;}">
                <Coords points="1121,2235 2584,2253 2516,2201 1121,2189"/>
                <Baseline points="1130,2231 1202,2232 1274,2233 1346,2234 1418,2235 1491,2236 1563,2236 1635,2237 1707,2237 1779,2237 1852,2238 1924,2238 1996,2238 2068,2238 2140,2238 2213,2239 2285,2239 2357,2239 2429,2240 2501,2241 2574,2241"/>
                <TextEquiv>
                    <Unicode>Erscheinung zu bringen. And das Thema ist, noch einmal formuliert, die „ewige</Unicode>
                </TextEquiv>
            </TextLine>
            <TextLine id="r2l28" custom="readingOrder {index:27;}">
                <Coords points="1118,2273 2371,2306 2407,2249 1119,2244"/>
                <Baseline points="1127,2274 1190,2276 1254,2278 1317,2279 1381,2281 1444,2282 1508,2283 1571,2283 1635,2284 1698,2285 1762,2285 1826,2285 1889,2286 1953,2286 2016,2286 2080,2286 2143,2286 2207,2286 2270,2287 2334,2287 2398,2287"/>
                <TextEquiv>
                    <Unicode>Ansicherheit aller irdischen Beziehungen zwischen Mann und Weib“.</Unicode>
                </TextEquiv>
            </TextLine>
            <TextLine id="r2l29" custom="readingOrder {index:28;}">
                <Coords points="1236,2331 2579,2344 2579,2292 1236,2305"/>
                <Baseline points="1244,2330 1310,2331 1376,2331 1442,2331 1509,2332 1575,2333 1641,2334 1708,2335 1774,2335 1840,2336 1907,2337 1973,2338 2039,2338 2105,2339 2172,2339 2238,2339 2304,2339 2371,2338 2437,2338 2503,2337 2570,2336"/>
                <TextEquiv>
                    <Unicode>Ein Ehefall gibt den äußeren Stoff und die Gelegenheit, experimentell</Unicode>
                </TextEquiv>
            </TextLine>
            <TextLine id="r2l30" custom="readingOrder {index:29;}">
                <Coords points="1123,2388 2401,2407 2585,2400 2586,2354 1193,2360 1123,2320"/>
                <Baseline points="1131,2376 1203,2377 1275,2377 1347,2378 1420,2379 1492,2380 1564,2381 1636,2382 1709,2383 1781,2384 1853,2384 1925,2385 1998,2386 2070,2386 2142,2386 2214,2387 2287,2387 2359,2386 2431,2386 2503,2386 2576,2385"/>
                <TextEquiv>
                    <Unicode>in alle Schleichwege der Seele hineinzuleuchten, auf denen durch Phankome</Unicode>
                </TextEquiv>
            </TextLine>
            <TextLine id="r2l31" custom="readingOrder {index:30;}">
                <Coords points="1116,2419 2573,2445 2573,2404 2487,2392 1116,2393"/>
                <Baseline points="1125,2424 1200,2425 1276,2426 1352,2427 1427,2428 1503,2429 1579,2431 1655,2432 1730,2433 1806,2434 1882,2436 1958,2437 2033,2437 2109,2437 2185,2438 2261,2437 2336,2437 2412,2436 2488,2434 2564,2432"/>
                <TextEquiv>
                    <Unicode>der Einbildungskraft, durch Märchen des Blutes, durch Illusions- und Vor¬</Unicode>
                </TextEquiv>
            </TextLine>
            <TextLine id="r2l32" custom="readingOrder {index:31;}">
                <Coords points="1125,2485 2577,2482 2509,2443 1126,2452"/>
                <Baseline points="1134,2478 1205,2478 1277,2478 1349,2478 1420,2478 1492,2479 1564,2479 1635,2480 1707,2481 1779,2481 1851,2482 1922,2483 1994,2483 2066,2484 2137,2485 2209,2485 2281,2485 2352,2486 2424,2486 2496,2486 2568,2485"/>
                <TextEquiv>
                    <Unicode>stellungsgebilde Menschen sich von unkontrollierbaren Einbildungskräften über¬</Unicode>
                </TextEquiv>
            </TextLine>
            <TextLine id="r2l33" custom="readingOrder {index:32;}">
                <Coords points="1113,2523 1236,2546 1252,2533 1287,2530 1319,2541 1442,2535 1442,2504 1376,2500 1350,2485 1326,2497 1222,2485 1203,2494 1157,2490 1135,2505 1113,2497"/>
                <Baseline points="1122,2521 1147,2522 1173,2523 1199,2524 1225,2524 1251,2525 1277,2525 1302,2525 1328,2525 1354,2525 1380,2525 1406,2525 1432,2524"/>
                <TextEquiv>
                    <Unicode>rumpeln lassen.</Unicode>
                </TextEquiv>
            </TextLine>
            <TextLine id="r2l34" custom="readingOrder {index:33;}">
                <Coords points="1235,2578 2573,2589 2573,2541 2336,2519 1235,2532"/>
                <Baseline points="1245,2576 1314,2577 1383,2578 1453,2579 1522,2580 1592,2581 1661,2582 1730,2582 1800,2583 1869,2583 1939,2584 2008,2584 2078,2584 2147,2583 2216,2583 2286,2582 2355,2581 2425,2579 2494,2578 2564,2575"/>
                <TextEquiv>
                    <Unicode>Das Goethewort wird hier gegenwärtig, auch voll des beklommenen Ge¬</Unicode>
                </TextEquiv>
            </TextLine>
            <TextLine id="r2l35" custom="readingOrder {index:34;}">
                <Coords points="1110,2631 2423,2649 2546,2642 2582,2593 1110,2585"/>
                <Baseline points="1118,2624 1190,2624 1263,2624 1336,2623 1408,2623 1481,2623 1554,2623 1626,2624 1699,2624 1772,2624 1845,2625 1917,2625 1990,2626 2063,2626 2135,2627 2208,2627 2281,2628 2353,2629 2426,2629 2499,2630 2572,2630"/>
                <TextEquiv>
                    <Unicode>fühls der Ansicherheiten: „Sind wir ein Spiel von jedem Druck der Luft“, und</Unicode>
                </TextEquiv>
            </TextLine>
            <TextLine id="r2l36" custom="readingOrder {index:35;}">
                <Coords points="1116,2677 2362,2685 2344,2635 1117,2642"/>
                <Baseline points="1125,2671 1186,2671 1247,2671 1309,2672 1370,2672 1432,2672 1493,2673 1554,2674 1616,2675 1677,2676 1739,2676 1800,2677 1861,2678 1923,2679 1984,2679 2046,2680 2107,2680 2168,2680 2230,2680 2291,2680 2353,2679"/>
                <TextEquiv>
                    <Unicode>die letzte Frage ist: Wer kennt den andern, wer kennt sich selbst?</Unicode>
                </TextEquiv>
            </TextLine>
            <TextLine id="r2l37" custom="readingOrder {index:36;}">
                <Coords points="1227,2728 2447,2749 2573,2737 2574,2686 1227,2693"/>
                <Baseline points="1235,2723 1301,2722 1367,2720 1434,2720 1500,2720 1567,2721 1633,2722 1700,2723 1766,2724 1833,2725 1899,2727 1965,2728 2032,2730 2098,2730 2165,2731 2231,2732 2298,2732 2364,2731 2431,2730 2497,2729 2564,2726"/>
                <TextEquiv>
                    <Unicode>Und Schicksalsironien spielen bedeutungsvoll hinein, ein Mensch glaubt,</Unicode>
                </TextEquiv>
            </TextLine>
            <TextLine id="r2l38" custom="readingOrder {index:37;}">
                <Coords points="1118,2773 2575,2787 2528,2733 1118,2744"/>
                <Baseline points="1127,2769 1202,2769 1278,2770 1354,2771 1429,2771 1505,2772 1581,2773 1657,2774 1732,2775 1808,2776 1884,2777 1960,2778 2035,2779 2111,2779 2187,2780 2263,2780 2338,2780 2414,2779 2490,2778 2566,2777"/>
                <TextEquiv>
                    <Unicode>wahr zu sein, und gerade in dem Moment belügt er sich am schwersten. Ein</Unicode>
                </TextEquiv>
            </TextLine>
            <TextLine id="r2l39" custom="readingOrder {index:38;}">
                <Coords points="1107,2818 2580,2835 2580,2793 2448,2783 1107,2792"/>
                <Baseline points="1115,2822 1187,2821 1260,2821 1333,2821 1406,2821 1479,2821 1551,2822 1624,2823 1697,2823 1770,2824 1843,2825 1915,2826 1988,2827 2061,2827 2134,2828 2207,2828 2279,2828 2352,2828 2425,2827 2498,2826 2571,2825"/>
                <TextEquiv>
                    <Unicode>Mensch glaubt, ein Verlorenes wiedergefunden zu haben, und gerade da ist es</Unicode>
                </TextEquiv>
            </TextLine>
            <TextLine id="r2l40" custom="readingOrder {index:39;}">
                <Coords points="1112,2870 1672,2878 1672,2850 1602,2833 1494,2831 1474,2849 1391,2825 1112,2838"/>
                <Baseline points="1121,2864 1148,2865 1175,2865 1202,2866 1229,2866 1256,2866 1283,2867 1310,2867 1337,2867 1364,2867 1392,2867 1419,2867 1446,2867 1473,2867 1500,2867 1527,2867 1554,2867 1581,2867 1608,2867 1635,2868 1663,2868"/>
                <TextEquiv>
                    <Unicode>ihm unaufhaltsam entglitten.</Unicode>
                </TextEquiv>
            </TextLine>
            <TextLine id="r2l41" custom="readingOrder {index:40;}">
                <Coords points="1239,2911 2573,2938 2573,2887 2411,2873 1239,2876"/>
                <Baseline points="1248,2914 1313,2916 1379,2918 1445,2919 1511,2921 1577,2922 1642,2923 1708,2924 1774,2925 1840,2925 1906,2926 1971,2926 2037,2926 2103,2926 2169,2925 2235,2925 2300,2924 2366,2924 2432,2923 2498,2922 2564,2922"/>
                <TextEquiv>
                    <Unicode>Solche komplizierten inneren Geschehnisse, wie sie hier sich begeben, werden</Unicode>
                </TextEquiv>
            </TextLine>
            <TextLine id="r2l42" custom="readingOrder {index:41;}">
                <Coords points="1106,2979 2565,2995 2521,2932 1107,2913"/>
                <Baseline points="1116,2963 1188,2964 1260,2965 1332,2965 1404,2966 1476,2967 1548,2968 1620,2968 1692,2969 1764,2969 1836,2970 1908,2970 1980,2970 2052,2971 2124,2971 2196,2971 2268,2971 2340,2971 2412,2971 2484,2971 2556,2971"/>
                <TextEquiv>
                    <Unicode>den normalen Durchschnittsnaturen nicht zum Ereignisse, oder aber sie setzen sich</Unicode>
                </TextEquiv>
            </TextLine>
            <TextLine id="r2l43" custom="readingOrder {index:42;}">
                <Coords points="1106,3004 2572,3032 2414,2980 1106,2979"/>
                <Baseline points="1114,3013 1186,3014 1258,3015 1331,3016 1403,3017 1476,3018 1548,3018 1620,3019 1693,3019 1765,3020 1838,3020 1910,3021 1982,3021 2055,3021 2127,3021 2200,3021 2272,3021 2344,3021 2417,3021 2489,3021 2562,3021"/>
                <TextEquiv>
                    <Unicode>anders bei ihnen um, sie werden bequemer, handfester erledigt. Schnitzler nahm</Unicode>
                </TextEquiv>
            </TextLine>
            <TextLine id="r2l44" custom="readingOrder {index:43;}">
                <Coords points="1110,3068 2566,3085 2566,3036 2404,3027 1111,3029"/>
                <Baseline points="1119,3062 1190,3062 1262,3063 1334,3063 1406,3063 1478,3064 1550,3064 1621,3065 1693,3066 1765,3066 1837,3067 1909,3067 1981,3068 2053,3068 2124,3068 2196,3069 2268,3069 2340,3069 2412,3069 2484,3069 2556,3069"/>
                <TextEquiv>
                    <Unicode>als geeignete, möglichkeitsreichste Träger der Vorgänge ein Künstlerehepaar.</Unicode>
                </TextEquiv>
            </TextLine>
            <TextLine id="r2l45" custom="readingOrder {index:44;}">
                <Coords points="1231,3116 2534,3132 2566,3085 1232,3081"/>
                <Baseline points="1241,3111 1306,3112 1372,3112 1438,3113 1504,3113 1569,3114 1635,3115 1701,3115 1767,3116 1832,3117 1898,3118 1964,3118 2030,3119 2095,3119 2161,3119 2227,3120 2293,3120 2358,3120 2424,3119 2490,3119 2556,3118"/>
                <TextEquiv>
                    <Unicode>Er, Amadeus, Kapellmeister und Komponist; sie, Cäcilie, Sängerin. Die</Unicode>
                </TextEquiv>
            </TextLine>
            <TextLine id="r2l46" custom="readingOrder {index:45;}">
                <Coords points="1115,3171 2539,3182 2578,3121 1115,3132"/>
                <Baseline points="1123,3159 1195,3159 1267,3159 1339,3159 1412,3160 1484,3160 1556,3161 1628,3162 1701,3163 1773,3164 1845,3165 1917,3165 1990,3166 2062,3167 2134,3168 2206,3168 2279,3169 2351,3169 2423,3169 2495,3169 2568,3169"/>
                <TextEquiv>
                    <Unicode>menschlichen Beziehungen dieses Ehepaares bekommen dadurch eine steigerndere</Unicode>
                </TextEquiv>
            </TextLine>
            <TextLine id="r2l47" custom="readingOrder {index:46;}">
                <Coords points="1116,3211 2568,3227 2529,3177 1116,3170"/>
                <Baseline points="1125,3206 1196,3208 1268,3208 1339,3209 1411,3210 1483,3211 1554,3211 1626,3212 1698,3212 1769,3212 1841,3213 1913,3213 1984,3213 2056,3214 2128,3214 2199,3215 2271,3215 2343,3216 2414,3217 2486,3218 2558,3219"/>
                <TextEquiv>
                    <Unicode>Komplikation, daß sie beide eine künstlerische Gemeinschaft voll ganz einzigen,</Unicode>
                </TextEquiv>
            </TextLine>
            <TextLine id="r2l48" custom="readingOrder {index:47;}">
                <Coords points="1114,3261 2573,3270 2573,3231 2435,3223 1114,3226"/>
                <Baseline points="1123,3258 1195,3257 1267,3257 1339,3258 1411,3258 1483,3259 1555,3260 1627,3261 1699,3262 1771,3263 1843,3264 1915,3266 1987,3267 2059,3268 2131,3268 2203,3268 2275,3268 2347,3268 2419,3267 2491,3266 2564,3264"/>
                <TextEquiv>
                    <Unicode>unentbehrlichen Verständnisses haben. Sie singt seine Lieder, wie niemand</Unicode>
                </TextEquiv>
            </TextLine>
            <TextLine id="r2l49" custom="readingOrder {index:48;}">
                <Coords points="1102,3313 2429,3340 2572,3325 2573,3283 1103,3269"/>
                <Baseline points="1112,3307 1184,3308 1257,3308 1329,3309 1402,3309 1475,3310 1547,3310 1620,3311 1692,3311 1765,3312 1838,3312 1910,3313 1983,3314 2055,3314 2128,3315 2201,3315 2273,3315 2346,3316 2418,3316 2491,3316 2564,3316"/>
                <TextEquiv>
                    <Unicode>anders es kann, und er weckt in ihr, beim Studium ihrer Rollen, ungeahnte</Unicode>
                </TextEquiv>
            </TextLine>
            <TextLine id="r2l50" custom="readingOrder {index:49;}">
                <Coords points="1104,3350 1216,3379 1259,3361 1521,3373 1565,3357 1613,3380 1712,3359 1713,3333 1527,3311 1382,3337 1355,3316 1105,3325"/>
                <Baseline points="1114,3349 1143,3350 1173,3351 1202,3352 1232,3353 1261,3353 1291,3354 1320,3354 1350,3355 1379,3355 1409,3355 1438,3356 1468,3356 1497,3356 1527,3356 1556,3356 1586,3356 1615,3356 1645,3356 1674,3356 1704,3356"/>
                <TextEquiv>
                    <Unicode>Verständnisse und tiefe Blicke.</Unicode>
                </TextEquiv>
            </TextLine>
            <TextLine id="r2l51" custom="readingOrder {index:50;}">
                <Coords points="1223,3407 2570,3416 2557,3364 1223,3376"/>
                <Baseline points="1232,3404 1298,3404 1364,3405 1431,3406 1497,3407 1564,3408 1630,3409 1696,3411 1763,3412 1829,3413 1896,3414 1962,3415 2028,3415 2095,3416 2161,3416 2228,3416 2294,3415 2360,3414 2427,3413 2493,3411 2560,3409"/>
                <TextEquiv>
                    <Unicode>In der Kunst sind sie eins, aber in die Lebens= und Liebeseinheit hat</Unicode>
                </TextEquiv>
            </TextLine>
            <TextLine id="r2l52" custom="readingOrder {index:51;}">
                <Coords points="1105,3460 2575,3458 2558,3417 1105,3414"/>
                <Baseline points="1114,3452 1186,3453 1259,3453 1331,3453 1404,3454 1476,3454 1549,3455 1621,3455 1694,3455 1766,3456 1839,3456 1912,3456 1984,3457 2057,3457 2129,3458 2202,3458 2274,3459 2347,3460 2419,3461 2492,3461 2565,3462"/>
                <TextEquiv>
                    <Unicode>sich ein Spuk zersetzend, verwirrend eingemischt. Den Mann zieht es nach einer</Unicode>
                </TextEquiv>
            </TextLine>
            <TextLine id="r2l53" custom="readingOrder {index:52;}">
                <Coords points="1201,3504 1322,3526 1372,3519 1395,3534 1427,3518 1452,3524 1473,3508 1506,3523 1557,3509 1558,3476 1452,3463 1376,3475 1330,3463 1257,3470 1233,3458 1202,3467"/>
                <Baseline points="1210,3499 1236,3500 1262,3500 1288,3501 1314,3501 1340,3502 1366,3502 1392,3503 1418,3503 1444,3503 1470,3504 1496,3504 1522,3504 1549,3505"/>
                <TextEquiv>
                    <Unicode>Der Türmer VIII, 4</Unicode>
                </TextEquiv>
            </TextLine>
            <TextLine id="r2l54" custom="readingOrder {index:53;}">
                <Coords points="2354,3523 2365,3523 2394,3511 2398,3515 2405,3513 2409,3517 2418,3517 2435,3509 2439,3511 2444,3505 2455,3506 2456,3474 2445,3474 2436,3479 2425,3468 2399,3467 2375,3474 2355,3472"/>
                <Baseline points="2364,3505 2391,3503 2418,3504 2446,3507"/>
                <TextEquiv>
                    <Unicode>36</Unicode>
                </TextEquiv>
            </TextLine>
            <TextEquiv>
                <Unicode>box 25/2
Zwischenspiel
553
lichen Mächte des Inneren, für unüberwindlich rätselvolle Triebe, für den jähen
Zwang des Blutes, für die lockenden Trugbilder der Phantasie.
Einen ähnlichen Gedanken, der den gleichen Kern in den mythologisch¬
legendarischen Vorstellungen primitiverer Zeiten und in der modernen Seelen¬
forschung feststellt, spricht Lafcadio Hearn, der englisch=japanische Philosoph,
aus, wenn er sagt: „Figürlich können wir sagen, daß jeder Intellekt eine Welt
von Geistern ist — Geister, die unvergleichlich zahlreicher sind, als die an¬
erkannten Millionen der Shinko=Kamis (der japanischen Ahnengeister), und daß
die geisterhafte Bevölkerung einer einzigen Gehirnzelle die wildesten Phantasien
der mittelalterlichen Scholastiker von der Zahl der Engel, die auf einer Nadel¬
spitze stehen können, noch übersteigt.“
Ein Wort von Lessing gehört noch in diesen Zusammenhang, das jene
„Trolls in unserem Herzen und Hirn“ mit scharfem Blendlaternenschein belichtet,
jenes Wort, das in einer Shakespearecharakteristik (Nomeo und Julia gegen
Voltairs Jaire) von den „kleinsten, geheimsten Ränken“ spricht, „durch die sich
ein Gefühl in unsre Seelen einschleicht, all den unmerklichen Vorteilen, die es
darin gewinnt, all den Kunstgriffen, mit denen es jede andere Leidenschaft unter
sich bringt, bis es der einzige Tyrann unserer Begierden und Verabscheu¬
ungen wird“
Für solche eingeborene Dämonologie hat nun von allen Gegenwarts¬
dichtern — wenn man den großen Heimlichkeitsbeschwörer Ibsen ausnimmt —
das stärkste künstlerische Interesse Artur Schnitzler. Und in diesem letzten Werk,
„Zwischenspiel“, versucht er mit subtilen Erweckungskünsten solch Walten in die
Erscheinung zu bringen. And das Thema ist, noch einmal formuliert, die „ewige
Ansicherheit aller irdischen Beziehungen zwischen Mann und Weib“.
Ein Ehefall gibt den äußeren Stoff und die Gelegenheit, experimentell
in alle Schleichwege der Seele hineinzuleuchten, auf denen durch Phankome
der Einbildungskraft, durch Märchen des Blutes, durch Illusions- und Vor¬
stellungsgebilde Menschen sich von unkontrollierbaren Einbildungskräften über¬
rumpeln lassen.
Das Goethewort wird hier gegenwärtig, auch voll des beklommenen Ge¬
fühls der Ansicherheiten: „Sind wir ein Spiel von jedem Druck der Luft“, und
die letzte Frage ist: Wer kennt den andern, wer kennt sich selbst?
Und Schicksalsironien spielen bedeutungsvoll hinein, ein Mensch glaubt,
wahr zu sein, und gerade in dem Moment belügt er sich am schwersten. Ein
Mensch glaubt, ein Verlorenes wiedergefunden zu haben, und gerade da ist es
ihm unaufhaltsam entglitten.
Solche komplizierten inneren Geschehnisse, wie sie hier sich begeben, werden
den normalen Durchschnittsnaturen nicht zum Ereignisse, oder aber sie setzen sich
anders bei ihnen um, sie werden bequemer, handfester erledigt. Schnitzler nahm
als geeignete, möglichkeitsreichste Träger der Vorgänge ein Künstlerehepaar.
Er, Amadeus, Kapellmeister und Komponist; sie, Cäcilie, Sängerin. Die
menschlichen Beziehungen dieses Ehepaares bekommen dadurch eine steigerndere
Komplikation, daß sie beide eine künstlerische Gemeinschaft voll ganz einzigen,
unentbehrlichen Verständnisses haben. Sie singt seine Lieder, wie niemand
anders es kann, und er weckt in ihr, beim Studium ihrer Rollen, ungeahnte
Verständnisse und tiefe Blicke.
In der Kunst sind sie eins, aber in die Lebens= und Liebeseinheit hat
sich ein Spuk zersetzend, verwirrend eingemischt. Den Mann zieht es nach einer
Der Türmer VIII, 4
36</Unicode>
            </TextEquiv>
        </TextRegion>
    </Page>
</PcGts>
