3484 4256
1292 92 1754 184 box 25/5
238 108 1139 199 20 ZuIschensniel
480 969 694 1045 Holbzilos
1168 982 1563 1078 Telephon 12801.
433 1120 483 1189 8
422 1075 1572 1280 eie
434 1246 1573 1321 O l. österr. behördl. konz. Unternehmen für Zeitungs-Ausschnitte
589 1312 1481 1405 Wien, I., Concordiaplatz 4.
817 1393 1260 1459 Vertretungen
424 1403 529 1468 4
439 1419 1572 1508 0 in Ee Zudapest, Chicago, Christiania, Genf, Kopen¬
423 1473 1592 1565 hagen #adon, Madrid, Mailand, Minneapolis, New-Vork,
440 1529 1554 1604 □ Paris, Rom, San Francisco, Stockholm, St. Petersburg.
837 1563 1240 1633 fuelienangsbe ohne Gewahr.
1025 1609 1515 1698 Prede Deutsche Presse
442 1627 917 1709 Ausschnitt aus:
912 1668 1648 1781 Freisinstge Zeitung, Berlin
438 1728 656 1807 E vom:
654 1738 1011 1842 WA
1033 1763 1098 1851 —
564 1849 1471 1974 Kunst und Wissenschaft
817 1942 1231 2033 Lelling-Theater
496 2011 1681 2079 Freitag, neu einstudiert: „Zwischenspiel“, Komödie in:
414 2060 1168 2108 brei Alten von Arthux Schnitzler.
500 2088 1631 2170 Die Unergiebigkeit dermovernen dramatischen Produktion wird
430 2145 1624 2211 wohl nicht besser gekennzeichnet als dadurch, daß Direktor Brahm
416 2180 1631 2259 sich genötigt siebi, jetzt eins der schwächsten Stücke Schnitzlers
423 2232 1615 2277 wieder hervorzusuchen und auf die Bühne zu bringen. Die psy¬
407 2253 1619 2319 Schologische Studie, die Schnitzler in dem „Zwischenspiel“ versucht
444 2310 1629 2367 #t, ist ihm total mißlungen. Der Ehrgeiz, recht komplizierte
419 2343 1627 2408 Charaktere zu schildern, ist dem Dichter schlecht bekommen, denn die
420 2380 1615 2427 Rompliziertheit ist ihm so über den Kopf gewachsen, daß er schließ¬
398 2424 1614 2483 Aich nicht mehr ein noch aus weiß und eine Lösung bringt, die von
414 2450 1249 2511 den vielen unmöglichen die unmöglichste
1262 2465 1305 2506 st.
1315 2463 1624 2517 Spöttisch läßt
413 2508 1617 2557 Schnitzler wiederholt seine Hauptpersonen sich über die dramatische
415 2544 1620 2583 Autoren äußern, die nicht nach dem Leben zeichnen, sondern ihre
415 2569 1627 2639 Personen und deren Schicksal willkürlich bestimmen. Dabei spottet
423 2623 1620 2676 er aber nur seiner selbst, denn das was er bietet, ist ein willkürlich
417 2648 1620 2706 konstruierter Bau, der zusammenbricht, wenn man auch nur mit
408 2701 1624 2760 dem Finger dran rührt. Als Kapellmeister Adams, der in biesem
420 2736 1616 2791 Stück eine so komische Rolle — im schlechten Sinne — spielt,
420 2772 1616 2822 präsentierte sich ein Gast, Heinz Monard, der vom Berliner
415 2807 1622 2871 Theater her noch bekannt ist. Er bemühte sich, natürlich zu sein,
408 2853 1625 2911 und damit machte er in der Tat diese Figur einigermaßen verständlich,
409 2881 1632 2927 da man sich ihre Handlungsweise nur erklären kann, wenn man
405 2925 1611 2993 ihr eine außerordentlich große Portion welifremder Naivetät zu¬
410 2967 1624 3033 billigt. Ein vollständig befriedigendes Charakterbild vermochte
414 2999 1623 3069 Monards allerdings auch so nicht zu schaffen, doch deswegen darf
404 3046 1622 3110 man mit ihm nicht rechten, das ist Schuld des Dichters. Jedenfalls
406 3093 1623 3149 machte der Gelt einen sehr vorteilhaften Eindruck, da er sich natür¬
407 3128 1623 3198 lich gab und auch glücklich jedes falsche Pathos vermied. Die
411 3159 1622 3226 übrigen Rollen waren mit den bekannten Kräften besetzt: Irene
412 3201 1609 3244 Triesch sucht als Cäcilie Adams=Ortenburg durch ihre gewöhn¬
401 3227 1613 3312 lichen äußerlichen Mittel den Anschein zu erwecken, als stecke in
403 3284 1611 3327 dieser Frau ein großes Geheimnis: Emanuel Reicher war so
400 3311 1621 3391 einsichtig, sich über seine eigene Rolle lustig zu machen und Albertus
409 3350 1616 3427 Rhon, den Roisonneur der Komödie, als einen ausgemachten Trottel
406 3404 1616 3447 hinzustellen; Willy Grunwald quälte sich mit dem ganz un¬
400 3441 1647 3498 möglichen Fürsten Sigismund ab, ohne doch dem Schicksal un¬
401 3465 1020 3549 beabsichtigter Komik zu entgehen.
2599 932 2999 1024 Telephon 12691.
2115 997 2244 1176 &
2336 1093 2379 1180 1
2396 1151 2702 1211 KEn
2311 1191 2998 1271 onternehmen für Zeitungs-Ausschultte
2228 1261 2901 1356 I., Concordiaplatz 4.
2235 1322 2684 1405 Vertretungen
2030 1385 2997 1455 Li, Budapest, Chicago, Christiania, Genf, Kopen¬
2001 1426 3006 1490 en, London, Madrid, Mailand, Minneapolis, New-Vork,
1937 1465 2975 1535 Paris, Rom, San Francisco, Stockholm, St. Petersburg.
2268 1512 2652 1573 (Quellenangabe ohne Gewühr.)
1874 1562 2336 1648 * Ausschnitt aus:
2355 1609 2872 1717 „Das Reich, Berlin
1848 1653 2366 1773 E vom: 10. 12. 150
2209 1775 2627 1871 Leising-Theater.
1893 1823 3035 1922 („Zwischenspiel“ Komödie in drei Akten von Artur
1824 1892 2428 1959 Schnitzler. Neu einstudiert.)
1906 1923 3039 2012 Problem der reinen Freundschaft und Kamerad¬
1818 1989 3041 2053 schaft zwischen Mann und Weib ist für unsere modernen!
1824 2029 3033 2112 Schriftsteller ein beliebtes und in den verschiedensten Varian¬
1819 2069 3041 2146 ten behandeltes Thema und so führt uns denn auch Artur
1825 2106 3040 2186 Schnitzler in seinem „Zwischenspiel“ ein hypermodernes
1821 2162 3036 2234 Künstlerehepaar vor, das aus Lanne oder Uebersättigung
1817 2204 3040 2274 oder aus sonst einem imaginären Grunde, aber beileibe nicht
1813 2246 3054 2327 etwa aus irgendwelcher Abneigung den ehelichen Verkehr##
1811 2292 3023 2379 miteinander aufgab. Es macht ihnen Spaß, sich nur als
1818 2327 3054 2402 Freunde, als Kameraden zu fühlen und miteinander und sich
1830 2378 2970 2456 gegenseitig eifrig fördernd die Höhen ihrer Kunst zu
1824 2414 3043 2490 klimmen. Das geht so weit, daß sich das Ehepaar seine
1814 2465 3053 2556 außerehelichen Liebesverhältnisse beichtet und ruhig zusieht,
1825 2519 3054 2596 wie jeder von ihnen seinen Sommeraufenthalt mit dem
1818 2529 3110 2622 augenblicklich bevorzugten Wesen verlebt. Schließlich aber &#
1823 2594 3046 2667 nach einer längeren Trennung stürzen sich beide plötzlich doch
1835 2636 3051 2712 wieder in die Arme und man glaubt, nun sei alles wieder!
1832 2680 3043 2773 gut, ma so mehr, als sich beide trotz ihrer Seitensprünge ge¬
1832 2726 3056 2805 genseitig auch noch über alles hoch schätzen. Aber weit ge¬
1840 2786 3104 2842 fehlt! Gerade jetzt, nach diesem Rückfall in ihre Liebesleiden=
1832 2810 3051 2886 schaft geht das Pärchen auseinander, denn es fühlt sich da¬
1828 2828 3067 2940 durch bedrückt; allerdings wird der Ausblick auf eine even¬
1838 2897 3058 2976 zuelle Wiedervereinigung eröffnet, allein das ist auch alles
1837 2936 3062 3029 und der Vorhang fällt, während sich die Zuschauer verdutzt
1828 2985 3051 3040 ansehen. Ganz Schnitzler! Gespielt wurde sehr gut, beson¬
1824 3023 3054 3110 ders von dem Gaste, Herrn Heinz Monard, der die Rolle des,
1828 3078 3073 3141 Kapellmeister Adams zwar wesentlich anders auffaßte als
1829 3109 3083 3198 Bassermann, #ein nicht weniger interessant als er. Frau
1831 3157 3072 3222 (Ire Triesch ist in ihrer vorzüglichen Leistung als die junge
1843 3204 3051 3268 Ebefrau bereits bekannt, ebenso Heßr Emanuel Reicher als
1844 3255 3053 3314 Albertus Rhon. Trotzdem gab es nur sehr wenig Beifall,
1847 3284 3068 3354 was wir den Zuschauern nicht verdenken können in anbetracht
1837 3352 2909 3427 des doch allzu extravagant ausgeklügelten Stückes.
2776 3372 3034 3445 J. Stz—g.
