3484 4352
1066 1043 3256 1133 die helle Grundfarbe verleiht, die Liebe. Schnitzler; dem Kind auf dem Lande, er in der Villa der
288 986 802 1188 Feuilleton.
1074 1115 2149 1186 wird nicht müde, sie in allen Wendungen und Wand¬
2153 1117 3248 1170 Sängerin. Nun ist es Herbst. Die Frau hat in
2148 1155 3250 1223 Berlin gastiert und Triumphe gefeiert. Ein Schüler
1063 1167 2161 1228 lungen, schwankenden Förmen und Gestalten zu zeigen,
2156 1215 3258 1265 ihres Mannes, Fürst Sigismund, hat sie im Sommer
1080 1210 2163 1267 ihren Anreiz und ihre verheerende Gewalt zu schildern.
315 1204 739 1291 Burgtheater.
2160 1246 3247 1334 flüchtig besucht, er ist auch ihretwegen nach Berlin
1067 1259 2150 1316 Sie ist der Stoff, der ihn begeistert, der ihm die
160 1252 1072 1334 henspiel“. Komödie in drei Akten von Artur
1070 1309 2157 1374 Zunge löst. Am liebsten holt er sich seine Gestalten
2153 1302 3263 1367 gereist. Jetzt meldet eine Zeitungsnotiz ein Gerücht
172 1307 1072 1409 1erZum erstenmal aufgeführt am 12. Oktober
444 1347 597 1414 1905.)
1069 1356 2160 1424 aus der Welt oder Scheinwelt der Kunst, vor allem
2160 1360 3250 1421 von der Scheidung der Frau und ihre Wiederver¬
170 1387 1070 1463 ist ein merkwürdiges Stück. Am merkwürdig¬
2155 1403 3250 1457 heiratung mit dem Fürsten. Als Cäcilie nun zurück¬
1076 1404 2160 1461 aus der des Theaters. In derselben Sphäre bewegt
2149 1453 3255 1510 kommt, um den Kontrakt zu lösen und dann wieder
1070 1445 2153 1502 sich denn auch das „Zwischenspiel“. Es ist dieselbe
192 1451 1073 1511 l dadurch, daß es keines ist. Dann aber
1072 1500 2152 1557 Schichte handelnder Menschen, die wir durchschauen:
2154 1493 3260 1566 nach Berlin zu gehen, erwacht plötzlich die Eifersucht
172 1503 1080 1555 ines Stoffes. Wir alle wissen ja, was uns
1068 1539 2166 1612 Leute des Theaters und der Kunst. Ein Problem der
178 1550 1078 1607 bedeutet. Mit seinem Namen ist die Reihe der
2157 1552 3251 1613 des Gatten. Ueber ihr Leben in der Fremde weiß
2148 1594 3254 1657 er nichts aber was er vom Prinzen gehört hat und
1074 1598 2165 1659 Liebe, der Ehe ist es, das vor uns aufgerollt wird
164 1603 1072 1665 En verbunden, die zwischen „Anatol“ und dem
1075 1643 2158 1703 und es ist dieselbe Kühnheit, mir der Schnitzler zu
196 1634 1077 1705 liegt und deren glänzender Mittelpunkt in
2155 1641 3261 1704 der Ausblick auf die lange Trennung beunruhigen
1066 1684 1730 1768 uns darüber spricht, wie sonst.
2158 1695 3256 1763 ihn. In wilder Leidenschaft durchbricht er das
168 1678 1072 1766 belei“ besteht. Fast alle Glieder dieser Reihe
170 1739 1070 1803 en durch die Unerschrockenheit, den Mut, ja
2148 1736 3254 1797 kameradschaftliche Verhältnis, bestürmt seine Frau
1162 1718 2158 1807 Kapellmeister Adams und seine Frau Cäcilie,
2156 1788 3254 1851 und ist wieder Geliebter, Gatte — eine Nacht. Dieser
168 1792 1076 1846 kellose Kühnheit, mit der Schnitzler gewagt
1064 1770 2155 1851 eine Sängerin, haben sich vor sieben Jahren ge¬
2158 1818 3264 1894 neue Anfang ist aber auch das Ende. In äußerster
173 1824 1077 1900 Dinge zu sprechen, über die man sonst
1064 1835 2155 1892 heiratet und ihr Beruf hat sie öfters Monate hin¬
2155 1884 3261 1960 Selbstbeherrschung hatte die Frau allen Lockungen
1076 1888 2147 1941 durch von einander getrennt. Die Kühle ihrer Em¬
163 1896 1067 1942 oder an denen man sich vielleicht mit ver¬
2151 1915 3253 1976 in der Ferne widerstanden und der Kapellmeister
1076 1933 2151 1990 pfindungen (daß sie einen fünfjährigen Knaben haben,
164 1936 1071 1997 Lächeln vorbeidrückt. Dinge, die man bisher
2158 1976 3260 2040 Verfährt dies erst später aus dem Munde des Prinzen
1076 1979 2155 2040 tut nichts zur Sache) gestattet ihnen, über alles, was
199 1980 1072 2050 wie im Dämmerlichte gesehen, um nicht
1069 2026 2160 2099 sie erleben, in Aufrichtigkeit zu einander zu sprechen
2156 2027 3262 2088 selbst, den er zu fordern beschlossen hat. Geschehen
193 2017 1074 2101 i zu müssen, zieht er unter den scharfen Schein
2147 2067 3265 2139 ist nichts, aber die Gedanken Cäciliens waren nicht
198 2066 1071 2134 ängstlich zuckende Nerven am sozialen Kör¬
1064 2067 2162 2136 oder sich zu schreiben. Aber es ist auch nichts, was
1076 2124 2155 2185 sie bisher zu verheimlichen hatten. Die Lage ändert
2153 2114 3263 2183 mehr rein. Deshalb will und kann sie auch nicht
170 2120 1074 2193 er bloß und hält sie mit der Pinzette fest.
2161 2167 3248 2220 mehr für die Zukunft einstehen: die Welt ist ja für
173 2177 1073 2231 er planmäßig, in voller Sicherheit und mit
1073 2153 2168 2245 sich plötzlich durch die aufkeimende Neigung des
1074 2225 2161 2286 Kapellmeisters zu einer verheirateten Sängerin.
2153 2214 3248 2287 freie Menschen so voll von Abenteuern und Ver¬
175 2216 1079 2281 k und dem Lächeln des Weisen, der die Welt
1072 2254 2155 2334 Dieser soll er übrigens nur als Ersatz dienen für
154 2270 1070 2337 ut. Erinnern wir uns nur. Im „Märchen“
2157 2263 3251 2328 heißungen! Neben ihrem Manne zu leben und ein
1068 2329 2163 2383 den Maler ihres Bildes, mit dem sie soeben ge¬
2148 2311 3258 2391 Kompromiß zu schließen, bei dem sich der eine oder
168 2313 1080 2374 kr, daß es für die Gefallene keinen Rückweg
174 2350 1086 2423 Besellschaft gibt. Im „Vermächtnis“ zeigte er
2166 2370 3257 2423 andere Dritte freut, vermag sie nicht. Deshalb
1072 2358 2167 2417 brochen hat. Cäcilie errät. Was nun? Nach der
1071 2409 2169 2459 Absicht des Kapellmeisters sollen er und seine Frau
2164 2409 3254 2477 trennen sich beide. Er zieht in die Ferne und sie bleibt
189 2400 1074 2465 hdann als zutreffend, wenn darauf die Ehe
1073 2460 2160 2518 fortan nebeneinanderleben nicht wie Gatten, sondern
2155 2457 3261 2522 mit dem Kinde allein. Wenn sie auch zum Schluß in
158 2448 1073 2524 er „Einsame Weg“ bringt das Bild einer
1078 2494 2158 2567 wie Kameraden, die sich wie frühe. musikalisch fördern,
2156 2511 3254 2572 Weinen versinkt, so gelten ihre Tränen nur dem ver¬
163 2489 1075 2577 einer von hunderten, deren Glieder im Leben
2168 2541 2497 2625 lorenen Glück.
1071 2551 2166 2624 ihr Heim, ihr Kind behalten, also alles, bis auf das
151 2554 1082 2618 Sanderstehen fast wie Fremde, ohne sich zu
169 2607 1069 2669 selbst über den Tod hinaus. Das „Freiwild“
2257 2587 3253 2671 An diesem sehr einfachen und wenn man willplum¬
2161 2649 3259 2721 pen Gerüste der Handlung erkennt man nicht, mit wie
176 2648 1080 2712 Aufschrei gegen das Duell. Und in allen
1073 2587 2160 2726 ner din geir meter . und eule it gun Im
172 2707 3262 2772 ferken ist der Einschlag des Gewebes, der ihm: Sommer sind die beiden getrennt. Die Frau war mit viel Energie und mit wie viel Feinheit zugleich die
