3484 4192
1287 104 1725 188 box 25/4
228 117 1120 203 20. Zuischensniel
1051 483 1375 573 Telephon 12.801.
1224 579 1300 644 #5
534 636 1250 722 „ODSERTER
360 700 1446 767 I. österr. behördl. konz. Unternehmen für Zeitungs-Ausschnitte
551 755 1265 831 Wien, I., Concordiaplatz 4.
749 815 1075 880 Vertretungen
359 846 1445 927 in Berlin, Basel, Budapest, Chicago, Cleveland, Christianin,
354 912 1443 959 Genf, Kopenhagen, London, Madrid, Mailand, Minneapolit,
360 937 1455 1008 New-Vork, Paris, Rom, San Francisce, Stockholm, St. Peters¬
751 981 1061 1037 burg. Toronto.
683 1016 1134 1087 (Quellenangabe ohne Gewäur.
349 1071 803 1160 Ausschnitt aus:
808 1071 1131 1224 # Gale
359 1169 524 1240 vom:
603 1204 917 1304 e
1075 1222 1299 1345 10#
398 1371 1326 1468 Ind comesia di uno scrittore viennese
424 1445 1318 1526 GrHNani, il valente traduttore di Sudermann,
396 1489 1325 1564 stagora traducendo l' Intermegzo (Zwischenspiel) di
399 1556 1315 1618 Arturo Schmitzlenil famoso scrittore verista vien¬
393 1596 1320 1656 nese. F’ una commedia in tre atti, d’una trama
400 1658 1306 1719 semplicissima, ma d’una singolaritä, d’un ardi¬
389 1715 1311 1771 mento, d’una finezza veramente straordinaria. Ed
392 1752 1312 1824 & stato anche il lavoro che ottenne il maggior
388 1794 1319 1851 successo sulle scene. A Vienna lo si dà ancora
395 1859 1318 1902 presentemente dal dicembre scorso. Nani sard il
381 1891 1312 1953 primo a far conoscere questo bizzarro c genialis¬
389 1952 1312 2014 simo autore al pubblico italiano. La traduzione &
389 1988 1299 2056 difficilissima, essendo necessario di ricostruire ad¬
380 2035 1310 2115 dirittura il dialogo, pieno di sottigliezze, di sottin¬
376 2093 1209 2160 etsi, di motti arguti e di delicate stumature.
611 2626 1725 2718 mösör ion un 3ydun dudlng goslemmrup zir sjop iattlas“
401 2667 499 2708 Dus
715 2677 1730 2749 proposito dell’articolo su Arturo Schnitzler
258 2670 519 2760 Jubblico se¬
629 2729 1723 2814 pubblicato nell'ultimo numero della Scena, ricevo e pub¬
259 2747 521 2814 si prova per
627 2779 1554 2865 blico volontieri questa lettera dell’amico Nani:
269 2795 513 2859 da ieri. Sa¬
1572 2795 1679 2880 777
291 2838 530 2912 a Livorno
806 2857 1134 2915 Caro Bevacqus,
656 2873 1731 2943 leggo nell'ultimo numero della tua ottima Scenn un articolo del col¬
640 2923 1728 2993 lega & Cesarone“. il quale con bellissime parole lamenta che non si sieno
288 2947 534 3013 collega ed
631 2964 1728 3027 fatti conescere fin qui un pö piü in Italia autori drammatici del valore
312 3003 524 3067 rammatico
640 3005 1737 3075 e della genialità di Arturo Schnitzler e di May Dreyer, i capisaldi della
653 3038 1731 3109 modernissima letteratura drammatica tedesca ed incita a farlo al piü presto
331 3051 530 3118 dalla pill
669 3091 1741 3143 Orbene, puoi dite alllegregio tuo collaboratore, che con tanta autoritä
306 3102 541 3163 di perdere
643 3122 1739 3181 e competenza si occupa delle cose del teatro tedesco, che io fui talmente
321 3156 532 3210 nza nean¬
649 3160 1729 3230 del suo parere che non piü tardi ieri l'’altro, coi tipi dei Fratelli Treves.
322 3206 398 3267 Ita.
641 3197 1732 3255 usciva la mia traduzione del capolavoro di Max Dreyer: I. Etacriticn.
652 3236 1748 3317 che verrà rappresentato ancora nel prossimo maggio dalle nostre migliori
355 3242 523 3312 qualche
645 3303 1748 3336 compagnie, fra le quali quelle del Calabresie della Vitaliani; e che proprio
337 3294 532 3369 lla Scend,
645 3316 1746 3377 adesso sto volgendo in italiano 1'Intermezzo di (Arturo Schnitzler,
649 3358 1744 3416 una commedia finissima e di grande originalità, piena di sottigliezze e
652 3397 1753 3462 d’arguzia, di passionalilà e di scetticismo, che diede e da tuttora al
331 3408 540 3479 mia dei
655 3431 1756 3496 genialissimo scrittore maggiori soddisfazioni di ogni altra opera sua: a
359 3467 551 3528 secondo
659 3496 1372 3540 Vienna dal dicembre in qud si replica ancora.
685 3515 1755 3584 Ringraziandoti, credimi, co' piü cord.ali saluti il sempre tno affez.mo
1202 3553 1694 3620 GEROLAMO ENRICO NANI.
373 3557 552 3618 cosa, Ie
709 3587 1076 3659 Torino, 5 aprile 1906.
359 3612 554 3676 ntazioni,
694 3617 1754 3709 Per le famiglie delle vittime dl Courrières la
373 3659 547 3729 viaggio
667 3679 1752 3755 ditta Suvini e Zerboni ha promosso una recita straordi¬
664 3739 1767 3812 naria al Lirico, che ha avuto luogo stasera dando circa
355 3762 563 3819 #etta pro¬
1992 160 2093 234 vern
2113 195 2374 264 meutre lnde.
2126 230 2956 300 chisti sonoerimasti neeist e quattre
1973 256 2091 313 Fore.
2111 282 2757 353 La nargpientrera oggi in porto.
1996 303 2102 353 agli
1971 345 2102 393 Kario
1977 382 2094 428 colo¬
2003 419 2081 479 ap¬
2273 404 2933 512 TERTRI ed HRIE.
2016 443 2127 533 #
2157 496 3079 566 Drammatien — Gerolamo Enrico Nani. 11
2138 528 3077 605 valente collaboralore Kraduttore, sarehbe troppo
2133 563 3078 642 poco) di Sudermann sta ora traducendo 1er-
2138 601 3084 687 weszo Gwischenspiel) di Arturo Schnitzler, il fa¬
2146 647 3089 724 mose, scrittore verista viennese, forse il pin eri¬
2144 692 2850 766 ginale fra tutti gli scrittori viventi.
2171 726 3083 784 E' una commedia in tre atti, d’una trama sein¬
1996 750 2110 822 o la
2140 773 3087 826 plieissima: ma d'nna singolarità, d’nn ardimento,
2004 813 2114 854 on 6
2134 800 3100 875 d’nna linezza veramente straordinari. Ed & stato
2006 850 2126 901 iede-
2144 845 3092 914 auche il lavoro che ottenne il maggior suceesso
2003 882 2120 939 del
2144 870 3091 946 sulle sceue. A Vienna lo si dà ancora presente¬
2002 927 2123 981 zand
2148 918 3093 994 mente dal dicembre scorso. II Nani sarn il primo
2004 970 2131 1020 del-
2146 957 3091 1028 u far conoscere questo bizzarroe genialissimo an¬
2154 1010 2652 1063 tore al pubblico italinno.
2189 1030 3086 1104 La traduzione e difficilissima, essendo necessa¬
2151 1069 3105 1145 rio di ricostruire addirittura il dialogo, pieno di
2165 1109 3104 1189 sottigliezze, di sottintesi, di motli arguti e di de¬
2156 1175 2489 1241 licnte skumature.
1999 1204 2087 1252 1;
2002 1230 3024 1296 umn  Secrologie — E' stato neviso il noto
2004 1280 2133 1334 oriei,
2136 1284 2685 1361 dD
2656 1944 3021 2043 Telephon 12801.
2131 2049 2829 2201 „OBSERVER'
1948 2159 3056 2269 I. österr. behördl. konz. Unternehmen für Zeitungs-Ausschaltte
2111 2221 2915 2327 Wien, I., Concordiaplatz 4.
2366 2312 2662 2374 Vertretungen
1967 2342 3053 2430 in Berlin, Basel, Budapest. Chicago, Cleveland, Christiania,
1979 2393 3067 2461 Genf, Kopenhagen, London, Madrid, Mailand Minneapolis,
1959 2434 3062 2511 New-York, Paris, Rom, San Francisco, Stockholm, St. Peters¬
2355 2485 2661 2544 burg, Toronto.
2277 2520 2743 2599 (Quellenangabe ohny, Gewähr).
1958 2607 2671 2685 Ausschnitt aus:&gr & 22
1974 2705 2247 2801 vom: 72
2254 2661 3032 2805 0 Sane
2022 2813 2965 2936 NOTIZIE EIRICHE E DRAMMRTICHE.
2053 2900 2959 2978 f Allega G. E. Nani ha terminato, di questi
2028 2938 2959 3018 gibrnf, di volgere in italiano, dal tedesco, una
2025 2972 2981 3044 commedia satirica di Arturo Schnitzler, intitola¬
2028 3009 2963 3075 in Intermezzo. L.o Seiffiftzrer“ Doro Cöhosciuto in
2033 3040 2962 3124 Italia, & uno dei piü arguti scrittori teatrali della
2022 3099 2490 3153 glovane scuola tedesca
2053 3096 2964 3175 Intermezzo, in cui l’autore ha raffigurato se
2028 3143 2973 3217 stesso, in un personaggio ironico e mordace, 6
2029 3175 2973 3261 stata acquistata dalla compagnia Calabresi-Se¬
2027 3219 2965 3289 veri, che la rappresenterà, la prima volta, a Mila¬
2031 3249 2973 3313 no, nella prossima stagione al Manzoni. La ver¬
2043 3282 2975 3348 sione italiana di Intermezzo verrà e presto pub¬
2024 3327 2631 3407 blicata nella Nnova Antologia.
3004 2957 3066 3007 8
3001 3037 3063 3096 9
2978 3229 3084 3308 13
