3436 4384
1296 177 1744 280 box 25/1
226 167 1162 298 20. Zuischensniel
2623 1295 2930 1373 #
919 1338 1059 1433 S
582 1346 2939 1482 schen Wert des Bildes abschwächen: Solche Kombinationen finden. Ist es immer schon mißlich, einen ausgezeichneten
1752 1410 2937 1487 Künstler darum schlecht zu finden, weil er nicht so gut wie
591 1450 1763 1529 seien oft sehr glänzend gelungen. Auch für den seltsameren
2055 1457 2939 1519 — so ist es geradezu grotesk, — daß Meier¬
597 1483 2070 1573 Fall einer wesentlich späteren Zutat, die dem ursprüng= Holbein male. -
1761 1497 2940 1585 Graefe, um Böcklin zu zermalmen, den Schatzmeister Tuke
606 1530 1762 1609 lichen Bilde einen „neuen Reiz“ zufügte, dürften sich
1754 1539 2947 1617 wählte. ... Das Antlitz ist weit von dem Glanze der
599 1581 1766 1647 Parallelen finden lassen. Auch Bayersdorfer und Hauser
1757 1582 2944 1664 guten Bildnisse von Holbein entfernt und der Tod so
589 1618 1769 1695 haben die Möglichkeit einer späteren Hinzumalung des
1762 1629 2946 1710 überaus schlecht mit dem Dargestellten verbunden.
279 1629 372 1716 I.
268 1656 1771 1766 ###at in seinem Todes in Betracht gezogen und sollen sogar diese Hypothese
1814 1674 2942 1751 .. daß as Gerippe wie hinzugefügt, das Perträt als
601 1711 1769 1802 aktenmäßig niedergelegt haben. Wenn sie Bayersdorfer
1762 1719 2950 1791 solches auch ohne Gerippe denkbar erscheint. So fällt
597 1745 1777 1825 auf sich beruhen ließ, geschah es lediglich, weil er das
1762 1760 2950 1847 der Vergleich mit Böcklins Selbstporträt
603 1788 1773 1874 Bild, so wie es war, vortrefflich fand. Meier=Graefe be¬
593 1853 2953 1920 tont vor allem diesen ästhetischen Wert des Bildes. Zwarsnicht einmal zu Böcklins Nachteil aus.
588 1853 2950 1958 teilt er Volls Ansicht, daß das Stundenglas die Kom= Hatten wir aber schon immer den Schatzmeister Tuke wenig
605 1890 2953 2007 position drücke, und er sucht diesen Fehler zu erklären; geliebt und die Komposition mit dem Tode gehäuft, äußer¬
1766 1941 2954 2014 lich und steif gefunden, so hatten wir doch nie uns mit
596 1972 1778 2034 aber er legt dar, daß die Gestalt des Todes auf dem Bilde
1775 1981 2946 2061 dem Gedanken bejaßt, der ohne inneren Zusammenhang
604 2017 1667 2100 zur Kontrastwirkung, als „eine Art Schatten,
1772 2014 2942 2104 hinzugefügte.Tod wäre möglichenfalls auch tatsächlich,
2713 2063 2953 2126 Die Auf¬
599 2044 1772 2124 Porträts, gar nicht materieller“ erscheinen durfte. „Nur
1775 2071 2698 2145 d. h. von fremder Hand, nur hinzugefügt.“
1618 2103 1769 2155 „hatte
600 2109 1595 2180 diese ästhetische Basis“ — sagt er dann weiter -
1779 2100 2950 2198 fassung von Karl Voll wird dann als „recht plausibel“ be¬
599 2150 1781 2223 ich im Auge, als ich bei Böcklin von Holbein sprach. Wenn
1771 2185 1982 2250 lzeichnet.
599 2186 1776 2278 Voll dagegen etwas einzuwenden hatte, mußte er sich an
2027 2187 2599 2299 Nu #0
609 2234 1784 2315 den Sinn meiner Verwendung des Schatzmeister=Bildes
1834 2255 2872 2349 Arthur Schnitzlers neue Komödie „Zwischenspiel“.
611 2273 1799 2345 halten und meine Behauptung, der Tod auf diesem Werke
609 2316 1792 2402 sei besser als bei Böcklin gemalt, und entziehe dadurch
1849 2324 2890 2400 Uraufführung am 12. Oktober im Wiener Burgtheater.
599 2384 1790 2443 dem Motiv die rein gegenständliche Bedeutung, widerlegen.]
1868 2349 2954 2448 hm. Der Wiener Kapellmeister und Komponist Amadens
618 2402 1794 2486 Die Frage, ob der Tod aus dem 17. Jahrhundert stammt,
615 2413 2947 2522 kommt in dieser Reihe von Ueberlegungen nicht in Be¬(nicht Wolfgang Amadeus) Adums lebt seit 7 bis 8 Jahren
1748 2465 2950 2552 fmit der Sängerin Cäcilie (einer weder heiligen noch unheili¬
611 2518 784 2588 tracht.“
704 2555 2950 2615 Ohne daß wir auf seine weiteren polemischensgen Cäcilie) Adams=Ortenburg in einer vom katholischen
1785 2554 2958 2633 Pfarrer vollzogenen, nach dem allgemeinen österreichischen
606 2586 1800 2675 Aeußerungen gegen Voll eingehen, macht es auch uns den
1787 2579 2960 2676 bürgerlichen Gesetzbuch untrennbaren Ehe. Vor und nach
627 2633 1792 2707 Eindruck, daß er das Bild Böcklins an sich und auch im
1790 2641 2963 2718 der Trauung haben die beiden einander indessen unbedingte
623 2680 1793 2760 Vergleich mit dem echten oder angeblichen Holbein viel
1785 2686 2967 2764 Wahrhaftigkeit verheißen. Sollte je die Stunde kommen, in
621 2720 1789 2797 zu gering einschätzt. Sogar die Leitung von Kunst
1789 2731 2955 2804 denen das Fleisch schwach wird, dann mag freies Bekenntnis
622 2770 1790 2847 und Künstler wendet sich hier gegen ihn: „Uns geht es
616 2808 2964 2897 gerade umgekehrt. Wir finden das Bild von Böcklin so allen Täuschungen und Unsauberkeiten zuvorkommen. Zu¬
630 2823 2962 2938 geschlossen, daß, wenn das Bils im allgemeinen einen nächst schlägt der Ehestand dem Paar jahrelang vortrefflich
622 2861 2960 2962 Menschen darstellen würde, der dem Tode lauscht, wir an. Ein näblein kommt, das beide gleicherweise verhätscheln.
618 2950 2967 3020 ihm keine bessere Grundlage wünschen könnten, als eben Ihre künstlerischen Naturen ergänzen sich, sie tun einander
1802 2952 2972 3027 alles zuliebe, so daß dem Anschein nach ihr Bund das Wort
627 2986 1803 3058 den Kopf, der das Selbstporträt von Böcklin ist.“ Auch
1800 2997 2968 3070 des römischen Rechtes erfüllt: consortium totius vitae.
624 3026 1806 3113 im weiteren wird Meier=Graefe hier recht absprechend be¬
625 3041 2969 3134 urteilt: „Der Gipfel seines Unrechts in jeder Hinsicht Da wird einmal der Gatte durch seine Berufspflichten als
630 3122 2982 3214 ist aber in seinem Vergleich Böcklins mit Holbein zu Overnkorrevetitor in das Garn einer mit einem Grafen ver¬
