3484 4384
1311 156 1761 251 box 25/1
266 168 1161 270 20. Zuischenspiel
305 535 649 629 Telephon 12801.
1098 614 1239 697 AI
487 664 1188 754 „OBSEIVER
288 750 1401 823 I. österr. behördl. konz. Unternehmen für Zeilungs-Ausschnitte
485 802 1213 872 Wien, I., Conoordiaplatz 4.
702 872 1012 926 Vertretungen
303 907 1415 961 in Berlin, Budapest, Chicago, Christiania, Genf, Kopenhagen,
303 959 1419 998 London, Madrid, Mailand, Minneapolis, New-York, Paris, Rom,
479 995 1251 1051 San Francisco, Stockholm, St. Petersburg.
653 1032 1071 1088 (Quellenangabe ohme Gewähr.)
295 1091 714 1192 Ausschnitt ausg
601 1134 979 1239 „Agemeine Epe
1137 1137 1370 1237 76 Hien.
290 1211 446 1270 vom;
431 1232 637 1324 n
637 1359 1076 1473 THEATER.
1358 1430 1408 1501 2
624 1483 1063 1560 AUS DER WOCHE.
427 1517 1403 1605 Im Burgtheatel wurde am Donnerstag „Zwischen-
309 1585 1399 1645 Ispiele, Komödie in drei Akten von Artur Schnitzler, zum H
329 1645 1395 1712 ersten Male gegeben und mit ziemlich gemise hren-Gadlilen e
328 1687 1402 1750 aufgenommen. Das heißt, das Gefühl dürfte wohl über. K
336 1728 1409 1807 einstimmend dahin gegangen sein, daß der geistreiche Ver¬ 5“
345 1782 1407 1851 fasser des rReigens auf der Bühne ein unverdaulicher 2
342 1837 1346 1892 Gesellschafter sei; aber natürlich mußte man angesichts
328 1875 1356 1928 des ngroßen Namense Schnitzler das Gähnen unterdrücken
339 1931 1351 1983 und sich sangeregte gebärden, um nicht etwa als Banause
329 1971 1355 2034 zu gelten. In Wahrheit ist nZwischenspiele eine höchst
337 2019 1356 2075 langweilige Komödie. Schnitzler ist seiner psychologischen
332 2077 1352 2141 Virtuosität zum Opfer gefallen. Seine unbestreitbare Kunst,
336 2124 1339 2188 absonderliche Seelenvorgänge zu erlauschen oder zu kon¬
336 2166 1347 2236 struieren und sie mit knappen Andeutungen zur An¬
335 2220 1352 2277 schauung zu bringen, bewährt sich auch im nZwischen¬
336 2276 1348 2330 spiele; aber die Sicherheit, mit der er in den Novellen
324 2313 1355 2370 den Faden fortspinnt, verläßt ihn in dem Bühnenstück,
326 2366 1347 2416 vor lauter Raffinement in der Erfindung von Kompli¬
326 2408 1344 2469 kationen und vor erkünstelter Schlichtheit der dialekti¬
334 2452 1339 2508 schen Mittel wird die psychologische Handlung hier ver¬
334 2506 1345 2558 worten, verschwommen, und das Fazit ist, daß die Komödie
329 2549 1341 2614 wie eine Ibsen-Parodie wirkt. Möglich, daß Schnitzler
338 2610 1353 2660 den Durcheinander absichtlich herbeigeführt hat, um
333 2647 1352 2706 sich à la Bernari Shaw zu gebärden; daß er einen
333 2703 1344 2764 Dichter einführt, der über die Psychologie zu greinen
331 2750 1341 2796 hat, sicht in der Tat nach Shawscher Selbstironie aus.
334 2793 1344 2846 Fest stcht, daß an der ganzen Geschichte von den beiden
332 2840 1342 2909 Gatten, die ihre Ehe auf Wahrheit begründet haben und,
335 2894 1343 2955 da sie einander satt bekommen, sich gegenseitig die Frei¬
324 2949 1338 3003 heit erteilen, nach Belieben zu lieben, nur nicht unter¬
334 2994 1345 3054 einander, aber beim Wiedersehen nach der ersten Trennung
332 3038 1352 3093 rückfällig werden — das einzige, was dem Schnitzlerschen
339 3089 1347 3149 Stücke vielleicht eine Zeitlang Besuch bringen kann,
333 3134 1349 3174 dieser Rückfall ist. In der Josefstadt gehört es ja zu den
332 3178 1345 3244 Alltäglichkeiten, daß der Vorhang über eine zufallende
339 3229 1342 3270 Schlafzimmertür fällt, aber in der Burg hat es Seltenheits¬
332 3267 1354 3344 wert und wirkt also bedeutend pikanter. Ubrigens gibt
324 3330 1353 3391 das Stück dem jungen Burgtheater wieder einmal Gelegen¬
326 3419 1350 3469 sche Leistung der modernen Schauspielerei. Herr Kainz
330 3465 1344 3531 spielt den Gatten, den Kapellmeister Amadeus Adams,
328 3514 1342 3571 als lebendiges Nervenpräparat, Fräulein Witt die Gattin
336 3570 1357 3618 mit einer wunderbaren Mischung von Innigkeit und kühler
326 3617 1348 3672 Uberlegenheit; der Prinz des Herrn Korff ist der voll¬
332 3676 1342 3721 endete Typus des vornehmen Wienertums und der raiso¬
324 3713 1349 3775 nierende Dichter des Herrn Tressler das Prachtexemplar
332 3761 1350 3819 eines Geisterarbeiters, der sich zur Höhe der Tronie durch¬
332 3801 1344 3862 gerungen hat, Frau Kallina gibt die gräfliche Gelicbte
328 3854 1340 3908 des Kapellmeisters und Frau Häberle das geistig unbe¬
330 3917 1352 3965 deutende Weibchen des Dichters, jede mit der größten
339 3953 1355 3995 Sparsamkeit in den Nuancen und doch mit bestimmtester
341 3993 1350 4070 Charakterisierung. Den medernen Stil im Burgtheater kann
336 4039 803 4119 man sich gefallen lassen.
1933 363 2296 480 Prelephon 12891.
2688 489 2870 566 □ 33
2113 493 2816 617 „ObSERVE.:
1926 589 3034 682 I. österr. behördl. konz. Unternehmen für Zeilungs-Ausschnitte
2130 650 2846 742 Wien, I., Concordiaplatz 4.
2332 715 2638 785 Vertretungen
1919 739 3038 837 In Berlin, Budapest, Chicago, Christiania, Genf, Kopenhagen,
1921 803 3033 872 London, Madrid, Mailand, Minneapolis, New-Vork. Paris, Rom,
2102 844 2865 917 San Francisco, Stockholm, St. Petersburg.
2277 891 2688 962 (Qnolienaugabe ohne Gewähr.)
1907 958 3036 1103 Ausschnitt aus: Oeeterr Tiestr. Journal, Wicn
1914 1056 2062 1111 vom:
1934 1152 2090 1224 J90
2748 1175 2926 1263 —
2213 1238 2624 1327 Vom Theater.
2119 1309 2701 1380 Allgemeine Revue.
1938 1344 2086 1435 *
1935 1420 2035 1471 er
2025 1453 2911 1522 Das Hofburgtheater bereitete seinem
1923 1503 2904 1584 Publikum einen genußreichen Abend. Es ge¬
1921 1562 2899 1627 langte Schnitzlers dreiaktige Komödie
2957 1597 3003 1672 2
1920 1600 2905 1685 „Zwischenspirt“ zur ersten Aufführung.
1920 1655 3005 1730 Ein reizendes Stück, das nur am Schlusse s8
1922 1706 2905 1772 schlechterdings nicht weiß, wo es hinaus will.
1923 1754 2915 1819 Eine feingesponnene Sache, die dann nicht recht
1918 1805 2910 1883 an die Sonnen kommt. Der große Erfolg des
1925 1857 2901 1931 Abends, der nach dem zweiten Akt in vielen
1917 1897 2909 1977 Hervorrufen des Dichters gipfelte, schlug zuletzt
1922 1947 2893 2020 in Widerspruch um. Mit wenigen Federstrichen
1908 1996 2896 2070 wäre da eine befriedigende Variante herzustellen.
1921 2043 2901 2115 Das Thema der Komödie schwankt graziös auf
1914 2101 2900 2177 haarscharfer Schneide entlang. Zwei Eheleute,
1908 2144 2896 2223 der Komponist Amadeus und die Sängerin
1910 2196 2882 2275 Cäcilie, haben sich nicht Treue, sondern Wahr¬
1911 2245 2887 2325 heit geschworen. Alles wollen sie einander sagen,
1905 2307 2899 2375 auch das Unsagbare. Dieses stellt sich nach sieben
1910 2353 2903 2425 Jahren in der Form zweier fataler Neigungen
1910 2401 2881 2469 ein. Er steigt in das Netz einer Gräfin, sie
1906 2447 2890 2519 wird von einem jungen Fürsten umworben. Sie
1894 2505 2891 2568 nehmen also die eingestandene Sachlage, wie sie
1907 2536 2879 2615 ist, sie werden sich nicht mehr angehören. Allein
1899 2605 2877 2665 unbewußt macht sich doch geltend, was abhanden
1899 2653 2884 2702 gekommen schien. Sie lieben sich im Grunde
1893 2687 2876 2761 und er ist sogar schrecklich eifersüchtig. Daraus
1904 2745 2876 2812 folgt eine Reihe eigentümlich schiefer oder an¬
1892 2789 2891 2861 regend verworrener Situationen, in deren
1891 2834 2883 2915 Führung Schnitzler ebensoviel dialektischen Geist
1885 2889 2884 2965 als poetische Feinheit bekundet. Auch episodische
1885 2934 2883 2992 Einfälle schlugen mitunter förmlich ein. Am
1895 2993 2870 3041 Schlusse des zweiten Akts erobert der Gatte
1887 3029 2862 3105 seine Gattin noch ein letztes Mal; die Haupt¬
1890 3088 2869 3147 szene des Stückes. Leider betrachtet die Gattin
1888 3142 2870 3203 dieses an sich doch eher erfreuliche Vorkommnis
1895 3185 2871 3272 später solange wit der analytischen Lupe, bis
1879 3248 2851 3304 sie es für einen nicht wieder gutzumachenden
1879 3304 2842 3357 Fehltritt hält. Sie gehen auseinander, trotz alles
1863 3357 2837 3411 Zuredens der Zuschauer. Die Darstellung ist
1867 3399 2842 3450 vorzüglich. Herr Kainz (Amadeus), der fast
1872 3453 2841 3510 den ganzen Abend auf der Bühne ist, übertrifft
1880 3496 2833 3555 sich selbst. So hat noch kein deutscher Schau¬
1872 3542 2837 3609 spieler gespielt. Fräulein Witt (Cäcilie) ist
1861 3592 2839 3638 interessant und gewandt. Frau Kallina als
1873 3650 2840 3708 gefährliche Gräfin tut dasselbe. Herr Korff
1872 3691 2849 3760 spielt den jungen Fürsten in charakteristisch feinen
1866 3747 2845 3808 österreichischen Farben, die sehr anerkannt
1861 3791 2839 3849 wurden. Herr Treßler und Frau Haeberle
1870 3843 2841 3906 bringen die Noten der Herzlichkeit. Auch eine
1865 3886 2841 3955 Kinderrolle (O. Eisner) fand viel Anklang.
1864 3934 2844 4002 Die Novität wird jedenfalls ziehen. Das Haus
1859 3989 2835 4046 war geradezu überfüllt; man merkt das an dem
1856 4030 2376 4114 Gedränge in den Logen.
