<?xml version="1.0" encoding="UTF-8" standalone="yes"?>
<PcGts xmlns="http://schema.primaresearch.org/PAGE/gts/pagecontent/2013-07-15" xmlns:xsi="http://www.w3.org/2001/XMLSchema-instance" xsi:schemaLocation="http://schema.primaresearch.org/PAGE/gts/pagecontent/2013-07-15 http://schema.primaresearch.org/PAGE/gts/pagecontent/2013-07-15/pagecontent.xsd">
    <Metadata>
        <Creator>prov=University of Rostock/Institute of Mathematics/CITlab/Gundram Leifert/gundram.leifert@uni-rostock.de:name=ONB_Newseye_GT_M1+(htr_id=10810)::::v=2.4.2
prov=University of Rostock/Institute of Mathematics/CITlab/Tobias Gruening/tobias.gruening@uni-rostock.de:name=de.uros.citlab.module.baseline2polygon.B2PSeamMultiOriented:v=2.4.2
prov=University of Rostock/Institute of Mathematics/CITlab/Tobias Gruening/tobias.gruening@uni-rostock.de:name=/mnt/transkribus/LA/DEA/URO/LA_news_onb_att.pb:de.uros.citlab.segmentation.CITlab_LA_ML:v=2.4.2
Transkribus</Creator>
        <Created>2019-10-07T11:21:06.783+02:00</Created>
        <LastChange>2019-10-08T07:21:07.931+02:00</LastChange>
        <TranskribusMetadata docId="223968" pageId="9498155" pageNr="396" tsid="16505941" status="IN_PROGRESS" userId="40391" imgUrl="https://files.transkribus.eu/Get?id=UUJLXGVGWDIJTIWNDQRNEKNY&amp;fileType=view" xmlUrl="https://files.transkribus.eu/Get?id=IFGAFKDYKOSADHNWYRSIKTTI" imageId="6188381"/>
    </Metadata>
    <Page imageFilename="223968_0396.jpeg" imageWidth="3436" imageHeight="4256">
        <ReadingOrder>
            <OrderedGroup id="ro_1711439791251" caption="Regions reading order">
                <RegionRefIndexed index="0" regionRef="r1"/>
            </OrderedGroup>
        </ReadingOrder>
        <TextRegion orientation="0.0" id="r1" custom="readingOrder {index:0;}">
            <Coords points="236,163 236,3847 3372,3847 3372,163"/>
            <TextLine id="r1l1" custom="readingOrder {index:0;}">
                <Coords points="1304,200 1364,208 1401,193 1435,215 1572,200 1598,215 1765,170 1765,144 1687,118 1620,129 1572,118 1479,152 1420,122 1304,122"/>
                <Baseline points="1323,186 1349,186 1375,186 1402,186 1428,186 1454,185 1481,185 1507,185 1534,185 1560,185 1586,185 1613,185 1639,185 1665,186 1692,186 1718,186 1745,186"/>
                <TextEquiv>
                    <Unicode>box 25/4</Unicode>
                </TextEquiv>
            </TextLine>
            <TextLine id="r1l2" custom="readingOrder {index:1;}">
                <Coords points="216,234 1141,240 1143,147 217,141"/>
                <Baseline points="236,189 280,192 324,196 369,199 413,202 457,203 502,204 546,206 590,207 635,208 679,208 723,208 768,208 812,208 856,208 901,208 945,207 989,207 1034,207 1078,206 1123,206"/>
                <TextEquiv>
                    <Unicode>20. Zuischenspiel</Unicode>
                </TextEquiv>
            </TextLine>
            <TextLine id="r1l3" custom="readingOrder {index:2;}">
                <Coords points="2978,379 3052,367 3063,378 3290,375 3305,390 3327,390 3327,345 3305,345 3278,320 3252,338 3237,328 3189,332 3159,310 3141,321 3103,307 3040,308 3022,319 2977,312"/>
                <Baseline points="2998,374 3023,375 3049,375 3075,375 3101,375 3127,374 3153,374 3179,373 3205,373 3231,372 3257,372 3283,372 3309,372"/>
                <TextEquiv>
                    <Unicode>er sproce</Unicode>
                </TextEquiv>
            </TextLine>
            <TextLine id="r1l4" custom="readingOrder {index:3;}">
                <Coords points="1560,392 1693,386 1731,393 1768,381 1805,388 1804,317 1759,314 1726,344 1696,323 1670,342 1633,320 1622,331 1611,324 1596,339 1559,328"/>
                <Baseline points="1580,386 1606,385 1632,385 1658,384 1684,384 1710,384 1736,383 1762,383 1788,382"/>
                <TextEquiv>
                    <Unicode>Mege.</Unicode>
                </TextEquiv>
            </TextLine>
            <TextLine id="r1l5" custom="readingOrder {index:4;}">
                <Coords points="1284,391 1485,390 1518,398 1552,390 1551,319 1492,320 1451,353 1403,320 1388,320 1358,346 1284,350"/>
                <Baseline points="1302,387 1327,389 1353,390 1378,390 1404,390 1429,389 1455,388 1480,388 1506,388 1532,389"/>
                <TextEquiv>
                    <Unicode>Tonnen —</Unicode>
                </TextEquiv>
            </TextLine>
            <TextLine id="r1l6" custom="readingOrder {index:5;}">
                <Coords points="3162,408 3214,408 3229,420 3247,424 3258,420 3266,428 3284,420 3314,421 3315,372 3162,374"/>
                <Baseline points="3181,396 3210,397 3239,398 3268,397 3297,398"/>
                <TextEquiv>
                    <Unicode>HTRER</Unicode>
                </TextEquiv>
            </TextLine>
            <TextLine id="r1l7" custom="readingOrder {index:6;}">
                <Coords points="1335,428 2989,428 3059,368 1335,383"/>
                <Baseline points="1352,419 1436,418 1520,417 1605,416 1689,415 1774,414 1858,413 1943,412 2027,411 2112,410 2196,409 2280,408 2365,407 2449,407 2534,406 2618,405 2703,404 2787,403 2872,402 2956,401 3041,401"/>
                <TextEquiv>
                    <Unicode>K</Unicode>
                </TextEquiv>
            </TextLine>
            <TextLine id="r1l8" custom="readingOrder {index:7;}">
                <Coords points="477,445 562,444 622,462 636,454 696,454 695,361 658,361 628,380 587,366 561,381 509,370 476,382"/>
                <Baseline points="496,432 522,431 548,431 574,432 600,432 626,432 652,430 678,428"/>
                <TextEquiv>
                    <Unicode>B</Unicode>
                </TextEquiv>
            </TextLine>
            <TextLine id="r1l9" custom="readingOrder {index:8;}">
                <Coords points="3140,456 3159,456 3185,468 3237,457 3252,461 3259,454 3311,462 3312,407 3141,411"/>
                <Baseline points="3160,453 3186,451 3212,451 3238,452 3264,453 3291,454"/>
                <TextEquiv>
                    <Unicode>Gile </Unicode>
                </TextEquiv>
            </TextLine>
            <TextLine id="r1l10" custom="readingOrder {index:9;}">
                <Coords points="2202,460 3149,468 3149,420 3049,409 2949,432 2202,416"/>
                <Baseline points="2220,461 2265,460 2311,460 2356,459 2402,459 2448,458 2493,458 2539,458 2584,458 2630,458 2676,458 2721,458 2767,458 2812,458 2858,458 2904,458 2949,458 2995,457 3040,457 3086,456 3132,455"/>
                <TextEquiv>
                    <Unicode>1 Standhaftigkeit gehalten werden darf. Inler¬</Unicode>
                </TextEquiv>
            </TextLine>
            <TextLine id="r1l11" custom="readingOrder {index:10;}">
                <Coords points="1276,487 2190,471 2215,414 1275,438"/>
                <Baseline points="1295,473 1340,474 1385,475 1430,475 1475,475 1520,475 1565,474 1610,473 1655,472 1700,471 1745,470 1790,469 1835,468 1880,467 1925,466 1970,464 2015,464 2060,463 2105,462 2150,462 2196,462"/>
                <TextEquiv>
                    <Unicode> deus Adams, lebt in schönster Harmonie mit!</Unicode>
                </TextEquiv>
            </TextLine>
            <TextLine id="r1l12" custom="readingOrder {index:11;}">
                <Coords points="364,497 1290,495 1288,428 363,445"/>
                <Baseline points="382,495 426,494 471,493 515,491 560,490 604,488 649,487 693,486 738,485 782,484 827,483 871,482 916,481 960,480 1005,479 1049,478 1094,478 1138,477 1183,476 1227,476 1272,476"/>
                <TextEquiv>
                    <Unicode>hatte, lenkte er auch noch die Aufmerksamkeit</Unicode>
                </TextEquiv>
            </TextLine>
            <TextLine id="r1l13" custom="readingOrder {index:12;}">
                <Coords points="3140,521 3159,521 3170,509 3192,513 3218,502 3319,513 3319,461 3285,461 3274,454 3252,461 3192,454 3140,457"/>
                <Baseline points="3159,503 3187,502 3215,501 3244,501 3272,502 3301,503"/>
                <TextEquiv>
                    <Unicode>weiblich</Unicode>
                </TextEquiv>
            </TextLine>
            <TextLine id="r1l14" custom="readingOrder {index:13;}">
                <Coords points="2212,517 3107,513 3144,498 3144,457 2211,461"/>
                <Baseline points="2231,509 2275,509 2320,510 2365,510 2410,510 2455,510 2499,509 2544,509 2589,509 2634,509 2679,508 2723,508 2768,507 2813,507 2858,506 2903,506 2947,505 2992,505 3037,504 3082,503 3127,502"/>
                <TextEquiv>
                    <Unicode>essant im dichterischen Sinne bleibt aber meiner</Unicode>
                </TextEquiv>
            </TextLine>
            <TextLine id="r1l15" custom="readingOrder {index:14;}">
                <Coords points="1294,538 1884,507 2211,523 2210,463 1292,479"/>
                <Baseline points="1313,522 1357,522 1401,522 1445,522 1489,521 1533,520 1577,520 1621,519 1665,518 1709,517 1753,516 1797,515 1841,513 1885,513 1929,511 1973,510 2017,509 2061,508 2105,508 2149,507 2194,506"/>
                <TextEquiv>
                    <Unicode>seiner Gattin Cäcilie, der hervorragenden</Unicode>
                </TextEquiv>
            </TextLine>
            <TextLine id="r1l16" custom="readingOrder {index:15;}">
                <Coords points="359,548 1221,537 1291,528 1290,476 358,496"/>
                <Baseline points="377,541 421,540 466,539 511,537 556,536 601,536 645,534 690,534 735,533 780,532 825,532 869,531 914,530 959,529 1004,529 1049,528 1093,528 1138,527 1183,526 1228,526 1273,525"/>
                <TextEquiv>
                    <Unicode>seiner Zuhörerschaft auf den praklischen Nutzen,</Unicode>
                </TextEquiv>
            </TextLine>
            <TextLine id="r1l17" custom="readingOrder {index:16;}">
                <Coords points="3140,542 3158,542 3181,557 3196,549 3225,560 3251,560 3274,549 3307,575 3330,575 3329,515 3299,515 3288,504 3195,509 3140,498"/>
                <Baseline points="3160,545 3189,546 3219,545 3249,545 3279,544 3309,546"/>
                <TextEquiv>
                    <Unicode>misch in</Unicode>
                </TextEquiv>
            </TextLine>
            <TextLine id="r1l18" custom="readingOrder {index:17;}">
                <Coords points="2216,551 2517,575 2825,550 2918,575 2951,549 3141,551 3141,510 2215,521"/>
                <Baseline points="2234,557 2278,556 2323,555 2367,554 2412,554 2456,553 2501,553 2545,553 2590,553 2634,553 2679,552 2723,552 2768,552 2812,552 2857,552 2901,551 2946,551 2990,550 3035,549 3079,548 3124,547"/>
                <TextEquiv>
                    <Unicode>Meinung nach immer nur die Frage, was die</Unicode>
                </TextEquiv>
            </TextLine>
            <TextLine id="r1l19" custom="readingOrder {index:18;}">
                <Coords points="1296,576 2177,565 2214,557 2214,509 1296,535"/>
                <Baseline points="1314,566 1358,565 1402,564 1446,564 1490,563 1534,563 1578,562 1622,562 1666,561 1710,561 1755,560 1799,560 1843,560 1887,559 1931,559 1975,558 2019,557 2063,557 2107,556 2151,555 2196,554"/>
                <TextEquiv>
                    <Unicode>Opernsängerin. Nach und nach drängt sich ihm</Unicode>
                </TextEquiv>
            </TextLine>
            <TextLine id="r1l20" custom="readingOrder {index:19;}">
                <Coords points="359,593 1288,589 1287,529 358,544"/>
                <Baseline points="376,585 420,584 465,582 510,581 554,580 599,579 644,578 688,578 733,577 778,576 823,575 867,575 912,574 957,574 1001,573 1046,572 1091,572 1135,571 1180,571 1225,570 1270,569"/>
                <TextEquiv>
                    <Unicode>den dieser neue Lehrstuhl der Meereswissenschaft</Unicode>
                </TextEquiv>
            </TextLine>
            <TextLine id="r1l21" custom="readingOrder {index:20;}">
                <Coords points="3151,598 3170,597 3189,608 3215,599 3237,609 3251,594 3282,604 3292,596 3311,595 3310,558 3291,559 3272,548 3250,553 3227,546 3220,554 3150,557"/>
                <Baseline points="3170,592 3200,590 3230,589 3260,588 3291,587"/>
                <TextEquiv>
                    <Unicode>Zügen.</Unicode>
                </TextEquiv>
            </TextLine>
            <TextLine id="r1l22" custom="readingOrder {index:21;}">
                <Coords points="2217,600 3143,607 3143,555 3053,548 3020,571 2217,552"/>
                <Baseline points="2235,599 2279,599 2323,598 2368,598 2412,598 2457,598 2501,598 2545,598 2590,598 2634,598 2679,598 2723,598 2767,598 2812,598 2856,598 2901,597 2945,597 2989,596 3034,595 3078,594 3123,593"/>
                <TextEquiv>
                    <Unicode>Menschen, die einander sympathisch sind, auch</Unicode>
                </TextEquiv>
            </TextLine>
            <TextLine id="r1l23" custom="readingOrder {index:22;}">
                <Coords points="1288,623 2113,599 2225,627 2224,545 1287,571"/>
                <Baseline points="1305,611 1350,611 1395,611 1440,611 1485,610 1530,610 1575,610 1620,609 1665,609 1710,608 1755,608 1800,607 1845,606 1890,605 1935,604 1980,603 2025,602 2070,601 2115,600 2160,598 2205,597"/>
                <TextEquiv>
                    <Unicode>die Überzeugung auf, daß es eigentlich keine Ehe</Unicode>
                </TextEquiv>
            </TextLine>
            <TextLine id="r1l24" custom="readingOrder {index:23;}">
                <Coords points="370,639 1288,627 1287,575 934,560 369,591"/>
                <Baseline points="388,631 432,630 476,629 520,627 564,626 608,625 652,624 696,623 740,622 784,621 829,620 873,619 917,618 961,617 1005,616 1049,616 1093,615 1137,614 1181,614 1225,613 1270,613"/>
                <TextEquiv>
                    <Unicode>in der Folge mit sich bringen würde. Zum Bei¬</Unicode>
                </TextEquiv>
            </TextLine>
            <TextLine id="r1l25" custom="readingOrder {index:24;}">
                <Coords points="3148,640 3189,648 3230,644 3241,636 3252,647 3290,643 3297,651 3304,643 3316,654 3334,654 3334,576 3311,576 3286,602 3267,599 3248,584 3222,588 3211,599 3185,584 3148,592"/>
                <Baseline points="3166,635 3195,637 3225,638 3254,637 3284,636 3314,635"/>
                <TextEquiv>
                    <Unicode>den seel</Unicode>
                </TextEquiv>
            </TextLine>
            <TextLine id="r1l26" custom="readingOrder {index:25;}">
                <Coords points="2213,654 3034,654 3153,627 3153,586 2871,615 2421,581 2347,612 2213,602"/>
                <Baseline points="2233,643 2278,644 2323,644 2368,644 2413,644 2458,644 2503,644 2548,644 2593,643 2638,643 2684,642 2729,642 2774,641 2819,641 2864,640 2909,640 2954,639 2999,639 3044,638 3089,637 3135,637"/>
                <TextEquiv>
                    <Unicode>körperlich zu einander zieht, und nicht, was sie</Unicode>
                </TextEquiv>
            </TextLine>
            <TextLine id="r1l27" custom="readingOrder {index:26;}">
                <Coords points="1287,660 1729,670 1848,642 2064,673 2212,660 2211,604 1286,616"/>
                <Baseline points="1307,658 1351,658 1395,657 1440,657 1484,657 1529,657 1573,657 1617,656 1662,656 1706,656 1751,655 1795,655 1839,654 1884,654 1928,653 1973,652 2017,651 2061,650 2106,648 2150,647 2195,645"/>
                <TextEquiv>
                    <Unicode>in wirklichem Sinne ist, die sie führen, sondern</Unicode>
                </TextEquiv>
            </TextLine>
            <TextLine id="r1l28" custom="readingOrder {index:27;}">
                <Coords points="363,688 1292,674 1290,614 362,636"/>
                <Baseline points="381,679 425,677 470,675 514,674 559,672 603,671 648,670 692,669 737,668 781,667 826,667 870,666 915,665 959,664 1004,664 1048,663 1093,663 1137,662 1182,661 1226,661 1271,660"/>
                <TextEquiv>
                    <Unicode>spiel: die Unbildung der profesionellen Fischer,</Unicode>
                </TextEquiv>
            </TextLine>
            <TextLine id="r1l29" custom="readingOrder {index:28;}">
                <Coords points="3138,709 3160,708 3167,700 3175,704 3193,692 3212,703 3234,688 3282,691 3293,683 3312,682 3311,649 3252,643 3240,632 3207,648 3170,648 3155,638 3136,638"/>
                <Baseline points="3157,681 3184,679 3211,678 3239,678 3266,677 3294,678"/>
                <TextEquiv>
                    <Unicode>machte</Unicode>
                </TextEquiv>
            </TextLine>
            <TextLine id="r1l30" custom="readingOrder {index:29;}">
                <Coords points="2218,700 3151,684 3150,639 2217,652"/>
                <Baseline points="2235,691 2279,690 2324,690 2369,689 2414,689 2459,689 2503,689 2548,689 2593,689 2638,689 2683,688 2727,688 2772,688 2817,688 2862,687 2907,686 2951,685 2996,684 3041,683 3086,681 3131,679"/>
                <TextEquiv>
                    <Unicode>trennt. Und so kann ich auch das Stück nicht</Unicode>
                </TextEquiv>
            </TextLine>
            <TextLine id="r1l31" custom="readingOrder {index:30;}">
                <Coords points="1294,707 2078,716 2220,706 2219,654 1293,666"/>
                <Baseline points="1314,702 1358,702 1402,703 1447,703 1491,703 1535,703 1580,702 1624,701 1668,701 1713,700 1757,699 1801,698 1846,696 1890,696 1934,694 1979,694 2023,693 2067,692 2112,691 2156,691 2201,690"/>
                <TextEquiv>
                    <Unicode>vielmehr eine treue Kameradschaft. Er glaubi,</Unicode>
                </TextEquiv>
            </TextLine>
            <TextLine id="r1l32" custom="readingOrder {index:31;}">
                <Coords points="356,733 1292,719 1291,667 1120,659 355,681"/>
                <Baseline points="373,721 418,721 463,720 508,719 553,718 598,718 643,717 688,716 733,715 778,715 823,713 868,713 913,712 958,711 1003,710 1048,709 1093,708 1138,707 1183,707 1228,705 1273,704"/>
                <TextEquiv>
                    <Unicode>die ihrem Beruf noch heute wie vor vielen hun¬</Unicode>
                </TextEquiv>
            </TextLine>
            <TextLine id="r1l33" custom="readingOrder {index:32;}">
                <Coords points="3201,741 3235,736 3250,742 3260,734 3287,741 3301,732 3335,735 3332,668 3309,669 3277,693 3247,676 3232,684 3199,685"/>
                <Baseline points="3220,728 3251,726 3282,724 3314,724"/>
                <TextEquiv>
                    <Unicode>Neb</Unicode>
                </TextEquiv>
            </TextLine>
            <TextLine id="r1l34" custom="readingOrder {index:33;}">
                <Coords points="2216,759 3149,741 3148,682 2216,710"/>
                <Baseline points="2235,735 2279,734 2324,734 2369,733 2414,733 2459,733 2503,733 2548,733 2593,733 2638,733 2683,733 2727,733 2772,733 2817,733 2862,733 2907,732 2951,731 2996,730 3041,729 3086,727 3131,724"/>
                <TextEquiv>
                    <Unicode>anders beurteilen, als daß es mich mehr erkältet</Unicode>
                </TextEquiv>
            </TextLine>
            <TextLine id="r1l35" custom="readingOrder {index:34;}">
                <Coords points="1286,759 2219,749 2218,704 2169,694 1285,715"/>
                <Baseline points="1303,751 1347,751 1392,750 1437,749 1482,749 1526,748 1571,748 1616,747 1661,746 1705,746 1750,745 1795,744 1840,743 1884,742 1929,741 1974,741 2019,739 2063,738 2108,736 2153,734 2198,733"/>
                <TextEquiv>
                    <Unicode>bei seiner Frau Neigung zu dem jungen, künst¬</Unicode>
                </TextEquiv>
            </TextLine>
            <TextLine id="r1l36" custom="readingOrder {index:35;}">
                <Coords points="358,767 1132,777 1269,760 1298,711 358,723"/>
                <Baseline points="377,768 422,767 467,766 512,765 557,764 603,763 648,762 693,761 738,761 783,760 829,759 874,759 919,758 964,757 1009,757 1055,756 1100,755 1145,755 1190,754 1235,753 1281,752"/>
                <TextEquiv>
                    <Unicode>dert Jahren nachgehen, zu steuern und ihnen so</Unicode>
                </TextEquiv>
            </TextLine>
            <TextLine id="r1l37" custom="readingOrder {index:36;}">
                <Coords points="3142,788 3190,776 3213,787 3246,776 3287,787 3298,779 3328,783 3328,731 3298,734 3279,723 3261,727 3250,716 3227,716 3212,702 3168,702 3142,710"/>
                <Baseline points="3161,773 3190,772 3220,771 3249,771 3279,772 3309,771"/>
                <TextEquiv>
                    <Unicode>eine drif</Unicode>
                </TextEquiv>
            </TextLine>
            <TextLine id="r1l38" custom="readingOrder {index:37;}">
                <Coords points="2225,796 2808,795 2831,773 2872,795 2912,772 2979,794 3024,764 3143,789 3142,733 2225,748"/>
                <Baseline points="2244,784 2288,783 2332,781 2376,780 2420,780 2464,780 2508,779 2552,780 2596,780 2640,780 2685,780 2729,780 2773,781 2817,780 2861,780 2905,780 2949,778 2993,777 3037,775 3081,773 3126,770"/>
                <TextEquiv>
                    <Unicode>als gefesselt hat. Es steckt zu viel Klü¬</Unicode>
                </TextEquiv>
            </TextLine>
            <TextLine id="r1l39" custom="readingOrder {index:38;}">
                <Coords points="1293,802 2219,804 2221,733 1828,766 1519,734 1292,753"/>
                <Baseline points="1312,796 1356,796 1401,795 1445,795 1490,794 1535,794 1579,794 1624,793 1668,793 1713,792 1758,791 1802,791 1847,790 1891,789 1936,788 1981,787 2025,786 2070,784 2114,782 2159,780 2204,778"/>
                <TextEquiv>
                    <Unicode>lerisch veranlagten Fürsten Sigismund zu ent¬</Unicode>
                </TextEquiv>
            </TextLine>
            <TextLine id="r1l40" custom="readingOrder {index:39;}">
                <Coords points="363,821 1288,798 1287,754 1194,745 362,769"/>
                <Baseline points="383,814 427,813 471,812 515,811 560,810 604,809 648,809 692,808 737,807 781,806 825,805 869,805 914,804 958,803 1002,802 1046,801 1091,800 1135,799 1179,797 1223,795 1268,794"/>
                <TextEquiv>
                    <Unicode>die Möglichkeit zu verschaffen, diejenigen Bedin¬</Unicode>
                </TextEquiv>
            </TextLine>
            <TextLine id="r1l41" custom="readingOrder {index:40;}">
                <Coords points="3152,827 3330,829 3331,777 3279,773 3264,780 3245,776 3215,787 3204,779 3152,779"/>
                <Baseline points="3171,815 3198,816 3226,815 3254,816 3282,816 3310,818"/>
                <TextEquiv>
                    <Unicode>Vertrau</Unicode>
                </TextEquiv>
            </TextLine>
            <TextLine id="r1l42" custom="readingOrder {index:41;}">
                <Coords points="2223,838 3149,832 3148,776 3018,767 2223,790"/>
                <Baseline points="2243,831 2287,831 2331,830 2375,830 2420,830 2464,829 2508,829 2553,828 2597,828 2641,827 2686,826 2730,826 2774,825 2818,824 2863,824 2907,823 2951,822 2996,821 3040,821 3084,819 3129,818"/>
                <TextEquiv>
                    <Unicode>gelei und auch Unwahrheit in den Reden</Unicode>
                </TextEquiv>
            </TextLine>
            <TextLine id="r1l43" custom="readingOrder {index:42;}">
                <Coords points="1281,855 2221,839 2198,777 1518,809 1280,788"/>
                <Baseline points="1299,843 1344,843 1389,843 1434,843 1479,842 1524,842 1569,841 1614,840 1659,840 1704,839 1750,838 1795,836 1840,835 1885,834 1930,833 1975,832 2020,831 2065,829 2110,828 2155,828 2201,826"/>
                <TextEquiv>
                    <Unicode>decken, und ihn selber zieht es immer wieder in</Unicode>
                </TextEquiv>
            </TextLine>
            <TextLine id="r1l44" custom="readingOrder {index:43;}">
                <Coords points="362,874 1109,845 1280,865 1286,797 361,818"/>
                <Baseline points="381,861 425,860 469,859 513,859 558,858 602,857 646,855 691,855 735,854 779,853 824,852 868,851 912,851 956,850 1001,849 1045,848 1089,847 1134,847 1178,846 1222,846 1267,845"/>
                <TextEquiv>
                    <Unicode>gungen kennen zu lernen, unter denen man zu</Unicode>
                </TextEquiv>
            </TextLine>
            <TextLine id="r1l45" custom="readingOrder {index:44;}">
                <Coords points="3150,867 3172,864 3220,877 3247,873 3258,881 3295,871 3321,883 3343,879 3344,827 3322,827 3311,838 3292,826 3277,830 3255,822 3236,829 3151,827"/>
                <Baseline points="3169,862 3194,861 3220,862 3246,862 3272,863 3298,864 3324,865"/>
                <TextEquiv>
                    <Unicode>ermögli</Unicode>
                </TextEquiv>
            </TextLine>
            <TextLine id="r1l46" custom="readingOrder {index:45;}">
                <Coords points="2221,879 2715,866 2793,892 2838,861 3083,888 3157,869 3157,839 2878,813 2220,835"/>
                <Baseline points="2239,875 2284,875 2329,875 2374,874 2419,874 2464,873 2509,873 2554,873 2599,872 2644,872 2689,871 2734,871 2779,870 2824,870 2869,869 2914,869 2959,868 3004,867 3049,867 3094,866 3140,866"/>
                <TextEquiv>
                    <Unicode>des Haupthelden, um ihm sonderlich ge.</Unicode>
                </TextEquiv>
            </TextLine>
            <TextLine id="r1l47" custom="readingOrder {index:46;}">
                <Coords points="1292,898 2068,898 2217,881 2216,832 1291,850"/>
                <Baseline points="1311,887 1355,887 1399,887 1444,887 1488,886 1532,886 1577,885 1621,885 1665,884 1710,883 1754,882 1798,881 1843,880 1887,879 1931,878 1976,877 2020,876 2064,875 2109,874 2153,873 2198,872"/>
                <TextEquiv>
                    <Unicode>die Nähe einer musikalisch begabten Gräfin, die</Unicode>
                </TextEquiv>
            </TextLine>
            <TextLine id="r1l48" custom="readingOrder {index:47;}">
                <Coords points="371,922 1296,900 1295,844 370,870"/>
                <Baseline points="389,907 433,905 477,904 522,903 566,902 610,900 655,900 699,899 743,898 788,897 832,897 876,896 921,895 965,895 1009,894 1054,893 1098,892 1142,891 1187,890 1231,888 1276,887"/>
                <TextEquiv>
                    <Unicode>jeder Jahreszeit und unter allen Umständen er¬</Unicode>
                </TextEquiv>
            </TextLine>
            <TextLine id="r1l49" custom="readingOrder {index:48;}">
                <Coords points="3141,917 3233,918 3256,910 3271,922 3330,929 3330,866 3308,866 3271,881 3256,869 3193,873 3141,861"/>
                <Baseline points="3159,911 3184,909 3210,909 3235,910 3261,910 3286,911 3312,910"/>
                <TextEquiv>
                    <Unicode>den wä</Unicode>
                </TextEquiv>
            </TextLine>
            <TextLine id="r1l50" custom="readingOrder {index:49;}">
                <Coords points="2223,924 3059,936 3152,927 3151,864 2222,876"/>
                <Baseline points="2242,920 2286,920 2331,921 2375,920 2420,920 2465,920 2509,920 2554,919 2598,919 2643,918 2688,917 2732,917 2777,916 2821,915 2866,915 2911,914 2955,913 3000,912 3044,912 3089,911 3134,910"/>
                <TextEquiv>
                    <Unicode>wogen zu sein; er spintisiert, statt zu empfin¬</Unicode>
                </TextEquiv>
            </TextLine>
            <TextLine id="r1l51" custom="readingOrder {index:50;}">
                <Coords points="1288,947 2217,920 2194,879 1287,899"/>
                <Baseline points="1307,935 1351,934 1396,933 1440,933 1485,932 1530,931 1574,930 1619,930 1663,929 1708,929 1753,928 1797,927 1842,926 1886,926 1931,925 1976,924 2020,923 2065,922 2109,921 2154,919 2199,917"/>
                <TextEquiv>
                    <Unicode>am Theater wirkt. A's er sich über den Stand</Unicode>
                </TextEquiv>
            </TextLine>
            <TextLine id="r1l52" custom="readingOrder {index:51;}">
                <Coords points="359,960 1292,943 1291,899 1209,893 358,912"/>
                <Baseline points="379,955 423,953 468,951 513,951 558,949 602,948 647,947 692,947 737,946 781,945 826,944 871,944 916,943 960,943 1005,942 1050,941 1095,940 1139,940 1184,939 1229,937 1274,936"/>
                <TextEquiv>
                    <Unicode>folgreich sischen kann. Dezinach dürften zu den</Unicode>
                </TextEquiv>
            </TextLine>
            <TextLine id="r1l53" custom="readingOrder {index:52;}">
                <Coords points="3139,954 3161,954 3191,970 3295,963 3321,982 3343,982 3344,926 3273,922 3247,907 3232,918 3191,914 3165,921 3139,913"/>
                <Baseline points="3156,958 3184,956 3212,955 3240,955 3268,955 3296,957 3324,960"/>
                <TextEquiv>
                    <Unicode>Dichter,</Unicode>
                </TextEquiv>
            </TextLine>
            <TextLine id="r1l54" custom="readingOrder {index:53;}">
                <Coords points="2209,992 3145,965 3145,917 2435,919 2394,942 2208,910"/>
                <Baseline points="2227,965 2272,966 2317,966 2362,966 2407,966 2452,966 2497,966 2542,966 2587,966 2632,965 2677,965 2722,965 2767,964 2812,964 2857,963 2902,962 2947,961 2992,960 3037,960 3082,959 3128,958"/>
                <TextEquiv>
                    <Unicode>den, er philosophiert, statt zu küssen, und im</Unicode>
                </TextEquiv>
            </TextLine>
            <TextLine id="r1l55" custom="readingOrder {index:54;}">
                <Coords points="1288,984 2202,977 2209,924 1287,936"/>
                <Baseline points="1306,981 1350,980 1394,979 1438,978 1483,978 1527,977 1571,977 1615,976 1660,976 1704,975 1748,975 1792,974 1837,973 1881,972 1925,971 1969,970 2014,968 2058,966 2102,964 2146,962 2191,959"/>
                <TextEquiv>
                    <Unicode> der Dinge klar ist, spricht er sich offen darüber</Unicode>
                </TextEquiv>
            </TextLine>
            <TextLine id="r1l56" custom="readingOrder {index:55;}">
                <Coords points="359,1003 1292,999 1291,943 1068,929 359,959"/>
                <Baseline points="377,997 421,997 466,996 511,995 556,994 601,993 646,992 690,991 735,990 780,989 825,987 870,986 915,985 960,984 1004,983 1049,982 1094,982 1139,981 1184,981 1229,981 1274,982"/>
                <TextEquiv>
                    <Unicode>künftigen Studenten der Oceanographie Fischer</Unicode>
                </TextEquiv>
            </TextLine>
            <TextLine id="r1l57" custom="readingOrder {index:56;}">
                <Coords points="3149,1009 3209,1008 3217,1015 3335,1012 3334,968 3312,972 3297,957 3241,955 3149,972"/>
                <Baseline points="3167,1003 3196,1002 3226,1000 3255,999 3285,999 3315,1001"/>
                <TextEquiv>
                    <Unicode>wendet.</Unicode>
                </TextEquiv>
            </TextLine>
            <TextLine id="r1l58" custom="readingOrder {index:57;}">
                <Coords points="2223,1026 3145,1015 3144,959 2955,942 2754,974 2223,970"/>
                <Baseline points="2241,1008 2285,1009 2329,1009 2373,1009 2417,1009 2462,1009 2506,1010 2550,1010 2594,1009 2638,1009 2683,1009 2727,1009 2771,1008 2815,1008 2859,1007 2904,1006 2948,1005 2992,1004 3036,1003 3080,1002 3125,1001"/>
                <TextEquiv>
                    <Unicode>Grunde seines Herzens ist er nicht einmal ehrlich</Unicode>
                </TextEquiv>
            </TextLine>
            <TextLine id="r1l59" custom="readingOrder {index:58;}">
                <Coords points="1290,1040 2215,1023 2214,978 2173,972 1289,995"/>
                <Baseline points="1309,1027 1353,1026 1397,1024 1442,1023 1486,1022 1531,1021 1575,1021 1619,1020 1664,1020 1708,1019 1753,1019 1797,1018 1841,1018 1886,1017 1930,1016 1975,1015 2019,1014 2063,1013 2108,1011 2152,1009 2197,1007"/>
                <TextEquiv>
                    <Unicode>aus und schlägt eine freundschaftliche Trennung</Unicode>
                </TextEquiv>
            </TextLine>
            <TextLine id="r1l60" custom="readingOrder {index:59;}">
                <Coords points="360,1069 460,1045 513,1060 925,1046 924,998 857,984 813,1000 582,1003 556,988 460,1012 359,1002"/>
                <Baseline points="379,1041 405,1041 431,1042 457,1042 484,1042 510,1042 536,1042 563,1042 589,1042 615,1042 642,1041 668,1041 694,1040 720,1039 747,1039 773,1038 799,1038 826,1037 852,1036 878,1035 905,1034"/>
                <TextEquiv>
                    <Unicode>und Angler gezählt werden.</Unicode>
                </TextEquiv>
            </TextLine>
            <TextLine id="r1l61" custom="readingOrder {index:60;}">
                <Coords points="3155,1052 3248,1053 3255,1060 3263,1053 3337,1053 3337,1005 3252,1004 3233,1015 3218,1015 3211,1008 3155,1008"/>
                <Baseline points="3174,1045 3203,1046 3232,1046 3261,1046 3290,1046 3320,1046"/>
                <TextEquiv>
                    <Unicode>Bemerk</Unicode>
                </TextEquiv>
            </TextLine>
            <TextLine id="r1l62" custom="readingOrder {index:61;}">
                <Coords points="2216,1075 3149,1068 3148,1009 2215,1027"/>
                <Baseline points="2235,1057 2279,1057 2324,1056 2369,1056 2413,1055 2458,1055 2503,1055 2547,1055 2592,1055 2637,1055 2682,1055 2726,1054 2771,1054 2816,1053 2860,1053 2905,1052 2950,1051 2994,1049 3039,1048 3084,1046 3129,1043"/>
                <TextEquiv>
                    <Unicode>gegen sich selbst, denn ihm ist nur die eheliche</Unicode>
                </TextEquiv>
            </TextLine>
            <TextLine id="r1l63" custom="readingOrder {index:62;}">
                <Coords points="1288,1075 2121,1078 2225,1061 2224,1005 1287,1030"/>
                <Baseline points="1307,1072 1354,1072 1401,1072 1448,1072 1496,1071 1543,1070 1590,1069 1638,1068 1685,1067 1732,1065 1780,1064 1827,1063 1874,1062 1922,1060 1969,1059 2016,1058 2064,1057 2111,1056 2158,1055 2206,1054"/>
                <TextEquiv>
                    <Unicode>vor. Die Frau scheint von der Notwendigkeit</Unicode>
                </TextEquiv>
            </TextLine>
            <TextLine id="r1l64" custom="readingOrder {index:63;}">
                <Coords points="389,1098 1266,1095 1299,1080 1298,1020 388,1061"/>
                <Baseline points="408,1094 451,1094 495,1093 538,1093 582,1093 626,1092 669,1092 713,1091 757,1090 800,1090 844,1089 888,1088 931,1087 975,1087 1019,1086 1062,1085 1106,1084 1150,1083 1193,1083 1237,1082 1281,1081"/>
                <TextEquiv>
                    <Unicode>Der Prinz Roland Ponaparte, der sich nicht</Unicode>
                </TextEquiv>
            </TextLine>
            <TextLine id="r1l65" custom="readingOrder {index:64;}">
                <Coords points="3163,1102 3196,1098 3211,1112 3248,1100 3278,1104 3285,1111 3300,1103 3319,1117 3345,1117 3344,1054 3299,1055 3288,1062 3277,1051 3254,1059 3239,1052 3225,1060 3202,1049 3161,1050"/>
                <Baseline points="3181,1095 3209,1093 3238,1092 3266,1091 3295,1091 3324,1092"/>
                <TextEquiv>
                    <Unicode>scheinlich</Unicode>
                </TextEquiv>
            </TextLine>
            <TextLine id="r1l66" custom="readingOrder {index:65;}">
                <Coords points="2222,1112 3155,1114 3154,1050 2222,1067"/>
                <Baseline points="2241,1103 2285,1102 2330,1101 2375,1100 2420,1100 2465,1100 2510,1100 2554,1100 2599,1101 2644,1101 2689,1101 2734,1101 2779,1101 2824,1100 2868,1100 2913,1099 2958,1097 3003,1096 3048,1094 3093,1090 3138,1087"/>
                <TextEquiv>
                    <Unicode>Fessel langweilig, er will gern frei und unge¬</Unicode>
                </TextEquiv>
            </TextLine>
            <TextLine id="r1l67" custom="readingOrder {index:66;}">
                <Coords points="1300,1121 2125,1123 2221,1114 2221,1062 1299,1076"/>
                <Baseline points="1317,1114 1361,1114 1405,1114 1450,1113 1494,1113 1538,1112 1583,1112 1627,1111 1671,1110 1716,1110 1760,1109 1804,1108 1849,1108 1893,1107 1937,1106 1982,1105 2026,1104 2070,1103 2115,1103 2159,1102 2204,1101"/>
                <TextEquiv>
                    <Unicode>der Trennung keineswegs überzeugt zu sein, aber</Unicode>
                </TextEquiv>
            </TextLine>
            <TextLine id="r1l68" custom="readingOrder {index:67;}">
                <Coords points="360,1158 1297,1135 1296,1094 1173,1085 631,1109 359,1087"/>
                <Baseline points="380,1143 424,1142 469,1141 514,1140 559,1139 604,1139 648,1138 693,1137 738,1137 783,1136 828,1136 872,1135 917,1135 962,1134 1007,1133 1052,1132 1096,1132 1141,1130 1186,1130 1231,1128 1276,1127"/>
                <TextEquiv>
                    <Unicode>nur damit begnügt, eine der größten und selten¬</Unicode>
                </TextEquiv>
            </TextLine>
            <TextLine id="r1l69" custom="readingOrder {index:68;}">
                <Coords points="3164,1151 3194,1154 3201,1146 3246,1145 3261,1152 3287,1147 3346,1157 3344,1086 3263,1104 3199,1083 3184,1091 3162,1088"/>
                <Baseline points="3182,1142 3210,1139 3239,1138 3268,1138 3297,1137 3326,1136"/>
                <TextEquiv>
                    <Unicode>seiner e</Unicode>
                </TextEquiv>
            </TextLine>
            <TextLine id="r1l70" custom="readingOrder {index:69;}">
                <Coords points="2223,1160 3152,1137 3151,1092 3106,1086 2222,1112"/>
                <Baseline points="2241,1152 2285,1151 2330,1149 2374,1148 2419,1147 2464,1147 2508,1146 2553,1146 2597,1146 2642,1146 2687,1145 2731,1145 2776,1145 2820,1144 2865,1144 2910,1143 2954,1142 2999,1141 3043,1140 3088,1138 3133,1135"/>
                <TextEquiv>
                    <Unicode>straft Liebesabenteuern nachjagen können, ohne</Unicode>
                </TextEquiv>
            </TextLine>
            <TextLine id="r1l71" custom="readingOrder {index:70;}">
                <Coords points="1286,1165 2227,1157 2226,1105 1286,1113"/>
                <Baseline points="1305,1163 1350,1162 1395,1161 1440,1160 1485,1159 1530,1158 1575,1158 1620,1157 1665,1156 1710,1156 1756,1155 1801,1155 1846,1154 1891,1153 1936,1153 1981,1152 2026,1151 2071,1150 2116,1149 2161,1148 2207,1146"/>
                <TextEquiv>
                    <Unicode>ihr Stolz läßt sie keinen Einspruch erheben und</Unicode>
                </TextEquiv>
            </TextLine>
            <TextLine id="r1l72" custom="readingOrder {index:71;}">
                <Coords points="357,1195 1234,1193 1293,1181 1292,1129 356,1147"/>
                <Baseline points="375,1192 420,1189 465,1187 510,1185 555,1184 600,1183 645,1182 690,1182 735,1181 780,1181 825,1181 870,1181 915,1181 960,1181 1005,1181 1050,1180 1095,1178 1140,1177 1185,1175 1230,1173 1275,1170"/>
                <TextEquiv>
                    <Unicode>sten Privat=Bibliotheken, hauptsächlich geogra¬</Unicode>
                </TextEquiv>
            </TextLine>
            <TextLine id="r1l73" custom="readingOrder {index:72;}">
                <Coords points="3152,1202 3174,1205 3185,1194 3215,1197 3233,1189 3252,1208 3271,1196 3337,1199 3337,1150 3259,1152 3247,1145 3221,1145 3210,1153 3203,1145 3192,1153 3151,1146"/>
                <Baseline points="3169,1185 3198,1183 3228,1182 3257,1181 3287,1181 3317,1183"/>
                <TextEquiv>
                    <Unicode>Leider</Unicode>
                </TextEquiv>
            </TextLine>
            <TextLine id="r1l74" custom="readingOrder {index:73;}">
                <Coords points="2224,1211 3119,1194 3160,1175 3160,1127 2223,1147"/>
                <Baseline points="2244,1194 2288,1193 2333,1193 2378,1192 2423,1192 2468,1192 2513,1192 2557,1191 2602,1191 2647,1191 2692,1191 2737,1191 2782,1190 2827,1190 2871,1190 2916,1189 2961,1188 3006,1186 3051,1185 3096,1183 3141,1181"/>
                <TextEquiv>
                    <Unicode>die verständnisvolle geistige Hilfe seiner Gattin</Unicode>
                </TextEquiv>
            </TextLine>
            <TextLine id="r1l75" custom="readingOrder {index:74;}">
                <Coords points="1292,1215 2103,1216 2217,1195 2217,1158 1292,1171"/>
                <Baseline points="1311,1212 1355,1210 1399,1208 1444,1206 1488,1205 1533,1204 1577,1203 1622,1202 1666,1202 1711,1201 1755,1201 1799,1200 1844,1200 1888,1199 1933,1199 1977,1198 2022,1197 2066,1196 2111,1196 2155,1194 2200,1192"/>
                <TextEquiv>
                    <Unicode>schließlich erscheint ihr der Gedanke auch an¬</Unicode>
                </TextEquiv>
            </TextLine>
            <TextLine id="r1l76" custom="readingOrder {index:75;}">
                <Coords points="353,1240 1301,1241 1300,1181 1129,1169 352,1188"/>
                <Baseline points="373,1233 418,1232 464,1231 509,1231 555,1230 600,1229 646,1228 691,1227 737,1226 782,1225 828,1224 873,1223 919,1222 964,1222 1010,1221 1055,1221 1101,1221 1146,1221 1192,1221 1237,1221 1283,1222"/>
                <TextEquiv>
                    <Unicode>phische Bücher zu besitzen — (hundertundjünszig¬</Unicode>
                </TextEquiv>
            </TextLine>
            <TextLine id="r1l77" custom="readingOrder {index:76;}">
                <Coords points="3152,1240 3189,1236 3204,1243 3215,1235 3249,1235 3264,1246 3342,1237 3341,1188 3289,1182 3274,1193 3240,1198 3229,1187 3207,1187 3174,1206 3151,1203"/>
                <Baseline points="3169,1233 3194,1231 3220,1230 3246,1229 3271,1229 3297,1230 3323,1229"/>
                <TextEquiv>
                    <Unicode>und tro</Unicode>
                </TextEquiv>
            </TextLine>
            <TextLine id="r1l78" custom="readingOrder {index:77;}">
                <Coords points="2226,1252 3118,1244 3155,1233 3155,1177 2783,1208 2226,1192"/>
                <Baseline points="2245,1241 2289,1240 2334,1239 2378,1239 2423,1238 2467,1238 2512,1238 2556,1238 2601,1238 2645,1238 2690,1238 2734,1238 2779,1237 2823,1237 2868,1236 2912,1235 2957,1234 3001,1232 3046,1230 3090,1228 3135,1225"/>
                <TextEquiv>
                    <Unicode>einzubüßen. Er ist ein seerisch unbedeutender</Unicode>
                </TextEquiv>
            </TextLine>
            <TextLine id="r1l79" custom="readingOrder {index:78;}">
                <Coords points="1293,1260 2192,1249 2217,1196 1292,1219"/>
                <Baseline points="1313,1255 1357,1253 1401,1252 1445,1251 1490,1250 1534,1249 1578,1249 1623,1248 1667,1248 1711,1247 1756,1247 1800,1246 1844,1246 1888,1245 1933,1245 1977,1244 2021,1242 2066,1241 2110,1239 2154,1238 2199,1236"/>
                <TextEquiv>
                    <Unicode>nehmbar. Nun handelt es sich darum, wie wird</Unicode>
                </TextEquiv>
            </TextLine>
            <TextLine id="r1l80" custom="readingOrder {index:79;}">
                <Coords points="361,1283 1204,1280 1297,1267 1296,1219 360,1239"/>
                <Baseline points="378,1280 423,1279 468,1278 513,1276 558,1276 603,1275 648,1275 693,1274 738,1274 783,1274 828,1273 873,1273 918,1273 963,1272 1008,1271 1053,1270 1098,1268 1143,1267 1188,1265 1233,1262 1278,1259"/>
                <TextEquiv>
                    <Unicode>tausend Bände), intéressiert sich für alle Erfin¬</Unicode>
                </TextEquiv>
            </TextLine>
            <TextLine id="r1l81" custom="readingOrder {index:80;}">
                <Coords points="3161,1288 3202,1287 3221,1294 3235,1286 3265,1297 3306,1281 3343,1284 3342,1235 3312,1240 3301,1229 3282,1229 3204,1239 3193,1231 3160,1232"/>
                <Baseline points="3179,1277 3207,1278 3236,1277 3265,1276 3294,1275 3323,1275"/>
                <TextEquiv>
                    <Unicode>lustiger</Unicode>
                </TextEquiv>
            </TextLine>
            <TextLine id="r1l82" custom="readingOrder {index:81;}">
                <Coords points="2231,1291 3146,1283 3145,1231 3041,1225 2231,1247"/>
                <Baseline points="2250,1284 2293,1284 2337,1284 2381,1284 2425,1284 2469,1284 2513,1284 2557,1284 2601,1284 2645,1284 2689,1283 2732,1283 2776,1282 2820,1281 2864,1281 2908,1279 2952,1278 2996,1277 3040,1275 3084,1273 3128,1271"/>
                <TextEquiv>
                    <Unicode>Schwätzer, dem man auch schwer größere Kunst¬</Unicode>
                </TextEquiv>
            </TextLine>
            <TextLine id="r1l83" custom="readingOrder {index:82;}">
                <Coords points="1294,1304 1770,1308 1807,1285 1878,1314 1967,1290 2056,1308 2223,1290 2222,1242 1293,1259"/>
                <Baseline points="1311,1305 1355,1301 1400,1299 1444,1296 1489,1295 1534,1294 1578,1294 1623,1293 1667,1293 1712,1293 1757,1293 1801,1293 1846,1293 1890,1293 1935,1293 1980,1292 2024,1291 2069,1290 2113,1287 2158,1285 2203,1281"/>
                <TextEquiv>
                    <Unicode>sich das Verhältnis der Gatten, die ja ihre</Unicode>
                </TextEquiv>
            </TextLine>
            <TextLine id="r1l84" custom="readingOrder {index:83;}">
                <Coords points="362,1332 1027,1316 1095,1341 1306,1322 1305,1262 361,1283"/>
                <Baseline points="379,1323 424,1323 469,1323 515,1323 560,1323 606,1323 651,1323 696,1322 742,1321 787,1321 833,1320 878,1319 923,1318 969,1317 1014,1316 1060,1314 1105,1313 1150,1311 1196,1310 1241,1309 1287,1307"/>
                <TextEquiv>
                    <Unicode>dungen und Entdeckungen auf den Gebieten der</Unicode>
                </TextEquiv>
            </TextLine>
            <TextLine id="r1l85" custom="readingOrder {index:84;}">
                <Coords points="3158,1336 3206,1330 3222,1337 3236,1329 3248,1339 3273,1323 3326,1340 3333,1332 3352,1331 3350,1286 3305,1281 3253,1291 3211,1274 3193,1290 3156,1291"/>
                <Baseline points="3177,1329 3202,1328 3228,1325 3254,1324 3279,1323 3305,1322 3331,1324"/>
                <TextEquiv>
                    <Unicode>ganze S</Unicode>
                </TextEquiv>
            </TextLine>
            <TextLine id="r1l86" custom="readingOrder {index:85;}">
                <Coords points="2237,1340 3047,1342 3151,1330 3150,1274 2236,1292"/>
                <Baseline points="2254,1333 2298,1332 2342,1331 2386,1330 2430,1329 2474,1329 2518,1328 2562,1328 2606,1328 2650,1328 2694,1328 2738,1328 2782,1328 2826,1328 2870,1327 2914,1326 2958,1325 3002,1324 3046,1323 3090,1321 3134,1319"/>
                <TextEquiv>
                    <Unicode>schöpfungen zutrauen kann, und dessen Frau man</Unicode>
                </TextEquiv>
            </TextLine>
            <TextLine id="r1l87" custom="readingOrder {index:86;}">
                <Coords points="1300,1362 2225,1334 2224,1282 2068,1277 2016,1304 1299,1307"/>
                <Baseline points="1317,1347 1361,1346 1405,1345 1450,1344 1494,1343 1539,1342 1583,1342 1627,1341 1672,1341 1716,1340 1761,1340 1805,1339 1849,1339 1894,1338 1938,1337 1983,1336 2027,1334 2071,1333 2116,1331 2160,1330 2205,1327"/>
                <TextEquiv>
                    <Unicode>Freundschaft zu einander nicht einbüßen, sondern</Unicode>
                </TextEquiv>
            </TextLine>
            <TextLine id="r1l88" custom="readingOrder {index:87;}">
                <Coords points="360,1375 1300,1370 1299,1311 359,1331"/>
                <Baseline points="379,1371 424,1371 469,1370 514,1370 559,1369 605,1369 650,1368 695,1368 740,1367 785,1366 831,1365 876,1365 921,1364 966,1363 1011,1362 1057,1360 1102,1359 1147,1357 1192,1355 1237,1352 1283,1350"/>
                <TextEquiv>
                    <Unicode>Wissenschaft. Jeden neuen Versuch, um eins</Unicode>
                </TextEquiv>
            </TextLine>
            <TextLine id="r1l89" custom="readingOrder {index:88;}">
                <Coords points="3149,1381 3175,1377 3194,1387 3205,1376 3246,1374 3298,1380 3327,1367 3346,1367 3344,1315 3285,1328 3270,1317 3259,1325 3247,1314 3229,1326 3185,1332 3166,1321 3147,1322"/>
                <Baseline points="3169,1375 3195,1373 3221,1370 3247,1370 3273,1370 3299,1369 3326,1368"/>
                <TextEquiv>
                    <Unicode>Publiku</Unicode>
                </TextEquiv>
            </TextLine>
            <TextLine id="r1l90" custom="readingOrder {index:89;}">
                <Coords points="2217,1374 3087,1386 3157,1370 3157,1318 3049,1342 2217,1337"/>
                <Baseline points="2236,1378 2281,1377 2326,1377 2371,1377 2416,1376 2461,1376 2506,1376 2552,1376 2597,1376 2642,1375 2687,1375 2732,1375 2777,1374 2822,1374 2868,1373 2913,1372 2958,1371 3003,1369 3048,1368 3093,1366 3139,1364"/>
                <TextEquiv>
                    <Unicode>beglückwünschen darf, als sie sich endlich von ihm</Unicode>
                </TextEquiv>
            </TextLine>
            <TextLine id="r1l91" custom="readingOrder {index:90;}">
                <Coords points="1305,1402 2223,1377 2222,1337 2051,1325 1304,1354"/>
                <Baseline points="1325,1391 1369,1391 1413,1390 1457,1390 1501,1389 1545,1389 1589,1388 1633,1388 1677,1387 1721,1387 1765,1386 1809,1385 1853,1384 1897,1383 1941,1382 1985,1381 2029,1380 2073,1378 2117,1377 2161,1375 2205,1373"/>
                <TextEquiv>
                    <Unicode>sie durch Loslösung von der Ehe gerade reiten und</Unicode>
                </TextEquiv>
            </TextLine>
            <TextLine id="r1l92" custom="readingOrder {index:91;}">
                <Coords points="368,1426 1301,1415 1299,1348 1055,1377 367,1374"/>
                <Baseline points="388,1418 432,1417 477,1416 522,1415 567,1414 611,1414 656,1413 701,1412 746,1412 790,1411 835,1411 880,1409 925,1409 969,1408 1014,1406 1059,1405 1104,1403 1148,1401 1193,1399 1238,1396 1283,1393"/>
                <TextEquiv>
                    <Unicode>unserer großen Welträtsel zu lösen, unterstützt er</Unicode>
                </TextEquiv>
            </TextLine>
            <TextLine id="r1l93" custom="readingOrder {index:92;}">
                <Coords points="3154,1420 3221,1421 3239,1409 3250,1419 3287,1418 3302,1406 3317,1416 3328,1405 3350,1404 3348,1363 3293,1377 3266,1363 3256,1371 3240,1357 3222,1357 3211,1369 3195,1355 3178,1370 3170,1363 3151,1364"/>
                <Baseline points="3172,1416 3198,1413 3224,1411 3251,1410 3277,1409 3303,1409 3330,1408"/>
                <TextEquiv>
                    <Unicode>als die</Unicode>
                </TextEquiv>
            </TextLine>
            <TextLine id="r1l94" custom="readingOrder {index:93;}">
                <Coords points="2214,1418 2913,1439 3147,1420 3146,1346 2949,1387 2213,1370"/>
                <Baseline points="2231,1426 2275,1425 2320,1424 2365,1423 2410,1423 2455,1422 2499,1422 2544,1421 2589,1421 2634,1420 2679,1420 2723,1419 2768,1419 2813,1418 2858,1417 2903,1416 2947,1415 2992,1413 3037,1411 3082,1409 3127,1407"/>
                <TextEquiv>
                    <Unicode> b.freit, um vermutlich an der Seite des Fürsten</Unicode>
                </TextEquiv>
            </TextLine>
            <TextLine id="r1l95" custom="readingOrder {index:94;}">
                <Coords points="1296,1442 1724,1457 1750,1430 2047,1444 2225,1418 2224,1374 2191,1363 1831,1403 1296,1397"/>
                <Baseline points="1315,1439 1359,1438 1404,1437 1448,1436 1493,1435 1538,1434 1582,1434 1627,1433 1671,1433 1716,1433 1761,1432 1805,1432 1850,1431 1894,1430 1939,1430 1984,1428 2028,1427 2073,1426 2117,1424 2162,1422 2207,1420"/>
                <TextEquiv>
                    <Unicode>rein erhalten wollen, in Zukunst gestalten?</Unicode>
                </TextEquiv>
            </TextLine>
            <TextLine id="r1l96" custom="readingOrder {index:95;}">
                <Coords points="365,1464 1198,1463 1305,1438 1304,1401 364,1430"/>
                <Baseline points="384,1462 429,1462 474,1461 519,1461 564,1460 609,1460 654,1459 699,1458 744,1457 789,1455 834,1454 879,1453 924,1452 969,1451 1014,1449 1059,1448 1104,1447 1149,1446 1194,1445 1239,1444 1285,1443"/>
                <TextEquiv>
                    <Unicode>durch seinen porsönlichen moralischen Einfluß.</Unicode>
                </TextEquiv>
            </TextLine>
            <TextLine id="r1l97" custom="readingOrder {index:96;}">
                <Coords points="3145,1467 3227,1469 3242,1479 3264,1464 3279,1463 3290,1474 3320,1470 3331,1458 3338,1466 3360,1465 3359,1406 3329,1403 3318,1414 3303,1407 3296,1415 3263,1416 3236,1409 3188,1425 3162,1411 3143,1411"/>
                <Baseline points="3164,1460 3189,1456 3214,1454 3239,1454 3264,1454 3289,1455 3314,1454 3340,1451"/>
                <TextEquiv>
                    <Unicode>urwüchs</Unicode>
                </TextEquiv>
            </TextLine>
            <TextLine id="r1l98" custom="readingOrder {index:97;}">
                <Coords points="2211,1473 3155,1458 3154,1421 3079,1415 2210,1418"/>
                <Baseline points="2229,1474 2274,1472 2319,1470 2365,1469 2410,1468 2456,1467 2501,1466 2546,1465 2592,1464 2637,1463 2683,1463 2728,1462 2773,1462 2819,1461 2864,1460 2910,1459 2955,1458 3000,1457 3046,1456 3091,1455 3137,1453"/>
                <TextEquiv>
                    <Unicode> zärtlichere, wärmere Liebe zu finden. Die ersten</Unicode>
                </TextEquiv>
            </TextLine>
            <TextLine id="r1l99" custom="readingOrder {index:98;}">
                <Coords points="1288,1495 2225,1472 2224,1435 2005,1420 1968,1447 1288,1443"/>
                <Baseline points="1307,1482 1351,1481 1396,1480 1441,1479 1486,1478 1531,1477 1576,1476 1621,1476 1666,1475 1711,1475 1756,1474 1800,1473 1845,1473 1890,1472 1935,1472 1980,1471 2025,1470 2070,1469 2115,1468 2160,1466 2205,1465"/>
                <TextEquiv>
                    <Unicode>Amadeus findet auch hier einen Rat. Sie bleiben</Unicode>
                </TextEquiv>
            </TextLine>
            <TextLine id="r1l100" custom="readingOrder {index:99;}">
                <Coords points="369,1518 1294,1488 1293,1450 1122,1444 368,1466"/>
                <Baseline points="386,1508 430,1508 474,1508 519,1507 563,1507 608,1506 652,1505 696,1504 741,1503 785,1501 830,1500 874,1499 918,1497 963,1496 1007,1495 1052,1493 1096,1492 1140,1491 1185,1490 1229,1489 1274,1489"/>
                <TextEquiv>
                    <Unicode>Kürzlich noch fahen wir ihn den Proben bei¬</Unicode>
                </TextEquiv>
            </TextLine>
            <TextLine id="r1l101" custom="readingOrder {index:100;}">
                <Coords points="3154,1511 3202,1508 3225,1515 3243,1502 3265,1501 3280,1512 3288,1508 3307,1525 3339,1498 3361,1497 3360,1460 3341,1461 3333,1453 3255,1457 3245,1465 3222,1459 3151,1462"/>
                <Baseline points="3173,1505 3201,1503 3229,1501 3258,1501 3286,1500 3314,1498 3343,1495"/>
                <TextEquiv>
                    <Unicode>an den</Unicode>
                </TextEquiv>
            </TextLine>
            <TextLine id="r1l102" custom="readingOrder {index:101;}">
                <Coords points="2221,1521 3038,1521 3153,1511 3152,1455 2220,1469"/>
                <Baseline points="2238,1517 2282,1516 2327,1515 2372,1513 2417,1512 2462,1511 2506,1510 2551,1509 2596,1509 2641,1508 2686,1507 2730,1506 2775,1506 2820,1505 2865,1504 2910,1503 2954,1503 2999,1502 3044,1501 3089,1501 3134,1500"/>
                <TextEquiv>
                    <Unicode>j beiden Akte sind daher auch nichts weniger als</Unicode>
                </TextEquiv>
            </TextLine>
            <TextLine id="r1l103" custom="readingOrder {index:102;}">
                <Coords points="1289,1547 2185,1523 2225,1515 2225,1466 1288,1495"/>
                <Baseline points="1307,1531 1354,1527 1401,1524 1448,1522 1496,1520 1543,1519 1590,1518 1638,1518 1685,1518 1732,1518 1780,1518 1827,1518 1874,1519 1922,1518 1969,1518 2016,1517 2064,1515 2111,1514 2158,1511 2206,1508"/>
                <TextEquiv>
                    <Unicode>nach wie vor bei einander, nur daß sie getrennte</Unicode>
                </TextEquiv>
            </TextLine>
            <TextLine id="r1l104" custom="readingOrder {index:103;}">
                <Coords points="368,1560 1297,1549 1296,1489 367,1512"/>
                <Baseline points="388,1556 432,1555 477,1554 521,1552 566,1551 610,1549 655,1549 699,1548 744,1547 788,1546 833,1545 878,1544 922,1543 967,1542 1011,1541 1056,1540 1100,1539 1145,1538 1189,1536 1234,1535 1279,1533"/>
                <TextEquiv>
                    <Unicode>wohnen, die der äronautische Klub von Paris</Unicode>
                </TextEquiv>
            </TextLine>
            <TextLine id="r1l105" custom="readingOrder {index:104;}">
                <Coords points="3149,1544 3231,1561 3331,1560 3330,1511 3271,1509 3263,1501 3241,1502 3234,1509 3174,1503 3148,1507"/>
                <Baseline points="3167,1549 3196,1548 3225,1547 3255,1546 3284,1546 3314,1548"/>
                <TextEquiv>
                    <Unicode>konnte.</Unicode>
                </TextEquiv>
            </TextLine>
            <TextLine id="r1l106" custom="readingOrder {index:105;}">
                <Coords points="2225,1567 3154,1548 3153,1503 2224,1519"/>
                <Baseline points="2243,1565 2287,1563 2332,1561 2376,1560 2421,1558 2465,1557 2510,1556 2554,1555 2599,1554 2643,1553 2688,1552 2733,1552 2777,1551 2822,1550 2866,1550 2911,1549 2955,1548 3000,1547 3044,1547 3089,1545 3134,1544"/>
                <TextEquiv>
                    <Unicode>interessant; Gespräche und immer wieder Ge¬</Unicode>
                </TextEquiv>
            </TextLine>
            <TextLine id="r1l107" custom="readingOrder {index:106;}">
                <Coords points="1306,1578 2224,1577 2224,1517 1306,1537"/>
                <Baseline points="1325,1569 1369,1569 1413,1568 1457,1568 1501,1568 1545,1568 1589,1567 1633,1567 1677,1567 1721,1567 1765,1566 1809,1566 1853,1566 1897,1565 1941,1564 1985,1563 2029,1562 2073,1561 2117,1559 2161,1557 2205,1555"/>
                <TextEquiv>
                    <Unicode>Gemächer beziehen; jeder von Beiden hat völlige</Unicode>
                </TextEquiv>
            </TextLine>
            <TextLine id="r1l108" custom="readingOrder {index:107;}">
                <Coords points="379,1608 1197,1601 1297,1591 1296,1543 378,1564"/>
                <Baseline points="397,1601 441,1600 485,1598 529,1597 573,1596 617,1595 661,1594 705,1593 749,1592 793,1591 837,1590 881,1589 925,1588 969,1587 1013,1586 1057,1586 1101,1584 1145,1583 1189,1582 1233,1581 1278,1580"/>
                <TextEquiv>
                    <Unicode>abhielt. Gesiern war er einer der ersten in den</Unicode>
                </TextEquiv>
            </TextLine>
            <TextLine id="r1l109" custom="readingOrder {index:108;}">
                <Coords points="3151,1613 3170,1613 3192,1602 3218,1602 3226,1610 3237,1602 3289,1610 3315,1599 3341,1603 3341,1554 3319,1554 3300,1565 3267,1550 3248,1550 3237,1561 3178,1550 3151,1553"/>
                <Baseline points="3171,1595 3196,1593 3221,1593 3247,1593 3272,1593 3297,1594 3323,1595"/>
                <TextEquiv>
                    <Unicode>Szene,</Unicode>
                </TextEquiv>
            </TextLine>
            <TextLine id="r1l110" custom="readingOrder {index:109;}">
                <Coords points="2223,1625 3156,1602 3155,1565 3055,1544 2222,1565"/>
                <Baseline points="2243,1609 2287,1607 2332,1605 2377,1603 2421,1602 2466,1601 2511,1600 2555,1599 2600,1599 2645,1598 2690,1598 2734,1597 2779,1597 2824,1597 2868,1596 2913,1596 2958,1595 3002,1594 3047,1593 3092,1591 3137,1590"/>
                <TextEquiv>
                    <Unicode>spräche ersetzen die Handlung, die fast ganz fehlt.</Unicode>
                </TextEquiv>
            </TextLine>
            <TextLine id="r1l111" custom="readingOrder {index:110;}">
                <Coords points="1297,1631 2230,1619 2229,1571 2143,1562 1296,1575"/>
                <Baseline points="1314,1621 1358,1620 1403,1619 1448,1618 1493,1617 1538,1616 1583,1615 1627,1614 1672,1613 1717,1612 1762,1611 1807,1610 1852,1609 1897,1608 1941,1607 1986,1607 2031,1606 2076,1605 2121,1604 2166,1604 2211,1603"/>
                <TextEquiv>
                    <Unicode>Freiheit, zu tun, was ihm beliebt, aber das offene</Unicode>
                </TextEquiv>
            </TextLine>
            <TextLine id="r1l112" custom="readingOrder {index:111;}">
                <Coords points="374,1653 1300,1653 1298,1590 373,1601"/>
                <Baseline points="391,1645 435,1645 480,1644 524,1644 569,1644 613,1643 658,1642 702,1642 747,1641 791,1640 836,1639 880,1638 925,1637 969,1636 1014,1634 1058,1632 1103,1631 1147,1630 1192,1627 1236,1625 1281,1623"/>
                <TextEquiv>
                    <Unicode>Reihen der Zuhörer neben seinem Freunde, dem</Unicode>
                </TextEquiv>
            </TextLine>
            <TextLine id="r1l113" custom="readingOrder {index:112;}">
                <Coords points="3151,1656 3226,1654 3244,1642 3255,1650 3292,1649 3304,1656 3311,1648 3348,1651 3347,1596 3325,1596 3306,1608 3247,1609 3228,1594 3184,1603 3172,1596 3150,1600"/>
                <Baseline points="3171,1643 3197,1642 3224,1641 3251,1641 3277,1640 3304,1640 3331,1639"/>
                <TextEquiv>
                    <Unicode>mit vorn</Unicode>
                </TextEquiv>
            </TextLine>
            <TextLine id="r1l114" custom="readingOrder {index:113;}">
                <Coords points="2217,1672 3102,1654 3157,1638 3157,1604 2216,1602"/>
                <Baseline points="2237,1656 2282,1655 2327,1653 2372,1651 2417,1650 2462,1649 2507,1649 2552,1648 2597,1647 2642,1647 2687,1646 2732,1646 2777,1645 2822,1644 2867,1644 2912,1643 2957,1642 3002,1642 3047,1641 3092,1639 3137,1638"/>
                <TextEquiv>
                    <Unicode>Zum Schluß aber, in den letzten Szenen, regt</Unicode>
                </TextEquiv>
            </TextLine>
            <TextLine id="r1l115" custom="readingOrder {index:114;}">
                <Coords points="1309,1668 2153,1666 2227,1653 2226,1601 1308,1627"/>
                <Baseline points="1327,1666 1371,1664 1415,1664 1459,1662 1503,1662 1547,1660 1591,1660 1635,1659 1679,1659 1723,1658 1768,1658 1812,1657 1856,1656 1900,1655 1944,1654 1988,1653 2032,1652 2076,1651 2120,1649 2164,1646 2209,1644"/>
                <TextEquiv>
                    <Unicode>Aussprechen tiesster, geheimster Empfindungen</Unicode>
                </TextEquiv>
            </TextLine>
            <TextLine id="r1l116" custom="readingOrder {index:115;}">
                <Coords points="3156,1691 3175,1690 3182,1698 3201,1693 3208,1701 3223,1697 3235,1704 3246,1696 3279,1699 3305,1690 3316,1698 3327,1690 3353,1697 3356,1644 3337,1645 3330,1653 3318,1645 3304,1657 3293,1650 3274,1654 3244,1640 3200,1653 3155,1650"/>
                <Baseline points="3174,1688 3201,1687 3228,1686 3255,1686 3282,1685 3309,1684 3337,1683"/>
                <TextEquiv>
                    <Unicode>wußte 8</Unicode>
                </TextEquiv>
            </TextLine>
            <TextLine id="r1l117" custom="readingOrder {index:116;}">
                <Coords points="378,1711 430,1714 445,1698 579,1707 601,1692 620,1707 679,1694 791,1704 816,1681 846,1688 846,1640 377,1651"/>
                <Baseline points="395,1691 420,1691 445,1690 471,1690 496,1690 522,1689 547,1689 572,1689 598,1689 623,1688 649,1688 674,1687 699,1687 725,1686 750,1686 776,1685 801,1684 827,1682"/>
                <TextEquiv>
                    <Unicode>Prinzen vol Monaco.</Unicode>
                </TextEquiv>
            </TextLine>
            <TextLine id="r1l118" custom="readingOrder {index:117;}">
                <Coords points="2233,1703 2954,1686 3163,1709 3162,1650 3054,1636 2233,1662"/>
                <Baseline points="2253,1698 2297,1697 2342,1696 2386,1695 2431,1694 2476,1694 2520,1693 2565,1692 2609,1691 2654,1691 2699,1690 2743,1690 2788,1689 2832,1689 2877,1689 2922,1688 2966,1688 3011,1687 3055,1687 3100,1686 3145,1685"/>
                <TextEquiv>
                    <Unicode>sich ehrliches Temperament, und von der Glut,</Unicode>
                </TextEquiv>
            </TextLine>
            <TextLine id="r1l119" custom="readingOrder {index:118;}">
                <Coords points="1308,1714 2230,1700 2207,1652 1307,1669"/>
                <Baseline points="1325,1711 1369,1710 1413,1709 1457,1708 1502,1707 1546,1706 1590,1705 1635,1704 1679,1703 1723,1703 1768,1702 1812,1701 1856,1700 1900,1699 1945,1699 1989,1698 2033,1697 2078,1696 2122,1695 2166,1694 2211,1693"/>
                <TextEquiv>
                    <Unicode>soll auch ferner dem Kameradschaftsverhältnis,</Unicode>
                </TextEquiv>
            </TextLine>
            <TextLine id="r1l120" custom="readingOrder {index:119;}">
                <Coords points="3157,1740 3206,1746 3242,1733 3269,1747 3309,1730 3343,1733 3341,1684 3322,1685 3304,1701 3282,1694 3241,1700 3229,1689 3155,1688"/>
                <Baseline points="3175,1735 3204,1734 3234,1733 3264,1731 3294,1730 3324,1730"/>
                <TextEquiv>
                    <Unicode>in der</Unicode>
                </TextEquiv>
            </TextLine>
            <TextLine id="r1l121" custom="readingOrder {index:120;}">
                <Coords points="398,1742 1120,1756 1301,1734 1300,1671 397,1705"/>
                <Baseline points="418,1740 461,1741 504,1741 547,1741 590,1742 633,1741 676,1741 720,1741 763,1740 806,1739 849,1738 892,1737 935,1736 978,1735 1022,1733 1065,1732 1108,1730 1151,1728 1194,1726 1237,1725 1281,1722"/>
                <TextEquiv>
                    <Unicode>Scheinbat steckt in dem Prinzen Bonaparte</Unicode>
                </TextEquiv>
            </TextLine>
            <TextLine id="r1l122" custom="readingOrder {index:121;}">
                <Coords points="2215,1755 3148,1745 3147,1678 2214,1692"/>
                <Baseline points="2233,1744 2277,1743 2322,1742 2367,1741 2412,1740 2457,1740 2501,1739 2546,1739 2591,1738 2636,1738 2681,1738 2725,1737 2770,1737 2815,1736 2860,1735 2905,1735 2949,1734 2994,1732 3039,1731 3084,1730 3129,1727"/>
                <TextEquiv>
                    <Unicode>die aus den Gefühlsausbrüchen hervorleuchtet,</Unicode>
                </TextEquiv>
            </TextLine>
            <TextLine id="r1l123" custom="readingOrder {index:122;}">
                <Coords points="1317,1772 2175,1755 2227,1750 2226,1687 1316,1719"/>
                <Baseline points="1333,1753 1376,1753 1420,1752 1464,1752 1508,1752 1552,1751 1595,1751 1639,1750 1683,1750 1727,1749 1771,1749 1814,1748 1858,1747 1902,1747 1946,1746 1990,1745 2033,1744 2077,1743 2121,1742 2165,1740 2209,1739"/>
                <TextEquiv>
                    <Unicode>dem alle Störung durch sinnliche Nebengedanken</Unicode>
                </TextEquiv>
            </TextLine>
            <TextLine id="r1l124" custom="readingOrder {index:123;}">
                <Coords points="3149,1788 3230,1788 3253,1795 3264,1783 3290,1782 3309,1792 3338,1776 3356,1775 3354,1734 3325,1739 3313,1728 3273,1742 3228,1736 3221,1744 3180,1742 3147,1751"/>
                <Baseline points="3167,1785 3195,1782 3223,1781 3252,1780 3280,1779 3308,1778 3337,1775"/>
                <TextEquiv>
                    <Unicode>pathische</Unicode>
                </TextEquiv>
            </TextLine>
            <TextLine id="r1l125" custom="readingOrder {index:124;}">
                <Coords points="375,1798 1263,1786 1303,1774 1302,1733 373,1739"/>
                <Baseline points="392,1792 436,1791 481,1790 525,1790 570,1789 615,1788 659,1787 704,1787 749,1786 793,1786 838,1785 883,1784 927,1783 972,1782 1017,1781 1061,1780 1106,1778 1151,1776 1195,1774 1240,1772 1285,1769"/>
                <TextEquiv>
                    <Unicode>etwas von seinem großen Vorfahren. Jener</Unicode>
                </TextEquiv>
            </TextLine>
            <TextLine id="r1l126" custom="readingOrder {index:125;}">
                <Coords points="2230,1802 3159,1789 3158,1744 3117,1734 2229,1750"/>
                <Baseline points="2247,1791 2291,1790 2336,1790 2380,1789 2425,1788 2470,1787 2514,1787 2559,1786 2603,1785 2648,1785 2693,1784 2737,1784 2782,1783 2826,1782 2871,1781 2916,1780 2960,1779 3005,1778 3049,1776 3094,1774 3139,1773"/>
                <TextEquiv>
                    <Unicode>fühlt man sich hingerissen. Hier findet nämlich</Unicode>
                </TextEquiv>
            </TextLine>
            <TextLine id="r1l127" custom="readingOrder {index:126;}">
                <Coords points="1301,1828 1617,1796 1732,1819 2230,1798 2228,1720 1991,1766 1300,1765"/>
                <Baseline points="1319,1805 1363,1804 1408,1803 1453,1802 1497,1801 1542,1800 1587,1799 1631,1798 1676,1798 1721,1797 1766,1796 1810,1795 1855,1795 1900,1794 1944,1793 1989,1792 2034,1791 2078,1790 2123,1788 2168,1786 2213,1784"/>
                <TextEquiv>
                    <Unicode>genommen ist, aufgespart bleiben. Der Plan</Unicode>
                </TextEquiv>
            </TextLine>
            <TextLine id="r1l128" custom="readingOrder {index:127;}">
                <Coords points="3164,1829 3234,1836 3264,1828 3286,1835 3312,1823 3335,1837 3357,1837 3356,1777 3337,1778 3308,1793 3293,1782 3263,1783 3256,1791 3241,1783 3163,1785"/>
                <Baseline points="3181,1823 3207,1822 3233,1822 3259,1821 3285,1820 3311,1820 3337,1821"/>
                <TextEquiv>
                    <Unicode>der Ver</Unicode>
                </TextEquiv>
            </TextLine>
            <TextLine id="r1l129" custom="readingOrder {index:128;}">
                <Coords points="371,1839 475,1859 516,1832 564,1854 1296,1823 1295,1782 1258,1779 370,1798"/>
                <Baseline points="388,1838 432,1836 477,1835 521,1834 566,1834 610,1833 655,1833 699,1832 744,1832 788,1831 833,1831 878,1830 922,1829 967,1828 1011,1827 1056,1826 1100,1824 1145,1822 1189,1820 1234,1816 1279,1813"/>
                <TextEquiv>
                    <Unicode>wollte dig Welt erobern, dieser begnügt sich da¬</Unicode>
                </TextEquiv>
            </TextLine>
            <TextLine id="r1l130" custom="readingOrder {index:129;}">
                <Coords points="2232,1842 3131,1836 3152,1776 2231,1801"/>
                <Baseline points="2250,1841 2294,1839 2338,1836 2382,1835 2427,1833 2471,1832 2515,1831 2559,1830 2604,1830 2648,1829 2692,1829 2736,1828 2781,1828 2825,1827 2869,1826 2913,1826 2958,1825 3002,1824 3046,1823 3090,1821 3135,1819"/>
                <TextEquiv>
                    <Unicode>die große Abrechnung zwischen den Gatten statt.</Unicode>
                </TextEquiv>
            </TextLine>
            <TextLine id="r1l131" custom="readingOrder {index:130;}">
                <Coords points="1310,1854 2213,1852 2223,1788 1309,1805"/>
                <Baseline points="1329,1845 1372,1845 1416,1845 1460,1845 1504,1844 1548,1844 1591,1844 1635,1844 1679,1843 1723,1843 1767,1842 1810,1842 1854,1841 1898,1841 1942,1839 1986,1838 2029,1837 2073,1836 2117,1834 2161,1833 2205,1831"/>
                <TextEquiv>
                    <Unicode>wird mit ehrlichster Überzeugung von seiner</Unicode>
                </TextEquiv>
            </TextLine>
            <TextLine id="r1l132" custom="readingOrder {index:131;}">
                <Coords points="3149,1898 3171,1898 3193,1880 3223,1876 3264,1879 3271,1887 3297,1876 3312,1887 3364,1872 3364,1820 3346,1820 3331,1831 3312,1824 3297,1835 3260,1827 3227,1839 3219,1831 3204,1835 3182,1831 3171,1820 3149,1820"/>
                <Baseline points="3166,1868 3191,1867 3216,1867 3242,1868 3267,1868 3293,1868 3318,1867 3344,1866"/>
                <TextEquiv>
                    <Unicode>der anl</Unicode>
                </TextEquiv>
            </TextLine>
            <TextLine id="r1l133" custom="readingOrder {index:132;}">
                <Coords points="2232,1894 2845,1870 3057,1892 3157,1875 3156,1819 2231,1842"/>
                <Baseline points="2249,1883 2293,1882 2338,1881 2382,1881 2427,1879 2471,1879 2516,1878 2560,1877 2605,1876 2649,1875 2694,1874 2739,1873 2783,1872 2828,1871 2872,1870 2917,1869 2961,1868 3006,1867 3050,1867 3095,1866 3140,1866"/>
                <TextEquiv>
                    <Unicode>Cäcilie wirft ihm in erregten Worten seinen</Unicode>
                </TextEquiv>
            </TextLine>
            <TextLine id="r1l134" custom="readingOrder {index:133;}">
                <Coords points="373,1902 1276,1880 1301,1816 372,1846"/>
                <Baseline points="392,1886 436,1885 481,1884 525,1883 570,1882 614,1881 659,1881 703,1880 748,1880 792,1879 837,1879 882,1878 926,1877 971,1876 1015,1874 1060,1873 1104,1871 1149,1869 1193,1866 1238,1863 1283,1860"/>
                <TextEquiv>
                    <Unicode>mit, bei, den Eroberungen in den Lüften und</Unicode>
                </TextEquiv>
            </TextLine>
            <TextLine id="r1l135" custom="readingOrder {index:134;}">
                <Coords points="1307,1902 2173,1893 2232,1884 2231,1836 1306,1857"/>
                <Baseline points="1325,1892 1369,1891 1413,1891 1458,1890 1502,1890 1547,1889 1591,1889 1636,1888 1680,1887 1725,1887 1769,1886 1813,1886 1858,1885 1902,1884 1947,1884 1991,1883 2036,1882 2080,1881 2125,1880 2169,1879 2214,1878"/>
                <TextEquiv>
                    <Unicode>Durchführbarkeit entworfen und scheint auch zu¬</Unicode>
                </TextEquiv>
            </TextLine>
            <TextLine id="r1l136" custom="readingOrder {index:135;}">
                <Coords points="3200,1926 3237,1929 3244,1936 3263,1929 3274,1936 3285,1928 3300,1936 3356,1939 3355,1876 3329,1876 3322,1883 3314,1876 3307,1884 3296,1876 3277,1891 3255,1873 3233,1881 3199,1881"/>
                <Baseline points="3217,1921 3246,1919 3276,1918 3306,1918 3336,1920"/>
                <TextEquiv>
                    <Unicode>Das</Unicode>
                </TextEquiv>
            </TextLine>
            <TextLine id="r1l137" custom="readingOrder {index:136;}">
                <Coords points="2240,1936 3154,1926 3153,1878 3123,1871 2239,1884"/>
                <Baseline points="2259,1926 2302,1926 2346,1926 2390,1925 2434,1925 2478,1925 2522,1924 2566,1923 2610,1923 2654,1922 2698,1921 2741,1920 2785,1919 2829,1918 2873,1917 2917,1916 2961,1915 3005,1914 3049,1913 3093,1912 3137,1910"/>
                <TextEquiv>
                    <Unicode>schweren Fehler vor, der sie geistig trennte, und</Unicode>
                </TextEquiv>
            </TextLine>
            <TextLine id="r1l138" custom="readingOrder {index:137;}">
                <Coords points="376,1948 1271,1927 1270,1871 1207,1865 375,1888"/>
                <Baseline points="393,1928 436,1927 479,1927 522,1927 565,1926 608,1926 651,1925 694,1925 737,1924 780,1923 823,1922 866,1922 909,1921 952,1920 995,1919 1038,1918 1081,1916 1124,1915 1167,1914 1210,1912 1253,1911"/>
                <TextEquiv>
                    <Unicode>unter dem Meeresspiegel helfend mitzuwirken.</Unicode>
                </TextEquiv>
            </TextLine>
            <TextLine id="r1l139" custom="readingOrder {index:138;}">
                <Coords points="1316,1948 2230,1931 2229,1879 2170,1876 1315,1896"/>
                <Baseline points="1336,1940 1379,1940 1423,1939 1467,1938 1511,1937 1555,1937 1598,1936 1642,1935 1686,1934 1730,1934 1774,1933 1817,1932 1861,1931 1905,1930 1949,1929 1993,1928 2036,1927 2080,1927 2124,1925 2168,1925 2212,1923"/>
                <TextEquiv>
                    <Unicode>nächst trefflich zu gelingen. Cäciliens bester</Unicode>
                </TextEquiv>
            </TextLine>
            <TextLine id="r1l140" custom="readingOrder {index:139;}">
                <Coords points="2222,1985 3159,1962 3158,1928 3084,1918 2222,1933"/>
                <Baseline points="2242,1972 2286,1971 2331,1971 2376,1970 2421,1970 2466,1969 2511,1968 2555,1968 2600,1967 2645,1967 2690,1966 2735,1966 2780,1965 2825,1964 2869,1963 2914,1962 2959,1961 3004,1960 3049,1959 3094,1957 3139,1955"/>
                <TextEquiv>
                    <Unicode>der sie jetzt zu Fremden statt zu Freunden werden</Unicode>
                </TextEquiv>
            </TextLine>
            <TextLine id="r1l141" custom="readingOrder {index:140;}">
                <Coords points="3164,1975 3220,1972 3250,1986 3272,1973 3295,1979 3324,1970 3361,1976 3359,1924 3300,1935 3281,1924 3161,1916"/>
                <Baseline points="3183,1973 3209,1970 3236,1968 3263,1967 3289,1966 3316,1965 3343,1963"/>
                <TextEquiv>
                    <Unicode>ganz ver</Unicode>
                </TextEquiv>
            </TextLine>
            <TextLine id="r1l142" custom="readingOrder {index:141;}">
                <Coords points="1308,1999 2233,1984 2232,1940 2187,1926 1307,1951"/>
                <Baseline points="1327,1986 1371,1985 1415,1984 1459,1983 1504,1982 1548,1981 1592,1980 1637,1980 1681,1979 1725,1978 1770,1977 1814,1976 1858,1975 1902,1975 1947,1974 1991,1973 2035,1972 2080,1971 2124,1969 2168,1968 2213,1967"/>
                <TextEquiv>
                    <Unicode>Führer und Lehrer ist und bleibt Amadeus, und</Unicode>
                </TextEquiv>
            </TextLine>
            <TextLine id="r1l143" custom="readingOrder {index:142;}">
                <Coords points="2229,2027 3128,2015 3158,2011 3157,1959 2228,1982"/>
                <Baseline points="2248,2021 2292,2020 2337,2020 2381,2019 2426,2018 2471,2016 2515,2016 2560,2014 2604,2014 2649,2013 2694,2012 2738,2011 2783,2010 2827,2009 2872,2008 2917,2007 2961,2006 3006,2005 3050,2004 3095,2004 3140,2003"/>
                <TextEquiv>
                    <Unicode>ließ, und die Konsequenz seines Handelns lastet</Unicode>
                </TextEquiv>
            </TextLine>
            <TextLine id="r1l144" custom="readingOrder {index:143;}">
                <Coords points="3155,2039 3181,2039 3192,2027 3240,2019 3267,2029 3300,2021 3308,2029 3326,2017 3352,2016 3351,1968 3321,1969 3292,1981 3258,1952 3232,1978 3202,1971 3180,1979 3154,1976"/>
                <Baseline points="3173,2013 3200,2012 3227,2012 3254,2011 3281,2011 3308,2010 3335,2009"/>
                <TextEquiv>
                    <Unicode>die Geis</Unicode>
                </TextEquiv>
            </TextLine>
            <TextLine id="r1l145" custom="readingOrder {index:144;}">
                <Coords points="1311,2041 2229,2023 2228,1982 2131,1977 1310,1997"/>
                <Baseline points="1329,2031 1373,2030 1417,2030 1461,2029 1505,2029 1549,2028 1593,2027 1637,2027 1681,2026 1725,2025 1769,2024 1813,2024 1857,2022 1901,2022 1945,2020 1989,2020 2033,2018 2077,2017 2121,2016 2165,2015 2209,2014"/>
                <TextEquiv>
                    <Unicode>er geht ganz in seinen Schöpfungen auf, die er,</Unicode>
                </TextEquiv>
            </TextLine>
            <TextLine id="r1l146" custom="readingOrder {index:145;}">
                <Coords points="411,2059 1307,2053 1305,1986 1276,1979 603,1988 566,2015 410,1992"/>
                <Baseline points="428,2055 473,2055 518,2054 563,2054 608,2053 654,2052 699,2051 744,2050 789,2049 834,2048 880,2047 925,2046 970,2046 1015,2044 1060,2044 1106,2043 1151,2042 1196,2041 1241,2041 1287,2040"/>
                <TextEquiv>
                    <Unicode>Und während im Palais Bourbon das neue</Unicode>
                </TextEquiv>
            </TextLine>
            <TextLine id="r1l147" custom="readingOrder {index:146;}">
                <Coords points="2236,2073 3005,2051 3035,2076 3165,2052 3164,1996 2235,2025"/>
                <Baseline points="2254,2064 2298,2063 2343,2062 2387,2061 2432,2060 2477,2060 2521,2059 2566,2058 2611,2057 2655,2057 2700,2056 2745,2056 2789,2055 2834,2054 2879,2053 2923,2052 2968,2051 3013,2050 3057,2048 3102,2047 3147,2045"/>
                <TextEquiv>
                    <Unicode>wie ein ernstes Schicksal auf dem törichten Mann.</Unicode>
                </TextEquiv>
            </TextLine>
            <TextLine id="r1l148" custom="readingOrder {index:147;}">
                <Coords points="3158,2075 3180,2078 3206,2066 3232,2069 3251,2061 3266,2071 3295,2063 3318,2074 3344,2073 3342,2010 3320,2010 3309,2022 3276,2027 3246,2016 3212,2028 3175,2011 3156,2011"/>
                <Baseline points="3175,2065 3200,2062 3225,2062 3250,2061 3275,2061 3300,2060 3325,2059"/>
                <TextEquiv>
                    <Unicode>gar zu </Unicode>
                </TextEquiv>
            </TextLine>
            <TextLine id="r1l149" custom="readingOrder {index:148;}">
                <Coords points="1300,2098 1537,2067 1775,2096 1890,2064 2228,2062 2227,2025 2157,2019 1298,2020"/>
                <Baseline points="1319,2077 1363,2076 1408,2075 1452,2074 1497,2073 1542,2072 1586,2072 1631,2071 1675,2071 1720,2070 1765,2070 1809,2069 1854,2068 1898,2068 1943,2067 1988,2066 2032,2064 2077,2063 2121,2061 2166,2059 2211,2057"/>
                <TextEquiv>
                    <Unicode>durch ihre Anerkennung und ihr künstlerisches</Unicode>
                </TextEquiv>
            </TextLine>
            <TextLine id="r1l150" custom="readingOrder {index:149;}">
                <Coords points="375,2110 1308,2091 1306,2039 631,2070 373,2043"/>
                <Baseline points="393,2103 437,2103 482,2102 527,2102 572,2101 616,2100 661,2099 706,2098 751,2097 795,2096 840,2095 885,2094 930,2092 974,2091 1019,2090 1064,2089 1109,2087 1153,2086 1198,2085 1243,2084 1288,2082"/>
                <TextEquiv>
                    <Unicode>Ministerium sein resormreiches Programm für</Unicode>
                </TextEquiv>
            </TextLine>
            <TextLine id="r1l151" custom="readingOrder {index:150;}">
                <Coords points="2232,2114 3150,2102 3164,2053 2231,2073"/>
                <Baseline points="2251,2113 2295,2111 2340,2109 2385,2108 2430,2107 2475,2106 2519,2105 2564,2104 2609,2104 2654,2104 2699,2103 2743,2102 2788,2102 2833,2101 2878,2100 2923,2099 2967,2097 3012,2095 3057,2094 3102,2090 3147,2087"/>
                <TextEquiv>
                    <Unicode>Hier sind wahrhaft ergreifende Momente, aber</Unicode>
                </TextEquiv>
            </TextLine>
            <TextLine id="r1l152" custom="readingOrder {index:151;}">
                <Coords points="3168,2110 3228,2110 3250,2124 3287,2121 3298,2109 3354,2113 3354,2072 3317,2072 3309,2065 3302,2069 3268,2061 3231,2069 3194,2061 3168,2065"/>
                <Baseline points="3187,2103 3216,2104 3246,2106 3275,2106 3305,2105 3335,2101"/>
                <TextEquiv>
                    <Unicode>Erfassen</Unicode>
                </TextEquiv>
            </TextLine>
            <TextLine id="r1l153" custom="readingOrder {index:152;}">
                <Coords points="1304,2143 2180,2119 2236,2107 2235,2055 1303,2091"/>
                <Baseline points="1323,2123 1367,2121 1412,2120 1456,2119 1501,2118 1546,2117 1590,2117 1635,2116 1680,2115 1724,2114 1769,2114 1814,2113 1858,2112 1903,2112 1948,2111 1992,2110 2037,2109 2082,2108 2126,2107 2171,2105 2216,2103"/>
                <TextEquiv>
                    <Unicode>Verständnis angespornt, zur Reife bringt. Als</Unicode>
                </TextEquiv>
            </TextLine>
            <TextLine id="r1l154" custom="readingOrder {index:153;}">
                <Coords points="374,2149 1307,2145 1305,2085 373,2112"/>
                <Baseline points="391,2149 435,2150 480,2149 525,2149 570,2148 615,2147 659,2147 704,2145 749,2144 794,2143 839,2141 883,2139 928,2138 973,2136 1018,2134 1063,2133 1107,2132 1152,2130 1197,2129 1242,2128 1287,2127"/>
                <TextEquiv>
                    <Unicode>das Wohl des französischen Staates entwickelte,</Unicode>
                </TextEquiv>
            </TextLine>
            <TextLine id="r1l155" custom="readingOrder {index:154;}">
                <Coords points="2232,2176 3120,2157 3168,2141 3167,2096 2230,2109"/>
                <Baseline points="2249,2158 2294,2157 2339,2156 2384,2155 2429,2154 2474,2153 2519,2152 2564,2152 2609,2151 2654,2150 2699,2149 2744,2149 2789,2148 2834,2147 2879,2146 2924,2145 2969,2143 3014,2142 3059,2140 3104,2139 3149,2137"/>
                <TextEquiv>
                    <Unicode>sie kommen zu spät und retten das Stück nicht</Unicode>
                </TextEquiv>
            </TextLine>
            <TextLine id="r1l156" custom="readingOrder {index:155;}">
                <Coords points="3161,2166 3180,2166 3198,2155 3224,2167 3280,2156 3358,2164 3359,2101 3340,2101 3322,2112 3296,2108 3281,2119 3255,2119 3240,2104 3199,2118 3180,2107 3162,2107"/>
                <Baseline points="3181,2151 3207,2150 3234,2149 3260,2149 3287,2150 3313,2151 3340,2152"/>
                <TextEquiv>
                    <Unicode>ich möch</Unicode>
                </TextEquiv>
            </TextLine>
            <TextLine id="r1l157" custom="readingOrder {index:156;}">
                <Coords points="1304,2171 2234,2166 2232,2103 2195,2092 1304,2141"/>
                <Baseline points="1324,2170 1368,2167 1412,2166 1457,2164 1501,2163 1546,2162 1590,2161 1635,2160 1679,2160 1724,2159 1768,2159 1812,2159 1857,2158 1901,2158 1946,2157 1990,2157 2035,2156 2079,2154 2124,2153 2168,2152 2213,2149"/>
                <TextEquiv>
                    <Unicode>I aber die sommerliche Ferienruhe und die darauf</Unicode>
                </TextEquiv>
            </TextLine>
            <TextLine id="r1l158" custom="readingOrder {index:157;}">
                <Coords points="376,2199 1197,2191 1316,2169 1315,2128 375,2162"/>
                <Baseline points="394,2196 439,2194 484,2193 529,2192 574,2191 619,2189 664,2188 709,2187 754,2186 799,2185 845,2184 890,2183 935,2182 980,2181 1025,2180 1070,2179 1115,2178 1160,2177 1205,2176 1250,2174 1296,2173"/>
                <TextEquiv>
                    <Unicode> begann in der alten Sorbonne ein neues gemein¬</Unicode>
                </TextEquiv>
            </TextLine>
            <TextLine id="r1l159" custom="readingOrder {index:158;}">
                <Coords points="2233,2205 3155,2193 3153,2141 3123,2138 2232,2175"/>
                <Baseline points="2251,2202 2295,2202 2339,2202 2383,2201 2428,2201 2472,2200 2516,2200 2561,2199 2605,2198 2649,2197 2694,2196 2738,2194 2782,2193 2826,2192 2871,2190 2915,2189 2959,2187 3004,2186 3048,2184 3092,2183 3137,2182"/>
                <TextEquiv>
                    <Unicode> mehr, dessen übrige Handlung in furchtbarer</Unicode>
                </TextEquiv>
            </TextLine>
            <TextLine id="r1l160" custom="readingOrder {index:159;}">
                <Coords points="3158,2205 3187,2209 3225,2201 3232,2209 3240,2201 3262,2201 3280,2209 3288,2202 3310,2202 3318,2209 3344,2191 3362,2191 3362,2154 3277,2157 3269,2164 3236,2134 3214,2157 3158,2149"/>
                <Baseline points="3177,2196 3205,2195 3233,2195 3261,2195 3289,2195 3317,2196 3345,2196"/>
                <TextEquiv>
                    <Unicode>Komödick</Unicode>
                </TextEquiv>
            </TextLine>
            <TextLine id="r1l161" custom="readingOrder {index:160;}">
                <Coords points="1311,2238 1493,2207 1560,2232 2232,2198 2231,2150 2201,2147 1310,2171"/>
                <Baseline points="1331,2217 1375,2215 1419,2214 1463,2212 1507,2211 1552,2210 1596,2209 1640,2208 1684,2207 1728,2206 1773,2206 1817,2205 1861,2204 1905,2203 1949,2202 1994,2201 2038,2200 2082,2199 2126,2197 2170,2196 2215,2194"/>
                <TextEquiv>
                    <Unicode>folgende Theaterkampagne die Gatten=Freunde</Unicode>
                </TextEquiv>
            </TextLine>
            <TextLine id="r1l162" custom="readingOrder {index:161;}">
                <Coords points="377,2256 1306,2237 1305,2182 1264,2179 376,2200"/>
                <Baseline points="397,2243 441,2243 486,2242 530,2242 575,2241 619,2240 664,2238 708,2237 753,2235 797,2234 842,2232 886,2230 931,2228 975,2227 1020,2225 1064,2223 1109,2222 1153,2221 1198,2220 1242,2219 1287,2219"/>
                <TextEquiv>
                    <Unicode>sames Wirken auf dem Wege der Erkenntnis</Unicode>
                </TextEquiv>
            </TextLine>
            <TextLine id="r1l163" custom="readingOrder {index:162;}">
                <Coords points="2238,2252 3126,2245 3163,2240 3163,2188 2237,2200"/>
                <Baseline points="2256,2246 2300,2246 2344,2245 2389,2245 2433,2244 2478,2243 2522,2243 2567,2242 2611,2241 2656,2240 2700,2240 2744,2239 2789,2238 2833,2237 2878,2236 2922,2236 2967,2235 3011,2234 3056,2233 3100,2233 3145,2232"/>
                <TextEquiv>
                    <Unicode>Breite dahin zieht. Der Dialog ist oft von reiz¬</Unicode>
                </TextEquiv>
            </TextLine>
            <TextLine id="r1l164" custom="readingOrder {index:163;}">
                <Coords points="3169,2253 3206,2249 3214,2257 3262,2257 3273,2249 3292,2257 3321,2242 3336,2253 3355,2254 3355,2198 3336,2198 3321,2209 3310,2201 3240,2201 3232,2208 3225,2201 3169,2205"/>
                <Baseline points="3186,2239 3211,2241 3236,2242 3262,2241 3287,2241 3312,2241 3338,2241"/>
                <TextEquiv>
                    <Unicode>Beifall</Unicode>
                </TextEquiv>
            </TextLine>
            <TextLine id="r1l165" custom="readingOrder {index:164;}">
                <Coords points="1319,2266 2233,2258 2236,2205 1518,2196 1318,2225"/>
                <Baseline points="1337,2261 1381,2260 1425,2259 1469,2258 1513,2257 1557,2256 1601,2256 1645,2255 1689,2254 1733,2254 1777,2253 1821,2253 1865,2252 1909,2251 1953,2251 1997,2250 2041,2249 2085,2247 2129,2246 2173,2245 2217,2243"/>
                <TextEquiv>
                    <Unicode>auseinander reißt, da beginnen sich die Fäden,</Unicode>
                </TextEquiv>
            </TextLine>
            <TextLine id="r1l166" custom="readingOrder {index:165;}">
                <Coords points="382,2307 494,2322 740,2313 780,2285 855,2309 906,2288 1047,2291 1045,2228 993,2222 381,2259"/>
                <Baseline points="401,2292 432,2291 463,2290 495,2289 526,2288 558,2287 589,2286 620,2285 652,2284 683,2283 715,2283 746,2281 777,2280 809,2279 840,2278 872,2277 903,2276 934,2274 966,2272 997,2270 1029,2268"/>
                <TextEquiv>
                    <Unicode>zum Wohl der ganzen Menschheit.</Unicode>
                </TextEquiv>
            </TextLine>
            <TextLine id="r1l167" custom="readingOrder {index:166;}">
                <Coords points="2236,2308 3169,2283 3168,2235 2235,2256"/>
                <Baseline points="2254,2297 2298,2294 2343,2292 2388,2291 2433,2290 2477,2289 2522,2288 2567,2287 2612,2287 2656,2287 2701,2286 2746,2286 2791,2285 2835,2285 2880,2284 2925,2282 2970,2281 3014,2279 3059,2276 3104,2273 3149,2269"/>
                <TextEquiv>
                    <Unicode>vollster Feinheit, die Hin= und Her=Reden über¬</Unicode>
                </TextEquiv>
            </TextLine>
            <TextLine id="r1l168" custom="readingOrder {index:167;}">
                <Coords points="3164,2289 3268,2305 3287,2286 3320,2304 3342,2284 3361,2284 3360,2239 3341,2240 3330,2251 3315,2244 3293,2256 3263,2242 3249,2257 3163,2245"/>
                <Baseline points="3183,2289 3209,2291 3236,2292 3263,2292 3289,2291 3316,2288 3343,2285"/>
                <TextEquiv>
                    <Unicode>tung hel</Unicode>
                </TextEquiv>
            </TextLine>
            <TextLine id="r1l169" custom="readingOrder {index:168;}">
                <Coords points="1328,2318 2201,2309 2231,2305 2230,2231 1327,2269"/>
                <Baseline points="1345,2305 1388,2304 1431,2303 1475,2302 1518,2302 1562,2301 1605,2300 1648,2299 1692,2298 1735,2298 1779,2297 1822,2296 1865,2295 1909,2294 1952,2294 1996,2293 2039,2292 2082,2291 2126,2291 2169,2290 2213,2289"/>
                <TextEquiv>
                    <Unicode>die sie so stark zu vereinigen schienen, bedenklich</Unicode>
                </TextEquiv>
            </TextLine>
            <TextLine id="r1l170" custom="readingOrder {index:169;}">
                <Coords points="901,2352 975,2355 997,2343 1046,2354 1146,2330 1176,2348 1209,2333 1276,2347 1275,2288 1097,2286 1063,2272 1019,2298 900,2296"/>
                <Baseline points="917,2328 943,2328 969,2327 995,2327 1021,2326 1047,2326 1073,2326 1100,2325 1126,2325 1152,2325 1178,2325 1204,2324 1230,2324 1257,2323"/>
                <TextEquiv>
                    <Unicode>Anne Jules Case.</Unicode>
                </TextEquiv>
            </TextLine>
            <TextLine id="r1l171" custom="readingOrder {index:170;}">
                <Coords points="2239,2362 3164,2326 3141,2278 2238,2298"/>
                <Baseline points="2256,2342 2300,2340 2345,2339 2389,2337 2434,2336 2478,2335 2523,2333 2567,2332 2612,2332 2656,2331 2701,2330 2745,2329 2790,2328 2834,2328 2879,2326 2923,2326 2968,2325 3012,2323 3057,2322 3101,2321 3146,2320"/>
                <TextEquiv>
                    <Unicode>raschen durch ihren hohen geistigen Gehalt, aber</Unicode>
                </TextEquiv>
            </TextLine>
            <TextLine id="r1l172" custom="readingOrder {index:171;}">
                <Coords points="3157,2359 3179,2354 3205,2368 3220,2367 3238,2351 3253,2351 3268,2365 3301,2348 3320,2362 3335,2350 3357,2353 3354,2290 3291,2289 3273,2301 3254,2302 3235,2292 3153,2289"/>
                <Baseline points="3176,2340 3203,2339 3230,2338 3257,2335 3284,2334 3311,2333 3338,2334"/>
                <TextEquiv>
                    <Unicode>schreiben</Unicode>
                </TextEquiv>
            </TextLine>
            <TextLine id="r1l173" custom="readingOrder {index:172;}">
                <Coords points="1314,2372 2243,2350 2242,2294 1313,2312"/>
                <Baseline points="1333,2356 1377,2354 1422,2352 1466,2350 1511,2349 1555,2347 1600,2346 1644,2345 1689,2344 1733,2343 1778,2342 1822,2341 1867,2340 1911,2340 1956,2339 2000,2339 2045,2339 2089,2338 2134,2338 2178,2338 2223,2338"/>
                <TextEquiv>
                    <Unicode>zu lockern, und ihr erstes Wiedersehen im ge¬</Unicode>
                </TextEquiv>
            </TextLine>
            <TextLine id="r1l174" custom="readingOrder {index:173;}">
                <Coords points="2234,2388 3059,2391 3170,2375 3170,2319 2233,2343"/>
                <Baseline points="2251,2385 2296,2384 2341,2382 2386,2381 2431,2380 2476,2379 2521,2379 2566,2379 2611,2379 2656,2379 2701,2379 2746,2378 2791,2378 2836,2378 2881,2377 2926,2376 2971,2375 3016,2373 3061,2372 3106,2369 3151,2366"/>
                <TextEquiv>
                    <Unicode>alles das entschädigt nicht für den Mangel an</Unicode>
                </TextEquiv>
            </TextLine>
            <TextLine id="r1l175" custom="readingOrder {index:174;}">
                <Coords points="1315,2403 2210,2395 2240,2384 2239,2339 1313,2336"/>
                <Baseline points="1333,2400 1377,2399 1421,2398 1466,2397 1510,2396 1555,2395 1599,2394 1643,2393 1688,2392 1732,2391 1777,2389 1821,2388 1865,2387 1910,2386 1954,2386 1999,2385 2043,2384 2087,2384 2132,2383 2176,2383 2221,2383"/>
                <TextEquiv>
                    <Unicode>meinsamen Heim zeigt unverkennbar den Riß,</Unicode>
                </TextEquiv>
            </TextLine>
            <TextLine id="r1l176" custom="readingOrder {index:175;}">
                <Coords points="2245,2438 2877,2450 3074,2443 3170,2407 3169,2363 2244,2390"/>
                <Baseline points="2265,2432 2309,2430 2353,2428 2397,2426 2442,2425 2486,2424 2530,2423 2575,2422 2619,2422 2663,2422 2708,2421 2752,2421 2796,2421 2840,2420 2885,2420 2929,2419 2973,2418 3018,2417 3062,2416 3106,2414 3151,2411"/>
                <TextEquiv>
                    <Unicode>szenischer Bewegungsfülle, an dramatischen Ge¬</Unicode>
                </TextEquiv>
            </TextLine>
            <TextLine id="r1l177" custom="readingOrder {index:176;}">
                <Coords points="1313,2453 2234,2434 2233,2390 2166,2384 1312,2405"/>
                <Baseline points="1333,2446 1377,2443 1421,2442 1465,2440 1509,2439 1554,2437 1598,2437 1642,2435 1686,2435 1730,2434 1775,2433 1819,2433 1863,2432 1907,2431 1951,2431 1996,2430 2040,2429 2084,2429 2128,2427 2172,2426 2217,2425"/>
                <TextEquiv>
                    <Unicode>den ihre Kameradschaft erlitten. Cäcilie, die sich</Unicode>
                </TextEquiv>
            </TextLine>
            <TextLine id="r1l178" custom="readingOrder {index:177;}">
                <Coords points="2237,2503 2263,2506 2318,2482 2355,2484 2378,2498 2407,2482 2485,2483 2483,2442 2450,2444 2427,2429 2420,2437 2383,2435 2372,2446 2364,2439 2346,2444 2334,2433 2283,2442 2234,2433"/>
                <Baseline points="2255,2479 2281,2477 2307,2475 2333,2473 2360,2472 2386,2471 2412,2471 2438,2471 2465,2472"/>
                <TextEquiv>
                    <Unicode>schehnissen.</Unicode>
                </TextEquiv>
            </TextLine>
            <TextLine id="r1l179" custom="readingOrder {index:178;}">
                <Coords points="1318,2497 2206,2490 2240,2486 2239,2430 1317,2445"/>
                <Baseline points="1335,2491 1379,2489 1423,2488 1468,2486 1512,2485 1556,2484 1601,2483 1645,2482 1689,2481 1734,2481 1778,2480 1822,2480 1867,2479 1911,2478 1955,2477 2000,2477 2044,2476 2088,2474 2133,2473 2177,2471 2222,2470"/>
                <TextEquiv>
                    <Unicode>inzwischen noch rein erhalten hat, sehnt sich nach</Unicode>
                </TextEquiv>
            </TextLine>
            <TextLine id="r1l180" custom="readingOrder {index:179;}">
                <Coords points="2270,2532 3043,2531 3166,2518 3165,2444 2805,2479 2626,2452 2270,2499"/>
                <Baseline points="2290,2527 2332,2526 2375,2526 2418,2526 2461,2526 2504,2525 2546,2525 2589,2525 2632,2524 2675,2523 2718,2523 2760,2522 2803,2522 2846,2521 2889,2520 2932,2519 2974,2518 3017,2516 3060,2515 3103,2514 3146,2512"/>
                <TextEquiv>
                    <Unicode>Die Inszenierung dieses Stückes ist ganz her¬</Unicode>
                </TextEquiv>
            </TextLine>
            <TextLine id="r1l181" custom="readingOrder {index:180;}">
                <Coords points="3166,2535 3196,2533 3228,2554 3254,2556 3289,2535 3307,2540 3321,2556 3358,2558 3366,2440 3328,2437 3314,2425 3262,2426 3243,2440 3173,2424"/>
                <Baseline points="3186,2523 3212,2522 3238,2523 3264,2524 3290,2527 3316,2529 3342,2531"/>
                <TextEquiv>
                    <Unicode>II. 7</Unicode>
                </TextEquiv>
            </TextLine>
            <TextLine id="r1l182" custom="readingOrder {index:181;}">
                <Coords points="1312,2551 2200,2521 2249,2543 2247,2476 1311,2492"/>
                <Baseline points="1329,2539 1376,2537 1423,2535 1470,2534 1518,2532 1565,2532 1612,2531 1660,2530 1707,2529 1754,2528 1802,2528 1849,2527 1896,2526 1944,2525 1991,2523 2038,2521 2086,2520 2133,2517 2180,2515 2228,2512"/>
                <TextEquiv>
                    <Unicode>schrankenloser, nicht klüglich abwägender Man¬</Unicode>
                </TextEquiv>
            </TextLine>
            <TextLine id="r1l183" custom="readingOrder {index:182;}">
                <Coords points="394,2558 1256,2546 1319,2530 1318,2471 1210,2432 942,2463 764,2443 735,2474 634,2438 601,2465 392,2461"/>
                <Baseline points="412,2537 456,2537 501,2536 545,2536 590,2535 634,2535 679,2534 723,2533 768,2532 812,2531 857,2530 901,2529 946,2528 990,2527 1035,2526 1079,2526 1124,2525 1168,2525 1213,2524 1257,2524 1302,2524"/>
                <TextEquiv>
                    <Unicode>deutsches Schauspielhaus.</Unicode>
                </TextEquiv>
            </TextLine>
            <TextLine id="r1l184" custom="readingOrder {index:183;}">
                <Coords points="2243,2591 3120,2572 3179,2545 3178,2493 2591,2541 2242,2521"/>
                <Baseline points="2261,2572 2308,2573 2355,2573 2402,2573 2450,2573 2497,2573 2544,2573 2592,2573 2639,2572 2686,2572 2734,2571 2781,2569 2828,2569 2876,2568 2923,2566 2970,2564 3018,2562 3065,2560 3112,2558 3160,2556"/>
                <TextEquiv>
                    <Unicode>vorragend schwer, gerade weil hier das Gewicht</Unicode>
                </TextEquiv>
            </TextLine>
            <TextLine id="r1l185" custom="readingOrder {index:184;}">
                <Coords points="1317,2590 2238,2576 2237,2524 1316,2549"/>
                <Baseline points="1335,2585 1379,2583 1423,2581 1467,2579 1512,2578 1556,2576 1600,2575 1645,2574 1689,2573 1733,2572 1778,2571 1822,2570 1866,2569 1910,2568 1955,2568 1999,2567 2043,2566 2088,2565 2132,2564 2176,2564 2221,2563"/>
                <TextEquiv>
                    <Unicode>nesliebe, und Amadeus ist — nun, da er sich</Unicode>
                </TextEquiv>
            </TextLine>
            <TextLine id="r1l186" custom="readingOrder {index:185;}">
                <Coords points="650,2619 683,2618 698,2633 750,2620 761,2631 873,2632 958,2615 1036,2628 1035,2565 1009,2569 967,2548 879,2573 838,2570 793,2545 760,2564 707,2547 682,2574 648,2571"/>
                <Baseline points="667,2619 692,2616 717,2613 742,2611 767,2609 792,2609 817,2608 843,2608 868,2608 893,2608 918,2608 943,2608 968,2607 993,2607 1019,2606"/>
                <TextEquiv>
                    <Unicode>Zwischenspiel.</Unicode>
                </TextEquiv>
            </TextLine>
            <TextLine id="r1l187" custom="readingOrder {index:186;}">
                <Coords points="2246,2629 3145,2616 3182,2608 3181,2541 2245,2580"/>
                <Baseline points="2263,2619 2308,2619 2353,2618 2398,2618 2443,2617 2488,2617 2533,2617 2578,2617 2623,2617 2668,2617 2713,2616 2758,2616 2803,2616 2848,2615 2893,2614 2938,2613 2983,2611 3028,2610 3073,2607 3118,2605 3163,2601"/>
                <TextEquiv>
                    <Unicode>auf dem Dialog ruht. In die dunkelsten Winkel</Unicode>
                </TextEquiv>
            </TextLine>
            <TextLine id="r1l188" custom="readingOrder {index:187;}">
                <Coords points="1309,2632 1351,2653 1443,2625 2238,2614 2211,2559 1308,2583"/>
                <Baseline points="1329,2628 1373,2627 1418,2626 1462,2624 1507,2623 1552,2622 1596,2621 1641,2620 1685,2619 1730,2618 1775,2617 1819,2616 1864,2615 1908,2615 1953,2613 1998,2612 2042,2612 2087,2610 2131,2609 2176,2608 2221,2607"/>
                <TextEquiv>
                    <Unicode> selber aller Rechte auf seine Ehefrau begeben hat</Unicode>
                </TextEquiv>
            </TextLine>
            <TextLine id="r1l189" custom="readingOrder {index:188;}">
                <Coords points="2238,2662 2959,2672 3145,2662 3174,2617 2237,2625"/>
                <Baseline points="2257,2664 2301,2663 2346,2663 2391,2662 2436,2661 2481,2661 2526,2661 2571,2661 2616,2660 2661,2660 2706,2660 2750,2660 2795,2659 2840,2659 2885,2658 2930,2657 2975,2656 3020,2655 3065,2653 3110,2651 3155,2649"/>
                <TextEquiv>
                    <Unicode>konversationeller Irrgänge ist Licht zu bringen;</Unicode>
                </TextEquiv>
            </TextLine>
            <TextLine id="r1l190" custom="readingOrder {index:189;}">
                <Coords points="1351,2681 2172,2678 2246,2643 2245,2610 2174,2604 1350,2644"/>
                <Baseline points="1368,2668 1411,2669 1454,2669 1497,2668 1540,2668 1583,2668 1626,2667 1669,2666 1712,2666 1755,2665 1798,2664 1841,2663 1884,2661 1927,2660 1970,2659 2013,2658 2056,2657 2099,2655 2142,2654 2185,2653 2228,2652"/>
                <TextEquiv>
                    <Unicode>— eifersüchtig auf seinen vermutlichen Nachfolger</Unicode>
                </TextEquiv>
            </TextLine>
            <TextLine id="r1l191" custom="readingOrder {index:190;}">
                <Coords points="415,2694 1277,2673 1276,2602 1127,2587 1005,2626 656,2633 532,2599 414,2620"/>
                <Baseline points="435,2672 476,2671 517,2671 558,2671 599,2670 640,2670 681,2670 722,2670 763,2669 804,2669 846,2668 887,2668 928,2667 969,2666 1010,2664 1051,2663 1092,2662 1133,2660 1174,2657 1215,2655 1257,2652"/>
                <TextEquiv>
                    <Unicode>Komödie in 3 Akten von Arthur Schnitzler.</Unicode>
                </TextEquiv>
            </TextLine>
            <TextLine id="r1l192" custom="readingOrder {index:191;}">
                <Coords points="2247,2721 3110,2707 3172,2687 3172,2653 2246,2669"/>
                <Baseline points="2267,2715 2311,2712 2355,2711 2400,2708 2444,2707 2489,2706 2533,2704 2577,2704 2622,2703 2666,2702 2711,2702 2755,2701 2799,2701 2844,2700 2888,2699 2933,2699 2977,2697 3021,2696 3066,2695 3110,2693 3155,2691"/>
                <TextEquiv>
                    <Unicode>je feiner und geistreicher die Sprache ist, um so</Unicode>
                </TextEquiv>
            </TextLine>
            <TextLine id="r1l193" custom="readingOrder {index:192;}">
                <Coords points="1315,2726 2240,2700 2239,2663 2198,2657 1314,2678"/>
                <Baseline points="1335,2719 1379,2718 1423,2717 1467,2716 1512,2715 1556,2714 1600,2713 1645,2712 1689,2711 1733,2710 1778,2709 1822,2708 1866,2707 1910,2705 1955,2705 1999,2703 2043,2702 2088,2701 2132,2700 2176,2699 2221,2697"/>
                <TextEquiv>
                    <Unicode>in ihrer Gunst. In dieser Stimmung gelingt es</Unicode>
                </TextEquiv>
            </TextLine>
            <TextLine id="r1l194" custom="readingOrder {index:193;}">
                <Coords points="419,2741 557,2764 901,2726 1318,2738 1316,2671 1275,2661 1179,2689 822,2675 418,2707"/>
                <Baseline points="437,2743 480,2743 523,2744 566,2744 609,2743 652,2743 695,2742 738,2741 781,2741 824,2739 868,2738 911,2737 954,2736 997,2735 1040,2733 1083,2731 1126,2730 1169,2729 1212,2727 1255,2726 1299,2725"/>
                <TextEquiv>
                    <Unicode>Ein seltsames Problem. Gibt es Freundschaft</Unicode>
                </TextEquiv>
            </TextLine>
            <TextLine id="r1l195" custom="readingOrder {index:194;}">
                <Coords points="2244,2769 2708,2742 2961,2767 3169,2733 3168,2692 2243,2709"/>
                <Baseline points="2264,2759 2308,2757 2352,2755 2396,2753 2441,2751 2485,2750 2529,2749 2574,2749 2618,2748 2662,2748 2707,2748 2751,2748 2795,2747 2839,2747 2884,2746 2928,2745 2972,2744 3017,2743 3061,2741 3105,2739 3150,2736"/>
                <TextEquiv>
                    <Unicode>mehr muß jedes Wort erwogen, geprüft nud</Unicode>
                </TextEquiv>
            </TextLine>
            <TextLine id="r1l196" custom="readingOrder {index:195;}">
                <Coords points="1317,2769 2102,2765 2242,2743 2241,2702 1316,2728"/>
                <Baseline points="1337,2768 1381,2766 1425,2765 1470,2763 1514,2761 1559,2760 1603,2758 1647,2757 1692,2756 1736,2754 1781,2753 1825,2752 1869,2751 1914,2750 1958,2749 2003,2748 2047,2746 2091,2745 2136,2744 2180,2743 2225,2742"/>
                <TextEquiv>
                    <Unicode>ihm, sie scheinbar für sich zurückzugewinnen, aber</Unicode>
                </TextEquiv>
            </TextLine>
            <TextLine id="r1l197" custom="readingOrder {index:196;}">
                <Coords points="396,2808 1310,2789 1309,2741 1279,2731 555,2763 395,2741"/>
                <Baseline points="413,2798 457,2796 501,2795 545,2793 589,2792 633,2791 677,2790 721,2789 765,2788 809,2787 853,2786 897,2786 941,2784 985,2784 1029,2782 1073,2781 1117,2780 1161,2779 1205,2777 1249,2776 1293,2773"/>
                <TextEquiv>
                    <Unicode>zwischen Mann und Weib?! Ist es aussichtsvoll,</Unicode>
                </TextEquiv>
            </TextLine>
            <TextLine id="r1l198" custom="readingOrder {index:197;}">
                <Coords points="2248,2814 3025,2780 3174,2815 3176,2722 2247,2766"/>
                <Baseline points="2267,2802 2311,2801 2356,2799 2400,2798 2445,2796 2489,2795 2534,2794 2578,2794 2623,2793 2667,2792 2712,2792 2756,2791 2801,2790 2845,2790 2890,2789 2934,2788 2979,2787 3023,2786 3068,2785 3112,2783 3157,2782"/>
                <TextEquiv>
                    <Unicode>zum Ganzen abgestimmt werden, und es bedarf</Unicode>
                </TextEquiv>
            </TextLine>
            <TextLine id="r1l199" custom="readingOrder {index:198;}">
                <Coords points="1319,2815 2215,2804 2244,2799 2243,2743 1318,2770"/>
                <Baseline points="1338,2813 1382,2811 1426,2809 1471,2806 1515,2805 1560,2803 1604,2803 1649,2801 1693,2800 1738,2799 1782,2799 1826,2798 1871,2797 1915,2796 1960,2795 2004,2794 2049,2793 2093,2792 2138,2791 2182,2789 2227,2787"/>
                <TextEquiv>
                    <Unicode>schon der nächste Morgen klärt ihn über seinen</Unicode>
                </TextEquiv>
            </TextLine>
            <TextLine id="r1l200" custom="readingOrder {index:199;}">
                <Coords points="391,2844 1290,2835 1323,2826 1321,2763 390,2811"/>
                <Baseline points="410,2844 454,2842 499,2841 543,2839 588,2838 633,2837 677,2836 722,2835 767,2834 811,2833 856,2832 901,2831 945,2830 990,2829 1035,2827 1079,2826 1124,2824 1169,2823 1213,2821 1258,2819 1303,2816"/>
                <TextEquiv>
                    <Unicode>darüber nachzudenken? Wäre der für einen</Unicode>
                </TextEquiv>
            </TextLine>
            <TextLine id="r1l201" custom="readingOrder {index:200;}">
                <Coords points="2242,2859 3167,2840 3166,2788 2241,2807"/>
                <Baseline points="2261,2847 2305,2845 2349,2844 2394,2842 2438,2841 2483,2840 2527,2840 2572,2839 2616,2838 2661,2838 2705,2837 2749,2837 2794,2836 2838,2835 2883,2834 2927,2833 2972,2832 3016,2830 3061,2828 3105,2826 3150,2824"/>
                <TextEquiv>
                    <Unicode>wohl keiner besonderen Versicherung, daß Herr</Unicode>
                </TextEquiv>
            </TextLine>
            <TextLine id="r1l202" custom="readingOrder {index:201;}">
                <Coords points="1322,2867 2210,2848 2245,2802 1320,2815"/>
                <Baseline points="1339,2861 1383,2858 1427,2856 1472,2854 1516,2853 1561,2851 1605,2850 1649,2848 1694,2847 1738,2846 1783,2845 1827,2844 1871,2843 1916,2842 1960,2841 2005,2839 2049,2838 2093,2836 2138,2834 2182,2832 2227,2830"/>
                <TextEquiv>
                    <Unicode>Irrtum auf: sie hat sich ihm nur aus Liebes¬</Unicode>
                </TextEquiv>
            </TextLine>
            <TextLine id="r1l203" custom="readingOrder {index:202;}">
                <Coords points="386,2899 1322,2871 1321,2826 1172,2819 385,2844"/>
                <Baseline points="403,2889 448,2888 493,2887 538,2886 583,2885 628,2883 673,2882 718,2880 763,2878 808,2877 853,2875 898,2873 943,2872 988,2870 1033,2869 1078,2868 1123,2867 1168,2866 1213,2865 1258,2865 1303,2865"/>
                <TextEquiv>
                    <Unicode>speziellen Fall erbrachte Beweis wirklich maß¬</Unicode>
                </TextEquiv>
            </TextLine>
            <TextLine id="r1l204" custom="readingOrder {index:203;}">
                <Coords points="2234,2891 2981,2894 3174,2875 3173,2827 2233,2850"/>
                <Baseline points="2251,2890 2296,2890 2341,2889 2386,2888 2431,2887 2477,2887 2522,2886 2567,2885 2612,2885 2657,2884 2703,2883 2748,2883 2793,2882 2838,2881 2883,2880 2929,2879 2974,2877 3019,2875 3064,2874 3109,2872 3155,2869"/>
                <TextEquiv>
                    <Unicode>Baron von Berger sich hierbei als Meister</Unicode>
                </TextEquiv>
            </TextLine>
            <TextLine id="r1l205" custom="readingOrder {index:204;}">
                <Coords points="1315,2908 2110,2886 2248,2912 2246,2830 1314,2863"/>
                <Baseline points="1335,2905 1379,2903 1424,2900 1469,2898 1513,2896 1558,2895 1603,2894 1647,2893 1692,2891 1737,2890 1782,2889 1826,2888 1871,2887 1916,2887 1960,2886 2005,2884 2050,2884 2094,2882 2139,2880 2184,2878 2229,2876"/>
                <TextEquiv>
                    <Unicode>hunger noch einmal ergeben, wie sie auch anderer</Unicode>
                </TextEquiv>
            </TextLine>
            <TextLine id="r1l206" custom="readingOrder {index:205;}">
                <Coords points="3208,2918 3294,2918 3301,2926 3338,2911 3349,2923 3368,2923 3368,2863 3331,2859 3320,2867 3298,2848 3283,2848 3261,2863 3246,2855 3238,2862 3227,2851 3209,2851"/>
                <Baseline points="3227,2905 3257,2905 3288,2905 3318,2906 3349,2905"/>
                <TextEquiv>
                    <Unicode>Bruckn</Unicode>
                </TextEquiv>
            </TextLine>
            <TextLine id="r1l207" custom="readingOrder {index:206;}">
                <Coords points="384,2944 959,2913 1179,2932 1316,2917 1315,2861 382,2892"/>
                <Baseline points="403,2938 447,2935 492,2933 537,2930 582,2928 626,2926 671,2925 716,2923 761,2922 805,2921 850,2920 895,2919 940,2918 984,2917 1029,2916 1074,2915 1119,2914 1163,2912 1208,2911 1253,2910 1298,2908"/>
                <TextEquiv>
                    <Unicode>gebend? Aber warum diese Erwägung, wenn</Unicode>
                </TextEquiv>
            </TextLine>
            <TextLine id="r1l208" custom="readingOrder {index:207;}">
                <Coords points="2245,2957 2404,2926 3174,2935 3172,2876 2243,2894"/>
                <Baseline points="2263,2941 2307,2939 2352,2938 2396,2936 2441,2935 2485,2934 2530,2933 2574,2932 2619,2931 2663,2930 2708,2929 2753,2928 2797,2927 2842,2926 2886,2925 2931,2923 2975,2922 3020,2920 3064,2918 3109,2915 3154,2913"/>
                <TextEquiv>
                    <Unicode>zeigte. Unter seiner seinsinnigen und zartsüh¬</Unicode>
                </TextEquiv>
            </TextLine>
            <TextLine id="r1l209" custom="readingOrder {index:208;}">
                <Coords points="1328,2955 2220,2934 2245,2893 1327,2906"/>
                <Baseline points="1347,2945 1390,2944 1434,2943 1478,2942 1522,2941 1566,2940 1610,2939 1654,2939 1698,2938 1742,2937 1786,2936 1829,2935 1873,2934 1917,2933 1961,2932 2005,2931 2049,2930 2093,2928 2137,2927 2181,2925 2225,2923"/>
                <TextEquiv>
                    <Unicode>Versuchung in diesem Augenblick vielleicht er¬</Unicode>
                </TextEquiv>
            </TextLine>
            <TextLine id="r1l210" custom="readingOrder {index:209;}">
                <Coords points="3165,2961 3184,2961 3217,2974 3232,2963 3254,2967 3262,2960 3284,2961 3295,2969 3310,2962 3318,2969 3344,2966 3345,2914 3323,2914 3312,2924 3300,2924 3293,2916 3282,2924 3271,2919 3256,2923 3197,2906 3167,2905"/>
                <Baseline points="3186,2955 3214,2953 3242,2952 3270,2953 3298,2955 3327,2960"/>
                <TextEquiv>
                    <Unicode>Franz I</Unicode>
                </TextEquiv>
            </TextLine>
            <TextLine id="r1l211" custom="readingOrder {index:210;}">
                <Coords points="389,2992 1325,2959 1323,2914 387,2936"/>
                <Baseline points="407,2980 452,2979 497,2977 542,2976 587,2975 632,2973 677,2973 722,2971 767,2970 812,2969 857,2968 902,2966 947,2965 992,2963 1037,2962 1082,2960 1127,2958 1172,2956 1217,2954 1262,2953 1307,2950"/>
                <TextEquiv>
                    <Unicode>eine Behandlung der Frage schon vorliegt wenn</Unicode>
                </TextEquiv>
            </TextLine>
            <TextLine id="r1l212" custom="readingOrder {index:211;}">
                <Coords points="2242,2984 3175,2980 3152,2917 2241,2925"/>
                <Baseline points="2259,2982 2303,2982 2348,2981 2393,2980 2438,2979 2483,2978 2527,2978 2572,2977 2617,2976 2662,2976 2707,2975 2751,2974 2796,2973 2841,2973 2886,2971 2931,2970 2975,2969 3020,2968 3065,2967 3110,2964 3155,2962"/>
                <TextEquiv>
                    <Unicode>lenden Regie wurde vortrefflich gespielt. Herr</Unicode>
                </TextEquiv>
            </TextLine>
            <TextLine id="r1l213" custom="readingOrder {index:212;}">
                <Coords points="1319,3009 2147,2995 2247,2970 2246,2925 1551,2959 1469,2931 1317,2942"/>
                <Baseline points="1335,2993 1379,2992 1424,2990 1468,2989 1513,2988 1558,2987 1602,2986 1647,2985 1691,2983 1736,2982 1781,2981 1825,2980 1870,2979 1914,2977 1959,2976 2004,2975 2048,2974 2093,2973 2137,2971 2182,2970 2227,2969"/>
                <TextEquiv>
                    <Unicode>legen wäre, und nun steht ihr die Notwendigkeit</Unicode>
                </TextEquiv>
            </TextLine>
            <TextLine id="r1l214" custom="readingOrder {index:213;}">
                <Coords points="3178,3016 3215,3017 3222,3009 3263,3007 3286,3020 3296,3008 3371,3003 3368,2966 3339,2972 3312,2962 3298,2971 3282,2961 3212,2961 3175,2971"/>
                <Baseline points="3196,3008 3221,3003 3247,3000 3273,2998 3299,2997 3325,2997 3351,2997"/>
                <TextEquiv>
                    <Unicode>gewöhnlig</Unicode>
                </TextEquiv>
            </TextLine>
            <TextLine id="r1l215" custom="readingOrder {index:214;}">
                <Coords points="384,3040 1235,3023 1327,2993 1325,2941 383,2988"/>
                <Baseline points="402,3028 447,3025 492,3024 537,3023 583,3021 628,3020 673,3018 718,3017 764,3015 809,3014 854,3012 899,3011 945,3010 990,3008 1035,3007 1080,3005 1126,3003 1171,3002 1216,3000 1261,2998 1307,2995"/>
                <TextEquiv>
                    <Unicode>es ein so geistvoller Mann wie Arthur Schnitz'er</Unicode>
                </TextEquiv>
            </TextLine>
            <TextLine id="r1l216" custom="readingOrder {index:215;}">
                <Coords points="2233,3027 3170,3020 3168,2960 2232,2990"/>
                <Baseline points="2253,3025 2297,3025 2342,3025 2387,3025 2432,3025 2477,3025 2522,3024 2567,3024 2612,3023 2657,3022 2702,3021 2746,3021 2791,3019 2836,3018 2881,3017 2926,3016 2971,3014 3016,3013 3061,3011 3106,3010 3151,3008"/>
                <TextEquiv>
                    <Unicode> Wagner war so sympathisch wie es der wenig</Unicode>
                </TextEquiv>
            </TextLine>
            <TextLine id="r1l217" custom="readingOrder {index:216;}">
                <Coords points="1324,3056 1469,3059 1528,3028 1803,3043 1843,3015 1892,3044 1947,3016 2204,3028 2245,3015 2244,2982 1322,2993"/>
                <Baseline points="1341,3042 1385,3039 1429,3037 1473,3036 1518,3034 1562,3033 1606,3032 1651,3031 1695,3030 1739,3029 1784,3028 1828,3027 1872,3026 1916,3025 1961,3024 2005,3023 2049,3021 2094,3019 2138,3017 2182,3015 2227,3012"/>
                <TextEquiv>
                    <Unicode>gänzlicher Trennung erst recht klar vor der</Unicode>
                </TextEquiv>
            </TextLine>
            <TextLine id="r1l218" custom="readingOrder {index:217;}">
                <Coords points="3171,3049 3215,3059 3264,3058 3282,3043 3305,3065 3342,3053 3357,3063 3375,3063 3374,3007 3303,3005 3281,3013 3255,3006 3211,3019 3170,3020"/>
                <Baseline points="3190,3048 3218,3046 3246,3045 3274,3045 3302,3045 3330,3044 3358,3042"/>
                <TextEquiv>
                    <Unicode>linie füh</Unicode>
                </TextEquiv>
            </TextLine>
            <TextLine id="r1l219" custom="readingOrder {index:218;}">
                <Coords points="391,3084 1275,3060 1323,3051 1322,2999 389,3032"/>
                <Baseline points="409,3072 453,3071 498,3070 543,3069 587,3068 632,3067 677,3065 721,3064 766,3063 811,3061 856,3059 900,3058 945,3056 990,3054 1034,3052 1079,3051 1124,3049 1168,3047 1213,3045 1258,3043 1303,3041"/>
                <TextEquiv>
                    <Unicode>unternommen hat, eine Handlung darauf zu er¬</Unicode>
                </TextEquiv>
            </TextLine>
            <TextLine id="r1l220" custom="readingOrder {index:219;}">
                <Coords points="2234,3072 3048,3078 3174,3053 3173,3005 2746,3040 2233,3028"/>
                <Baseline points="2253,3075 2298,3074 2343,3073 2388,3072 2433,3071 2479,3071 2524,3070 2569,3069 2614,3069 2659,3068 2705,3067 2750,3066 2795,3066 2840,3065 2885,3063 2931,3062 2976,3061 3021,3060 3066,3058 3111,3056 3157,3054"/>
                <TextEquiv>
                    <Unicode>anziehende Charakter des recht zerfahrenen und</Unicode>
                </TextEquiv>
            </TextLine>
            <TextLine id="r1l221" custom="readingOrder {index:220;}">
                <Coords points="1330,3086 2126,3083 2244,3069 2243,3017 1329,3049"/>
                <Baseline points="1350,3083 1393,3082 1437,3080 1481,3079 1525,3078 1569,3077 1613,3076 1656,3075 1700,3075 1744,3073 1788,3072 1832,3071 1876,3070 1920,3069 1963,3067 2007,3066 2051,3064 2095,3063 2139,3061 2183,3059 2227,3057"/>
                <TextEquiv>
                    <Unicode>Seele. Das Zwischenspiel ist aus, und das Le¬</Unicode>
                </TextEquiv>
            </TextLine>
            <TextLine id="r1l222" custom="readingOrder {index:221;}">
                <Coords points="3173,3109 3250,3101 3261,3093 3273,3100 3306,3095 3329,3105 3343,3100 3370,3107 3370,3051 3307,3050 3296,3058 3281,3044 3263,3060 3244,3053 3215,3062 3207,3055 3170,3061"/>
                <Baseline points="3189,3099 3216,3095 3244,3092 3272,3091 3299,3090 3327,3090 3355,3089"/>
                <TextEquiv>
                    <Unicode>zur ideal</Unicode>
                </TextEquiv>
            </TextLine>
            <TextLine id="r1l223" custom="readingOrder {index:222;}">
                <Coords points="388,3131 1320,3101 1319,3049 387,3079"/>
                <Baseline points="407,3117 451,3115 496,3114 541,3113 586,3111 631,3110 675,3109 720,3107 765,3107 810,3106 855,3104 899,3103 944,3102 989,3101 1034,3100 1079,3098 1123,3097 1168,3096 1213,3094 1258,3092 1303,3090"/>
                <TextEquiv>
                    <Unicode>bauen. Der Referent braucht sich ja nicht den</Unicode>
                </TextEquiv>
            </TextLine>
            <TextLine id="r1l224" custom="readingOrder {index:223;}">
                <Coords points="2242,3126 3171,3109 3148,3058 2241,3077"/>
                <Baseline points="2262,3122 2306,3121 2350,3120 2395,3118 2439,3117 2484,3116 2528,3115 2573,3115 2617,3114 2662,3113 2706,3113 2750,3112 2795,3111 2839,3110 2884,3109 2928,3109 2973,3107 3017,3106 3062,3103 3106,3102 3151,3099"/>
                <TextEquiv>
                    <Unicode>wenig selbstsicheren Amadeus nur zuläßt. Viel</Unicode>
                </TextEquiv>
            </TextLine>
            <TextLine id="r1l225" custom="readingOrder {index:224;}">
                <Coords points="1317,3135 2235,3113 2233,3061 1316,3087"/>
                <Baseline points="1337,3128 1381,3128 1425,3127 1469,3126 1513,3126 1557,3125 1601,3123 1645,3122 1689,3121 1733,3120 1777,3119 1821,3118 1865,3116 1909,3115 1953,3113 1997,3112 2041,3111 2085,3109 2129,3108 2173,3106 2217,3105"/>
                <TextEquiv>
                    <Unicode>bensdramg nimmt seinen Fortgang. Sie gehen</Unicode>
                </TextEquiv>
            </TextLine>
            <TextLine id="r1l226" custom="readingOrder {index:225;}">
                <Coords points="3170,3158 3193,3157 3204,3145 3241,3144 3256,3151 3263,3143 3293,3154 3326,3141 3367,3147 3366,3103 3261,3095 3217,3104 3209,3097 3168,3095"/>
                <Baseline points="3189,3141 3215,3139 3242,3139 3269,3138 3295,3137 3322,3136 3349,3135"/>
                <TextEquiv>
                    <Unicode>mit ihren</Unicode>
                </TextEquiv>
            </TextLine>
            <TextLine id="r1l227" custom="readingOrder {index:226;}">
                <Coords points="396,3171 1325,3150 1323,3087 395,3126"/>
                <Baseline points="415,3163 459,3162 504,3160 548,3159 593,3158 637,3156 682,3155 726,3154 771,3153 815,3151 860,3150 904,3149 949,3147 993,3146 1038,3145 1082,3143 1127,3142 1171,3141 1216,3139 1260,3137 1305,3136"/>
                <TextEquiv>
                    <Unicode>Kopf des Dichters zu zerbrechen, sondern hat es</Unicode>
                </TextEquiv>
            </TextLine>
            <TextLine id="r1l228" custom="readingOrder {index:227;}">
                <Coords points="2248,3172 3181,3165 3179,3094 2247,3124"/>
                <Baseline points="2265,3167 2309,3166 2354,3166 2399,3165 2444,3165 2489,3164 2534,3163 2579,3163 2624,3162 2669,3161 2714,3160 2758,3158 2803,3158 2848,3156 2893,3154 2938,3153 2983,3150 3028,3148 3073,3146 3118,3143 3163,3140"/>
                <TextEquiv>
                    <Unicode>feste Männlichkeit läßt sich dem schwächlichen</Unicode>
                </TextEquiv>
            </TextLine>
            <TextLine id="r1l229" custom="readingOrder {index:228;}">
                <Coords points="1323,3186 2244,3166 2243,3114 1322,3134"/>
                <Baseline points="1341,3174 1385,3172 1429,3172 1473,3171 1517,3170 1562,3169 1606,3168 1650,3167 1694,3167 1738,3166 1783,3165 1827,3164 1871,3163 1915,3162 1959,3160 2004,3159 2048,3157 2092,3155 2136,3153 2180,3152 2225,3149"/>
                <TextEquiv>
                    <Unicode>auseinander, mit blutendem Herzen zwar, aber</Unicode>
                </TextEquiv>
            </TextLine>
            <TextLine id="r1l230" custom="readingOrder {index:229;}">
                <Coords points="3177,3205 3222,3202 3232,3190 3269,3188 3288,3198 3333,3195 3343,3183 3369,3185 3367,3151 3349,3153 3337,3142 3300,3152 3288,3142 3255,3140 3173,3150"/>
                <Baseline points="3194,3192 3220,3187 3246,3184 3272,3182 3298,3181 3324,3180 3351,3181"/>
                <TextEquiv>
                    <Unicode>Himmel</Unicode>
                </TextEquiv>
            </TextLine>
            <TextLine id="r1l231" custom="readingOrder {index:230;}">
                <Coords points="385,3212 1199,3205 1332,3186 1331,3142 383,3163"/>
                <Baseline points="405,3209 450,3208 496,3206 541,3205 587,3203 632,3202 678,3200 723,3199 769,3198 814,3197 860,3195 905,3195 951,3193 996,3192 1042,3190 1087,3189 1133,3187 1178,3186 1224,3184 1269,3181 1315,3179"/>
                <TextEquiv>
                    <Unicode>mit der Erörterung des fertigen Dramas zu</Unicode>
                </TextEquiv>
            </TextLine>
            <TextLine id="r1l232" custom="readingOrder {index:231;}">
                <Coords points="2251,3223 3169,3199 3168,3151 3041,3142 2250,3174"/>
                <Baseline points="2269,3211 2313,3210 2357,3209 2401,3209 2445,3208 2489,3208 2533,3207 2577,3206 2621,3205 2665,3205 2710,3204 2754,3203 2798,3202 2842,3201 2886,3199 2930,3198 2974,3197 3018,3196 3062,3194 3106,3193 3151,3191"/>
                <TextEquiv>
                    <Unicode>Menichen nicht einhauchen, aber er erschien doch</Unicode>
                </TextEquiv>
            </TextLine>
            <TextLine id="r1l233" custom="readingOrder {index:232;}">
                <Coords points="1332,3238 2045,3206 2097,3228 2205,3203 2204,3155 1331,3190"/>
                <Baseline points="1349,3217 1390,3216 1432,3215 1474,3214 1516,3213 1558,3212 1600,3212 1642,3212 1684,3211 1726,3211 1768,3211 1809,3210 1851,3210 1893,3209 1935,3208 1977,3207 2019,3206 2061,3204 2103,3202 2145,3199 2187,3196"/>
                <TextEquiv>
                    <Unicode>machtlos, den tragischen Ausgang zu ändern.</Unicode>
                </TextEquiv>
            </TextLine>
            <TextLine id="r1l234" custom="readingOrder {index:233;}">
                <Coords points="3168,3248 3190,3243 3198,3250 3235,3247 3261,3234 3272,3241 3294,3236 3317,3245 3331,3233 3353,3232 3351,3191 3231,3188 3219,3178 3198,3198 3190,3191 3184,3199 3165,3200"/>
                <Baseline points="3185,3239 3210,3234 3235,3231 3260,3229 3285,3228 3310,3228 3335,3227"/>
                <TextEquiv>
                    <Unicode>zeichnet</Unicode>
                </TextEquiv>
            </TextLine>
            <TextLine id="r1l235" custom="readingOrder {index:234;}">
                <Coords points="395,3262 1327,3223 1326,3182 1277,3180 394,3214"/>
                <Baseline points="412,3256 456,3254 501,3253 546,3252 591,3250 636,3249 681,3247 725,3246 770,3245 815,3244 860,3242 905,3241 950,3239 995,3238 1039,3236 1084,3234 1129,3232 1174,3230 1219,3228 1264,3226 1309,3223"/>
                <TextEquiv>
                    <Unicode>tun. Und dieses Drama, das eigentlich mehr</Unicode>
                </TextEquiv>
            </TextLine>
            <TextLine id="r1l236" custom="readingOrder {index:235;}">
                <Coords points="2257,3263 2789,3270 3171,3239 3170,3194 2256,3214"/>
                <Baseline points="2275,3256 2318,3255 2362,3255 2406,3254 2450,3254 2494,3254 2538,3253 2582,3253 2626,3252 2670,3252 2714,3251 2757,3250 2801,3249 2845,3248 2889,3247 2933,3245 2977,3244 3021,3241 3065,3239 3109,3237 3153,3234"/>
                <TextEquiv>
                    <Unicode>in dieser Darstellung erträglich und allenfalls</Unicode>
                </TextEquiv>
            </TextLine>
            <TextLine id="r1l237" custom="readingOrder {index:236;}">
                <Coords points="1362,3276 2247,3264 2245,3193 2105,3230 2041,3206 1361,3228"/>
                <Baseline points="1379,3272 1421,3271 1464,3271 1506,3271 1549,3270 1591,3269 1634,3268 1676,3267 1719,3266 1761,3265 1804,3264 1846,3263 1889,3262 1931,3260 1974,3259 2016,3257 2059,3256 2101,3255 2144,3253 2186,3251 2229,3250"/>
                <TextEquiv>
                    <Unicode>Ich halte es, wie schon gesagt, für völlig</Unicode>
                </TextEquiv>
            </TextLine>
            <TextLine id="r1l238" custom="readingOrder {index:237;}">
                <Coords points="3170,3292 3192,3294 3206,3282 3229,3289 3254,3276 3262,3283 3351,3282 3349,3233 3319,3235 3312,3243 3297,3236 3271,3242 3248,3235 3222,3237 3204,3249 3167,3247"/>
                <Baseline points="3186,3280 3215,3278 3244,3276 3274,3274 3303,3272 3333,3273"/>
                <TextEquiv>
                    <Unicode>in den</Unicode>
                </TextEquiv>
            </TextLine>
            <TextLine id="r1l239" custom="readingOrder {index:238;}">
                <Coords points="389,3315 1295,3289 1328,3280 1326,3224 387,3267"/>
                <Baseline points="405,3302 450,3301 495,3299 540,3298 586,3296 631,3294 676,3292 722,3291 767,3289 812,3287 858,3285 903,3284 948,3282 993,3281 1039,3280 1084,3279 1129,3277 1175,3276 1220,3275 1265,3275 1311,3274"/>
                <TextEquiv>
                    <Unicode>eine dialogisierte, psychologische Abhandlung ist,</Unicode>
                </TextEquiv>
            </TextLine>
            <TextLine id="r1l240" custom="readingOrder {index:239;}">
                <Coords points="2245,3314 3174,3289 3173,3237 2244,3254"/>
                <Baseline points="2265,3301 2309,3302 2354,3302 2398,3302 2443,3302 2488,3301 2532,3301 2577,3300 2621,3299 2666,3298 2711,3297 2755,3296 2800,3294 2844,3293 2889,3291 2934,3290 2978,3289 3023,3288 3067,3286 3112,3285 3157,3284"/>
                <TextEquiv>
                    <Unicode>begreiflich, was schon sehr viel Verdienst des</Unicode>
                </TextEquiv>
            </TextLine>
            <TextLine id="r1l241" custom="readingOrder {index:240;}">
                <Coords points="1315,3323 2192,3312 2252,3303 2251,3262 1894,3275 1789,3248 1690,3280 1314,3290"/>
                <Baseline points="1335,3321 1379,3320 1424,3317 1469,3316 1514,3315 1559,3314 1604,3312 1649,3312 1694,3311 1739,3310 1784,3309 1828,3309 1873,3308 1918,3307 1963,3306 2008,3305 2053,3303 2098,3301 2143,3299 2188,3296 2233,3293"/>
                <TextEquiv>
                    <Unicode> aussichtslos, über das angeschlagene Thema nach¬</Unicode>
                </TextEquiv>
            </TextLine>
            <TextLine id="r1l242" custom="readingOrder {index:241;}">
                <Coords points="3175,3328 3219,3330 3227,3338 3245,3329 3261,3340 3297,3327 3320,3334 3327,3326 3346,3326 3361,3336 3383,3335 3381,3280 3273,3284 3247,3277 3233,3293 3210,3282 3192,3294 3173,3295"/>
                <Baseline points="3193,3325 3221,3324 3250,3323 3279,3323 3307,3322 3336,3320 3365,3317"/>
                <TextEquiv>
                    <Unicode>tragischen</Unicode>
                </TextEquiv>
            </TextLine>
            <TextLine id="r1l243" custom="readingOrder {index:242;}">
                <Coords points="383,3337 1323,3336 1321,3262 381,3300"/>
                <Baseline points="403,3345 448,3344 493,3344 538,3343 583,3342 628,3341 673,3340 718,3339 763,3337 808,3336 853,3334 898,3333 943,3331 988,3329 1033,3327 1078,3325 1123,3324 1168,3322 1213,3320 1258,3318 1303,3316"/>
                <TextEquiv>
                    <Unicode>verneint mit Entschiedenheit die Möglichkeit der</Unicode>
                </TextEquiv>
            </TextLine>
            <TextLine id="r1l244" custom="readingOrder {index:243;}">
                <Coords points="2256,3360 3177,3331 3150,3287 2255,3308"/>
                <Baseline points="2273,3349 2317,3348 2361,3348 2406,3347 2450,3347 2494,3346 2539,3346 2583,3345 2627,3344 2672,3344 2716,3343 2760,3342 2805,3341 2849,3340 2893,3339 2938,3337 2982,3335 3026,3333 3071,3331 3115,3329 3160,3326"/>
                <TextEquiv>
                    <Unicode>Künstlers in sich schließt. Fräulein Hönigs¬</Unicode>
                </TextEquiv>
            </TextLine>
            <TextLine id="r1l245" custom="readingOrder {index:244;}">
                <Coords points="1335,3377 2249,3342 2247,3294 1334,3332"/>
                <Baseline points="1353,3365 1396,3364 1440,3363 1484,3362 1528,3361 1572,3360 1615,3359 1659,3358 1703,3357 1747,3356 1791,3355 1834,3354 1878,3353 1922,3351 1966,3350 2010,3348 2053,3347 2097,3344 2141,3342 2185,3339 2229,3336"/>
                <TextEquiv>
                    <Unicode>zugrübeln. Es wird stets ein krasser Ausnahme¬</Unicode>
                </TextEquiv>
            </TextLine>
            <TextLine id="r1l246" custom="readingOrder {index:245;}">
                <Coords points="3173,3373 3248,3380 3273,3367 3296,3380 3329,3375 3345,3381 3355,3369 3377,3368 3375,3327 3326,3326 3316,3335 3296,3321 3270,3322 3215,3337 3192,3327 3170,3328"/>
                <Baseline points="3193,3373 3220,3371 3247,3370 3275,3368 3302,3366 3329,3365 3357,3363"/>
                <TextEquiv>
                    <Unicode>nen Bild</Unicode>
                </TextEquiv>
            </TextLine>
            <TextLine id="r1l247" custom="readingOrder {index:246;}">
                <Coords points="395,3399 663,3414 1123,3372 1205,3396 1331,3366 1330,3329 393,3347"/>
                <Baseline points="413,3391 457,3389 502,3387 547,3385 592,3383 637,3382 682,3381 727,3380 772,3380 817,3379 862,3378 906,3377 951,3376 996,3375 1041,3374 1086,3373 1131,3371 1176,3370 1221,3367 1266,3365 1311,3362"/>
                <TextEquiv>
                    <Unicode>Ausschaltung aller zärtlicheren Regungen zwischen</Unicode>
                </TextEquiv>
            </TextLine>
            <TextLine id="r1l248" custom="readingOrder {index:247;}">
                <Coords points="2260,3404 3156,3395 3177,3328 2259,3355"/>
                <Baseline points="2278,3394 2322,3393 2366,3393 2410,3393 2454,3392 2498,3391 2542,3391 2587,3390 2631,3390 2675,3389 2719,3388 2763,3387 2807,3386 2851,3385 2896,3384 2940,3382 2984,3381 3028,3379 3072,3377 3116,3376 3161,3373"/>
                <TextEquiv>
                    <Unicode>vald gab die Cäcilie, die in jeder Hinsicht im</Unicode>
                </TextEquiv>
            </TextLine>
            <TextLine id="r1l249" custom="readingOrder {index:248;}">
                <Coords points="1330,3417 2256,3412 2253,3323 2224,3320 1961,3365 1329,3354"/>
                <Baseline points="1347,3410 1391,3409 1435,3409 1480,3408 1524,3407 1569,3407 1613,3406 1657,3405 1702,3404 1746,3403 1791,3402 1835,3401 1879,3399 1924,3398 1968,3396 2013,3394 2057,3392 2101,3390 2146,3387 2190,3384 2235,3381"/>
                <TextEquiv>
                    <Unicode>fall bleiben, und dann wird die Seeienreinheit</Unicode>
                </TextEquiv>
            </TextLine>
            <TextLine id="r1l250" custom="readingOrder {index:249;}">
                <Coords points="3175,3425 3216,3427 3234,3419 3272,3432 3287,3420 3379,3417 3377,3369 3314,3371 3285,3380 3270,3365 3240,3366 3222,3375 3173,3373"/>
                <Baseline points="3195,3415 3222,3414 3250,3413 3278,3412 3306,3411 3334,3410 3362,3408"/>
                <TextEquiv>
                    <Unicode>trockene</Unicode>
                </TextEquiv>
            </TextLine>
            <TextLine id="r1l251" custom="readingOrder {index:250;}">
                <Coords points="406,3443 1324,3429 1323,3369 405,3398"/>
                <Baseline points="424,3434 468,3433 512,3431 556,3430 600,3429 644,3428 688,3426 732,3426 776,3425 820,3424 865,3422 909,3421 953,3420 997,3419 1041,3418 1085,3416 1129,3415 1173,3414 1217,3412 1261,3410 1306,3409"/>
                <TextEquiv>
                    <Unicode>Angehörigen verschiedener Geschlechter, die</Unicode>
                </TextEquiv>
            </TextLine>
            <TextLine id="r1l252" custom="readingOrder {index:251;}">
                <Coords points="2259,3453 3173,3435 3171,3379 2257,3390"/>
                <Baseline points="2278,3439 2321,3439 2365,3439 2409,3438 2453,3438 2496,3438 2540,3437 2584,3436 2628,3435 2671,3434 2715,3433 2759,3433 2803,3431 2846,3430 2890,3429 2934,3427 2978,3426 3021,3424 3065,3422 3109,3421 3153,3419"/>
                <TextEquiv>
                    <Unicode>Stück besser davongekommen ist als der Mann,</Unicode>
                </TextEquiv>
            </TextLine>
            <TextLine id="r1l253" custom="readingOrder {index:252;}">
                <Coords points="1335,3464 2160,3457 2245,3444 2244,3392 1594,3412 1567,3390 1334,3420"/>
                <Baseline points="1354,3456 1397,3454 1441,3454 1484,3452 1528,3451 1571,3450 1615,3449 1658,3448 1702,3446 1745,3445 1789,3444 1833,3442 1876,3441 1920,3439 1963,3438 2007,3436 2050,3435 2094,3433 2137,3432 2181,3430 2225,3429"/>
                <TextEquiv>
                    <Unicode>und Geistesklarheit der beteiligten Personen ent.</Unicode>
                </TextEquiv>
            </TextLine>
            <TextLine id="r1l254" custom="readingOrder {index:253;}">
                <Coords points="3186,3472 3227,3474 3267,3461 3301,3471 3342,3462 3350,3469 3383,3468 3381,3416 3299,3415 3291,3408 3284,3416 3184,3427"/>
                <Baseline points="3205,3461 3231,3462 3258,3462 3285,3460 3311,3458 3338,3457 3365,3457"/>
                <TextEquiv>
                    <Unicode>und die </Unicode>
                </TextEquiv>
            </TextLine>
            <TextLine id="r1l255" custom="readingOrder {index:254;}">
                <Coords points="407,3498 1325,3461 1323,3409 406,3442"/>
                <Baseline points="424,3484 468,3481 512,3479 556,3477 600,3476 644,3475 688,3474 733,3473 777,3472 821,3472 865,3471 909,3470 953,3470 997,3469 1042,3467 1086,3466 1130,3464 1174,3462 1218,3458 1262,3455 1307,3451"/>
                <TextEquiv>
                    <Unicode>seelische Übereinstimmung eng verbindet. Ver¬</Unicode>
                </TextEquiv>
            </TextLine>
            <TextLine id="r1l256" custom="readingOrder {index:255;}">
                <Coords points="2248,3500 2612,3495 2649,3471 3080,3491 3176,3466 3176,3440 2246,3444"/>
                <Baseline points="2266,3488 2310,3487 2355,3486 2399,3485 2444,3484 2489,3483 2533,3482 2578,3481 2622,3481 2667,3479 2712,3479 2756,3477 2801,3477 2845,3475 2890,3474 2935,3473 2979,3471 3024,3470 3068,3469 3113,3467 3158,3466"/>
                <TextEquiv>
                    <Unicode>mit eindrucksvollster Kraft und Wärme. Ihre</Unicode>
                </TextEquiv>
            </TextLine>
            <TextLine id="r1l257" custom="readingOrder {index:256;}">
                <Coords points="1339,3516 1918,3488 2131,3508 2256,3474 2255,3437 1337,3460"/>
                <Baseline points="1357,3505 1403,3503 1449,3501 1495,3499 1542,3497 1588,3496 1634,3495 1680,3493 1727,3492 1773,3491 1819,3490 1865,3489 1912,3488 1958,3487 2004,3485 2050,3484 2097,3482 2143,3481 2189,3479 2236,3477"/>
                <TextEquiv>
                    <Unicode>scheiden, wie weit sie in ihrer Freundschaft zu¬</Unicode>
                </TextEquiv>
            </TextLine>
            <TextLine id="r1l258" custom="readingOrder {index:257;}">
                <Coords points="3179,3521 3208,3520 3223,3511 3268,3517 3286,3508 3324,3518 3349,3505 3386,3503 3384,3466 3355,3468 3328,3450 3321,3458 3302,3455 3287,3464 3269,3461 3217,3475 3202,3468 3195,3476 3176,3477"/>
                <Baseline points="3197,3509 3225,3508 3253,3508 3281,3507 3309,3505 3337,3503 3366,3500"/>
                <TextEquiv>
                    <Unicode>verkümmch</Unicode>
                </TextEquiv>
            </TextLine>
            <TextLine id="r1l259" custom="readingOrder {index:258;}">
                <Coords points="401,3534 951,3511 1089,3532 1337,3494 1335,3445 400,3489"/>
                <Baseline points="418,3529 463,3528 508,3527 553,3526 598,3525 643,3523 688,3522 733,3521 778,3519 823,3517 868,3516 913,3514 958,3512 1003,3510 1048,3509 1093,3507 1138,3506 1183,3504 1228,3502 1273,3501 1319,3499"/>
                <TextEquiv>
                    <Unicode>neint, ohne etwa von der Allgemeingültigkeit der</Unicode>
                </TextEquiv>
            </TextLine>
            <TextLine id="r1l260" custom="readingOrder {index:259;}">
                <Coords points="2242,3538 3070,3530 3174,3512 3173,3479 2240,3497"/>
                <Baseline points="2261,3534 2305,3533 2350,3533 2395,3532 2440,3532 2485,3531 2529,3529 2574,3528 2619,3527 2664,3526 2709,3525 2753,3523 2798,3522 2843,3520 2888,3519 2933,3517 2977,3516 3022,3515 3067,3514 3112,3512 3157,3511"/>
                <TextEquiv>
                    <Unicode>explosive Rede am Schlusse war eine vorzügliche</Unicode>
                </TextEquiv>
            </TextLine>
            <TextLine id="r1l261" custom="readingOrder {index:260;}">
                <Coords points="1320,3564 2163,3546 2252,3536 2251,3488 1318,3508"/>
                <Baseline points="1339,3548 1383,3548 1428,3547 1473,3547 1518,3546 1562,3545 1607,3544 1652,3543 1697,3542 1741,3540 1786,3539 1831,3537 1876,3536 1920,3535 1965,3534 2010,3532 2055,3531 2099,3530 2144,3529 2189,3528 2234,3527"/>
                <TextEquiv>
                    <Unicode>einander aufgehen. Dabei ist nicht zu übersehen,</Unicode>
                </TextEquiv>
            </TextLine>
            <TextLine id="r1l262" custom="readingOrder {index:261;}">
                <Coords points="398,3580 1085,3552 1190,3575 1334,3545 1332,3493 397,3532"/>
                <Baseline points="416,3571 461,3571 506,3571 551,3571 596,3570 641,3570 686,3569 731,3568 776,3567 821,3566 866,3565 911,3563 956,3561 1001,3559 1046,3558 1091,3556 1136,3554 1181,3552 1226,3551 1271,3548 1316,3546"/>
                <TextEquiv>
                    <Unicode>Behauptung überzeugen zu können. Ein bedeu¬</Unicode>
                </TextEquiv>
            </TextLine>
            <TextLine id="r1l263" custom="readingOrder {index:262;}">
                <Coords points="378,3650 3117,3595 3386,3504 376,3553"/>
                <Baseline points="397,3628 545,3621 694,3615 842,3609 991,3605 1140,3600 1288,3597 1437,3594 1585,3591 1734,3588 1883,3586 2031,3583 2180,3581 2328,3579 2477,3576 2626,3574 2774,3571 2923,3567 3071,3564 3220,3559 3369,3555"/>
                <TextEquiv>
                    <Unicode>tender Mann, Komponist seines Zeichens, Ama=] daß Gefühlskälte im Punkte der Liebe nicht für] Leistung, die überzeugte und hinriß. Klugheit, abgestreif</Unicode>
                </TextEquiv>
            </TextLine>
            <TextLine id="r1l264" custom="readingOrder {index:263;}">
                <Coords points="3045,3762 3067,3758 3115,3712 3160,3731 3192,3718 3174,3615 3134,3622 3122,3639 3106,3638 3081,3665 3030,3674"/>
                <Baseline points="3057,3727 3086,3718 3115,3712 3144,3708 3173,3707"/>
                <TextEquiv>
                    <Unicode>22</Unicode>
                </TextEquiv>
            </TextLine>
            <TextLine id="r1l265" custom="readingOrder {index:264;}">
                <Coords points="1627,3792 2835,3792 2835,3669 2683,3594 2401,3672 2223,3593 2115,3637 1981,3589 1791,3696 1628,3706"/>
                <Baseline points="1645,3767 1703,3771 1762,3775 1820,3777 1879,3779 1938,3780 1996,3780 2055,3780 2114,3779 2172,3779 2231,3778 2290,3777 2348,3776 2407,3776 2466,3775 2524,3775 2583,3776 2642,3777 2700,3778 2759,3781 2818,3785"/>
                <TextEquiv>
                    <Unicode>—ceneen</Unicode>
                </TextEquiv>
            </TextLine>
            <TextLine id="r1l266" custom="readingOrder {index:265;}">
                <Coords points="674,3822 845,3856 993,3827 1039,3859 1127,3820 1172,3845 1361,3815 1507,3850 1643,3776 1640,3635 1384,3677 1160,3630 934,3668 837,3629 671,3677"/>
                <Baseline points="693,3816 739,3819 786,3822 832,3824 879,3826 925,3826 972,3827 1018,3826 1065,3826 1111,3825 1158,3823 1204,3821 1251,3819 1297,3817 1344,3816 1390,3814 1437,3811 1483,3809 1530,3807 1576,3806 1623,3804"/>
                <TextEquiv>
                    <Unicode>Kamburerr</Unicode>
                </TextEquiv>
            </TextLine>
            <TextLine id="r1l267" custom="readingOrder {index:266;}">
                <Coords points="3054,3810 3077,3811 3124,3850 3213,3857 3228,3842 3287,3867 3316,3868 3339,3850 3391,3866 3393,3788 3345,3790 3309,3752 3257,3765 3230,3790 3194,3756 3175,3773 3149,3750 3108,3768 3056,3758"/>
                <Baseline points="3074,3811 3101,3819 3128,3826 3155,3831 3182,3834 3209,3835 3236,3836 3263,3836 3290,3834 3317,3831 3344,3828 3372,3824"/>
                <TextEquiv>
                    <Unicode>## 21</Unicode>
                </TextEquiv>
            </TextLine>
            <TextEquiv>
                <Unicode>box 25/4
20. Zuischenspiel
er sproce
Mege.
Tonnen —
HTRER
K
B
Gile 
1 Standhaftigkeit gehalten werden darf. Inler¬
 deus Adams, lebt in schönster Harmonie mit!
hatte, lenkte er auch noch die Aufmerksamkeit
weiblich
essant im dichterischen Sinne bleibt aber meiner
seiner Gattin Cäcilie, der hervorragenden
seiner Zuhörerschaft auf den praklischen Nutzen,
misch in
Meinung nach immer nur die Frage, was die
Opernsängerin. Nach und nach drängt sich ihm
den dieser neue Lehrstuhl der Meereswissenschaft
Zügen.
Menschen, die einander sympathisch sind, auch
die Überzeugung auf, daß es eigentlich keine Ehe
in der Folge mit sich bringen würde. Zum Bei¬
den seel
körperlich zu einander zieht, und nicht, was sie
in wirklichem Sinne ist, die sie führen, sondern
spiel: die Unbildung der profesionellen Fischer,
machte
trennt. Und so kann ich auch das Stück nicht
vielmehr eine treue Kameradschaft. Er glaubi,
die ihrem Beruf noch heute wie vor vielen hun¬
Neb
anders beurteilen, als daß es mich mehr erkältet
bei seiner Frau Neigung zu dem jungen, künst¬
dert Jahren nachgehen, zu steuern und ihnen so
eine drif
als gefesselt hat. Es steckt zu viel Klü¬
lerisch veranlagten Fürsten Sigismund zu ent¬
die Möglichkeit zu verschaffen, diejenigen Bedin¬
Vertrau
gelei und auch Unwahrheit in den Reden
decken, und ihn selber zieht es immer wieder in
gungen kennen zu lernen, unter denen man zu
ermögli
des Haupthelden, um ihm sonderlich ge.
die Nähe einer musikalisch begabten Gräfin, die
jeder Jahreszeit und unter allen Umständen er¬
den wä
wogen zu sein; er spintisiert, statt zu empfin¬
am Theater wirkt. A's er sich über den Stand
folgreich sischen kann. Dezinach dürften zu den
Dichter,
den, er philosophiert, statt zu küssen, und im
 der Dinge klar ist, spricht er sich offen darüber
künftigen Studenten der Oceanographie Fischer
wendet.
Grunde seines Herzens ist er nicht einmal ehrlich
aus und schlägt eine freundschaftliche Trennung
und Angler gezählt werden.
Bemerk
gegen sich selbst, denn ihm ist nur die eheliche
vor. Die Frau scheint von der Notwendigkeit
Der Prinz Roland Ponaparte, der sich nicht
scheinlich
Fessel langweilig, er will gern frei und unge¬
der Trennung keineswegs überzeugt zu sein, aber
nur damit begnügt, eine der größten und selten¬
seiner e
straft Liebesabenteuern nachjagen können, ohne
ihr Stolz läßt sie keinen Einspruch erheben und
sten Privat=Bibliotheken, hauptsächlich geogra¬
Leider
die verständnisvolle geistige Hilfe seiner Gattin
schließlich erscheint ihr der Gedanke auch an¬
phische Bücher zu besitzen — (hundertundjünszig¬
und tro
einzubüßen. Er ist ein seerisch unbedeutender
nehmbar. Nun handelt es sich darum, wie wird
tausend Bände), intéressiert sich für alle Erfin¬
lustiger
Schwätzer, dem man auch schwer größere Kunst¬
sich das Verhältnis der Gatten, die ja ihre
dungen und Entdeckungen auf den Gebieten der
ganze S
schöpfungen zutrauen kann, und dessen Frau man
Freundschaft zu einander nicht einbüßen, sondern
Wissenschaft. Jeden neuen Versuch, um eins
Publiku
beglückwünschen darf, als sie sich endlich von ihm
sie durch Loslösung von der Ehe gerade reiten und
unserer großen Welträtsel zu lösen, unterstützt er
als die
 b.freit, um vermutlich an der Seite des Fürsten
rein erhalten wollen, in Zukunst gestalten?
durch seinen porsönlichen moralischen Einfluß.
urwüchs
 zärtlichere, wärmere Liebe zu finden. Die ersten
Amadeus findet auch hier einen Rat. Sie bleiben
Kürzlich noch fahen wir ihn den Proben bei¬
an den
j beiden Akte sind daher auch nichts weniger als
nach wie vor bei einander, nur daß sie getrennte
wohnen, die der äronautische Klub von Paris
konnte.
interessant; Gespräche und immer wieder Ge¬
Gemächer beziehen; jeder von Beiden hat völlige
abhielt. Gesiern war er einer der ersten in den
Szene,
spräche ersetzen die Handlung, die fast ganz fehlt.
Freiheit, zu tun, was ihm beliebt, aber das offene
Reihen der Zuhörer neben seinem Freunde, dem
mit vorn
Zum Schluß aber, in den letzten Szenen, regt
Aussprechen tiesster, geheimster Empfindungen
wußte 8
Prinzen vol Monaco.
sich ehrliches Temperament, und von der Glut,
soll auch ferner dem Kameradschaftsverhältnis,
in der
Scheinbat steckt in dem Prinzen Bonaparte
die aus den Gefühlsausbrüchen hervorleuchtet,
dem alle Störung durch sinnliche Nebengedanken
pathische
etwas von seinem großen Vorfahren. Jener
fühlt man sich hingerissen. Hier findet nämlich
genommen ist, aufgespart bleiben. Der Plan
der Ver
wollte dig Welt erobern, dieser begnügt sich da¬
die große Abrechnung zwischen den Gatten statt.
wird mit ehrlichster Überzeugung von seiner
der anl
Cäcilie wirft ihm in erregten Worten seinen
mit, bei, den Eroberungen in den Lüften und
Durchführbarkeit entworfen und scheint auch zu¬
Das
schweren Fehler vor, der sie geistig trennte, und
unter dem Meeresspiegel helfend mitzuwirken.
nächst trefflich zu gelingen. Cäciliens bester
der sie jetzt zu Fremden statt zu Freunden werden
ganz ver
Führer und Lehrer ist und bleibt Amadeus, und
ließ, und die Konsequenz seines Handelns lastet
die Geis
er geht ganz in seinen Schöpfungen auf, die er,
Und während im Palais Bourbon das neue
wie ein ernstes Schicksal auf dem törichten Mann.
gar zu 
durch ihre Anerkennung und ihr künstlerisches
Ministerium sein resormreiches Programm für
Hier sind wahrhaft ergreifende Momente, aber
Erfassen
Verständnis angespornt, zur Reife bringt. Als
das Wohl des französischen Staates entwickelte,
sie kommen zu spät und retten das Stück nicht
ich möch
I aber die sommerliche Ferienruhe und die darauf
 begann in der alten Sorbonne ein neues gemein¬
 mehr, dessen übrige Handlung in furchtbarer
Komödick
folgende Theaterkampagne die Gatten=Freunde
sames Wirken auf dem Wege der Erkenntnis
Breite dahin zieht. Der Dialog ist oft von reiz¬
Beifall
auseinander reißt, da beginnen sich die Fäden,
zum Wohl der ganzen Menschheit.
vollster Feinheit, die Hin= und Her=Reden über¬
tung hel
die sie so stark zu vereinigen schienen, bedenklich
Anne Jules Case.
raschen durch ihren hohen geistigen Gehalt, aber
schreiben
zu lockern, und ihr erstes Wiedersehen im ge¬
alles das entschädigt nicht für den Mangel an
meinsamen Heim zeigt unverkennbar den Riß,
szenischer Bewegungsfülle, an dramatischen Ge¬
den ihre Kameradschaft erlitten. Cäcilie, die sich
schehnissen.
inzwischen noch rein erhalten hat, sehnt sich nach
Die Inszenierung dieses Stückes ist ganz her¬
II. 7
schrankenloser, nicht klüglich abwägender Man¬
deutsches Schauspielhaus.
vorragend schwer, gerade weil hier das Gewicht
nesliebe, und Amadeus ist — nun, da er sich
Zwischenspiel.
auf dem Dialog ruht. In die dunkelsten Winkel
 selber aller Rechte auf seine Ehefrau begeben hat
konversationeller Irrgänge ist Licht zu bringen;
— eifersüchtig auf seinen vermutlichen Nachfolger
Komödie in 3 Akten von Arthur Schnitzler.
je feiner und geistreicher die Sprache ist, um so
in ihrer Gunst. In dieser Stimmung gelingt es
Ein seltsames Problem. Gibt es Freundschaft
mehr muß jedes Wort erwogen, geprüft nud
ihm, sie scheinbar für sich zurückzugewinnen, aber
zwischen Mann und Weib?! Ist es aussichtsvoll,
zum Ganzen abgestimmt werden, und es bedarf
schon der nächste Morgen klärt ihn über seinen
darüber nachzudenken? Wäre der für einen
wohl keiner besonderen Versicherung, daß Herr
Irrtum auf: sie hat sich ihm nur aus Liebes¬
speziellen Fall erbrachte Beweis wirklich maß¬
Baron von Berger sich hierbei als Meister
hunger noch einmal ergeben, wie sie auch anderer
Bruckn
gebend? Aber warum diese Erwägung, wenn
zeigte. Unter seiner seinsinnigen und zartsüh¬
Versuchung in diesem Augenblick vielleicht er¬
Franz I
eine Behandlung der Frage schon vorliegt wenn
lenden Regie wurde vortrefflich gespielt. Herr
legen wäre, und nun steht ihr die Notwendigkeit
gewöhnlig
es ein so geistvoller Mann wie Arthur Schnitz'er
 Wagner war so sympathisch wie es der wenig
gänzlicher Trennung erst recht klar vor der
linie füh
unternommen hat, eine Handlung darauf zu er¬
anziehende Charakter des recht zerfahrenen und
Seele. Das Zwischenspiel ist aus, und das Le¬
zur ideal
bauen. Der Referent braucht sich ja nicht den
wenig selbstsicheren Amadeus nur zuläßt. Viel
bensdramg nimmt seinen Fortgang. Sie gehen
mit ihren
Kopf des Dichters zu zerbrechen, sondern hat es
feste Männlichkeit läßt sich dem schwächlichen
auseinander, mit blutendem Herzen zwar, aber
Himmel
mit der Erörterung des fertigen Dramas zu
Menichen nicht einhauchen, aber er erschien doch
machtlos, den tragischen Ausgang zu ändern.
zeichnet
tun. Und dieses Drama, das eigentlich mehr
in dieser Darstellung erträglich und allenfalls
Ich halte es, wie schon gesagt, für völlig
in den
eine dialogisierte, psychologische Abhandlung ist,
begreiflich, was schon sehr viel Verdienst des
 aussichtslos, über das angeschlagene Thema nach¬
tragischen
verneint mit Entschiedenheit die Möglichkeit der
Künstlers in sich schließt. Fräulein Hönigs¬
zugrübeln. Es wird stets ein krasser Ausnahme¬
nen Bild
Ausschaltung aller zärtlicheren Regungen zwischen
vald gab die Cäcilie, die in jeder Hinsicht im
fall bleiben, und dann wird die Seeienreinheit
trockene
Angehörigen verschiedener Geschlechter, die
Stück besser davongekommen ist als der Mann,
und Geistesklarheit der beteiligten Personen ent.
und die 
seelische Übereinstimmung eng verbindet. Ver¬
mit eindrucksvollster Kraft und Wärme. Ihre
scheiden, wie weit sie in ihrer Freundschaft zu¬
verkümmch
neint, ohne etwa von der Allgemeingültigkeit der
explosive Rede am Schlusse war eine vorzügliche
einander aufgehen. Dabei ist nicht zu übersehen,
Behauptung überzeugen zu können. Ein bedeu¬
tender Mann, Komponist seines Zeichens, Ama=] daß Gefühlskälte im Punkte der Liebe nicht für] Leistung, die überzeugte und hinriß. Klugheit, abgestreif
22
—ceneen
Kamburerr
## 21</Unicode>
            </TextEquiv>
        </TextRegion>
    </Page>
</PcGts>
