3580 4224
1393 118 1830 210 box 25/6
309 134 1224 243 20. Zuischenshie-
1716 1295 2137 1383 RADIO- WIEN
719 1318 974 1406 Seite 30
721 1404 2323 1482 sich die Handlung aus einer fein-psycho- zusammenführt, das Stück läßt die Frage
1532 1459 2326 1518 ofen. Das „Zwischenspiel“, der Zwischen¬
733 1475 1528 1529 logischen Charakteristik der Personen,
1539 1497 2327 1566 akt des wirklichen Lebens, ist eben anders
733 1511 1534 1573 ihrer Umwelt und ihres Lebens. Symbole
1532 1536 2319 1592 als jedes Theater, wo man beruhigt
733 1563 1531 1606 erklären die Handlung und die unaus¬
1537 1577 2318 1625 nach Hause gehen kann, wenn der Vor¬
733 1583 1530 1664 gesprochenen Gedanken und Probleme.
1539 1612 2317 1665 hang gefallen ist. Die Frau fühlt es
750 1631 1524 1683 Zwischen dem Komponisten Adolf
1548 1653 2317 1710 stärker, sie sicht es klarer, daß sie
740 1673 1523 1716 Adams und seiner Frau, der Opern¬
1548 1687 2319 1767 nicht geschaffen waren, ewig in Treue
747 1702 1531 1757 gängerin Cäcilie Adams-Ortenburg, sollen
1539 1730 2320 1788 zu lieben, nicht stark genug, die
752 1746 1522 1813 keine Geheimnisse bestehen; darauf
1539 1775 2320 1840 Freundschaft rein zu erhalten. Und
749 1787 1528 1836 haben sie ihre Ehe aufgebaut. „Wenn
1545 1809 2325 1861 doch — irgendwie ist auch in ihr noch
750 1811 1525 1876 du einmal in die Lage kämst, einem
1545 1852 2320 1909 die Sehnsucht nach dem vergangenen
752 1864 1526 1929 Wesen gegenüber, das dir nahesteht,
1544 1889 2317 1938 Glück. So föllt der Vorhang vor einer
746 1901 1529 1964 Komödie zu spielen, so gingst du daran
1547 1922 2319 1994 leise weinenden, in Schmerz versunkenen
740 1936 1530 1996 zugrunde.“ Als sie beide erkennen, daß
1551 1966 2326 2024 Frau. — Schnitzler läßt uns in einem
745 1978 1529 2046 ihre Neigung zu anderen, zu dritten
1554 1997 2333 2061 kein zergliederten Dialog tief hinein¬
742 2016 1535 2082 geht, da beschlicßen sie, ohne Rücksicht
1552 2039 2320 2091 blicken in dieses Menschenschicksal, er
747 2060 1528 2118 auf die Welt, einander nur Freunde zu
1547 2079 2328 2146 weiß ehenso im anmutigen Plauderton
759 2101 1526 2151 sein, einander in ihren Handlungen volle
1545 2123 2334 2170 als in feinsinnigen Erörterungen Men¬
748 2139 1539 2186 Freiheit zu geben, ohne sich aber zu
1544 2156 2325 2203 schen und ihre scelischen Verwicklungen
751 2171 1538 2226 trennen und ihre Ehe nach auffenhin
1543 2201 2327 2262 neuartig psychologisch und doch lebens¬
751 2213 1535 2274 zu lösen. Und doch — es wäre vielleicht
1557 2243 1953 2311 wahr zu gestalten.
765 2249 1549 2317 mehr Wahrheit gewesen, wenn sie sich
756 2291 1540 2347 in dieser Stunde ihren Zorn, ihre Er¬
1553 2307 1967 2396 Dienstag, 17. März:
759 2325 1546 2383 bitterung und Verzweiflung ins Gesicht
757 2366 1550 2415 geschrien hätten, statt die Gefaßten und
1586 2382 2316 2470 MAX OBERLEITHNERS OPER
770 2404 1545 2465 Oberlegenen zu spielen. Denn als sie
762 2438 1539 2497 sich ein halbes Jahr später wiederschen,
1578 2448 1879 2524 „CAECILIE“
762 2480 1536 2543 als Amadeus alle Abmachungen ver¬
1588 2483 2328 2563 Erster Aufzug. Der junge Kom¬
767 2518 1548 2589 gißt, untreu vor sich selbst wird und
1563 2543 2327 2613 ponist Hans Lobesang hat eine Oper,
764 2564 1551 2616 seine Frau dazubringt, daß sie, die
1564 2581 2331 2640 „Caccilie“, beim Wiener Obersthof¬
760 2601 1546 2663 Freundin, für eine Nacht zur Geliebten
1567 2609 2344 2692 marschallamt eingereicht und, obwohl
763 2638 1554 2687 wird, da verliert er sie endgültig auch
1565 2657 2332 2719 er ahnt, daß man ihn, den Unbekannten,
761 2670 1542 2748 als Freundin. Denn sie ist anders ge¬
1563 2711 2334 2761 übergehen werde, hofft er doch im ge¬
764 2719 1547 2776 worden. Waren früher ihre Zärtlichkeiten
1570 2738 2330 2797 heimen auf Ruhm und Er'olg. Einsig
768 2759 1547 2819 und ihre Sehnsucht in ihrer Liebe be¬
1571 2787 2336 2833 schafft er an neuen Kompositionen, bis
764 2791 1543 2842 schlossen, so ist sie jetzt aufgewacht.
1569 2811 2342 2888 eine Schar von Freunden erscheint, unter
771 2835 1550 2904 Vielleicht, daß die Zukunft sie wieder einmal
1564 2878 1719 2933 —
783 2932 1307 3012 Man „ W%„ „
2671 1278 3123 1373 7. Jahrg., Heft 24
2330 1390 2984 1463 ihr der Lehrer AugustinWenk
2339 1442 3054 1498 Bräutigam von Lobesangs Scinrest
2330 1482 3064 1537 Marie, die dem Musiker das Hauswest
2340 1517 3062 1575 besorgt. Bald ist ein fröhliches improv
2338 1555 3078 1610 siertes Fest im Gange. Hans trägtseinel
2329 1607 3079 1659 Freunden sein neuestes Liedlein“ vor
2342 1630 3101 1690 Durch Zufall kommt in diesem Möment
2342 1679 3111 1732 die junge Fürstin Caccilie von Cobenzl,
2340 1733 3117 1773 die Frau des Obersthofmarschalls, mit
2339 1756 3134 1812 ihrer Frcundin und Gardedame Barbara
2329 1795 3126 1851 Freiin von Erlachstein vorbei, hört
2333 1834 3122 1882 Hansens Lied und ist von dem reizenden
2329 1879 3126 1927 Idrll begeistert. Rasch macht sie sich
2346 1913 3119 1967 zu Barbaras Entsetzen mit dem lustigen
2345 1952 3122 2012 Völklein bekannt. Bald ist Hans, der
2343 1991 3122 2047 die Fürstin nicht kennt, über Hals und
2338 2026 3123 2083 Kopf in die schöne Unbekannte verliebt.
2344 2068 3121 2125 Als diese von Hansens Oper hört, ver¬
2345 2110 3130 2160 spricht sie dem begabten Musikus, an
2347 2158 3130 2207 dem sie Gefallen gefunden hat, ihm zu
2343 2174 3128 2230 heifen. Dann verabschiedet sie sich.
2352 2222 3132 2270 Hans bleibt verträumt zurück und nimmt
2351 2259 3138 2307 kaum am frohen Treiben der andern
2347 2298 3132 2361 teil. Da bringt ein Diener des Oberst¬
3018 2332 3124 2391 daß
2767 2336 2983 2392 Nachricht,
2352 2333 2742 2396 hofmarschalls die
2348 2361 3127 2430 Hansens Oper angenommen wurde und
2351 2409 3136 2463 daß Hans zum nächsten Gesellschafts¬
2350 2452 3131 2509 abend des Fürsten eingeladen ist, um
2359 2492 3136 2559 einige Proben aus seiner Oper zum
2348 2537 2720 2596 besten zu geben.
2395 2543 3137 2629 Zweiter Aufzug. Im Schloß Co¬
2346 2608 3143 2660 benzl hat sich eine vornehme Gesell¬
2362 2642 3131 2698 schaft eingefunden. Eine Rcihe von Dar¬
2359 2677 3136 2737 bietungen (darunter ein Schäfersviel)
2349 2716 3134 2790 sorgt für die Unterhaltung der Gäste.
2344 2767 3139 2810 Die Fürstin erzählt dann von ihrem
2346 2808 3143 2876 Abenteuer mit Hans und loht dann
2889 2844 3139 2903 —
