3436 4384
1293 174 1747 262 box 25/1
227 187 1146 276 20. Zuischenspiel
1583 345 2544 414 Menschen, inniger denn je aneinanderschmiegen.
1575 390 2543 468 Verstehen wir das in den einleitenden Szenen
641 340 1559 470 Die neue Komödie Schnitzlers.
1581 439 2539 491 Angedeutete recht, so ist es wohl dies: die beiden
1105 457 1554 551 Wien, 13. Oktober.
1595 487 2539 537 haben einander als Mann und Frau nichts mehr
1588 528 2532 581 zu sagen, die Begierde ist gestorben. Da schließen
716 515 1579 595 Von allen erfolggekrönten Dramatikern des
1588 568 2534 614 die beiden klugen, kühlen, im Geist frei gewordenen
625 571 1571 638 letzten Jahrzehnts hat Artur Schnitzler den
1586 609 2537 668 Menschen — sind gerade Musiker so klug und
633 633 1575 683 Gefahren des Theaters vielleicht am diskretesten
1585 647 2536 705 kühl? — einen Pakt. Sie „wollen nicht mehr
630 660 1576 716 auszuweichen verstanden. Ihm ist die seltene Gabe
1582 694 2535 749 lügen, wo Empfindung tot“, wie schon der
629 707 1578 764 des Maßes zu eigen oder zu eigen gewesen; die
2426 734 2534 788 Sie
1583 738 2423 786 siebzehnjährige Loris einmal proklamiert.
626 753 1577 799 sicheren Mittel und Mittelchen hat er immer
1593 778 2534 830 verabreden, von einander innerlich getrennt, den¬
631 797 1582 854 vornehm verschmäht. Brauchen wir von seinen
1584 816 2537 859 noch in scheinbarer äußerer Gemeinschaft als
623 829 1579 894 andern Gaben erst ausführlich zu sprechen? Seit
1589 857 2540 905 „gute Freunde" zu leben; jeder will, von dem
624 887 1570 934 Grillparzers und Anzengrubers Tod ist uns einst¬
1591 896 2535 948 Ehe=Partner ungestört, eigene Wege gehen. Ama¬
632 914 1578 971 weilen kaum — man darf das gewichtige Wort
1589 942 2531 1003 deus findet bei der Gräfin Friederike Mösheim,
624 953 1128 1029 gelassen niederschreiben
1179 960 1578 1026 ein besserer gekom¬
1580 980 2543 1048 der er korrepitiert, den Rausch ganz genossener
636 993 1575 1054 men. Aus schmächtigen, nicht ganz originalen
1594 1026 2536 1073 Stunden; Cäcilie tröstet sich in den Schranken
620 1037 1578 1101 Anfängen ist Artur Schnitzler, von Beruf wohl
1587 1069 2547 1126 frauenhafter Sitte, wie wir später erfahren, mit
631 1080 1579 1142 kein geborener, vielmehr ein durch Selbst=Schulung
1591 1116 2537 1172 einem unwahrscheinlich bescheiden=verständigen
627 1132 1569 1182 herangebildeter Dramatiker zur wirklichen Menschen¬
1585 1156 2543 1202 Fürsten Lohsenstein. Insoweit wäre alles in
624 1172 1575 1229 Erkenntnis herangereift, die er in zarten und
1590 1193 2533 1247 deutlich geordneten Verhältnissen. Da geschieht
627 1215 1581 1275 dennoch lebendigen dramatischen Aquarellen,
1637 1239 2538 1296 am Schluß des zweiten Aktes — etwas im
628 1253 1586 1300 geistreich geprägt, erschimmern läßt. Das Wiener¬
1582 1272 2528 1330 Leben und in Ehekomödien recht häufig Da¬
619 1300 1575 1350 tum mit seiner Buntheit der Typen — dem Offizier
1592 1326 2541 1395 gewesenes: der Gatte erglüht von neuem für die
617 1349 1580 1396 und Studenten — dem Schauspielerwesen, das
1587 1359 2540 1423 Frau, die einige Wochen dem Künstlerheim fern¬
615 1396 1580 1444 vielleicht unserer Stadt die eigentümlich schillernde,
1576 1409 2541 1463 geblieben war. Sie ist aus der Fremde, ein
626 1430 1575 1477 nicht ganz echte Farbe gibt, mit der Grazie unsrer
1582 1432 2545 1503 sehr geglückter Zug, als Fremde heimgekommen;
617 1468 1582 1532 mehr frischen und zartsinnigen als irgendwie
1593 1490 2537 1547 seltsame Wünsche, seltsame Worte werden jetzt in
615 1510 1392 1573 an das bedeutende rührenden Frauen
1436 1510 1580 1565 diese
1586 1532 2535 1591 ihr laut: „Jetzt fühle ich alle Wünsche, die früher
621 1546 1579 1614 ganze liebenswürdig — spielerische, manchmal
1593 1576 2535 1623 an mir herabgeglitten sind wie an einem fühl¬
620 1601 1571 1652 groteske Welt leuchtet uns mit dem Glanz unsrer
1584 1616 2554 1683 losen, eisernen Panzer ... jetzt fühle ich sie über
626 1624 1579 1688 Landschaft, der versonnenen Mutwilligkeit des
1580 1663 2534 1713 meinen Leib, über meine Seele gleiten und sie
620 1676 1574 1733 österreichischen Temperaments aus seinen Dialogen,
1577 1700 2546 1753 machen mich beben und glühen. Die Erde scheint
615 1716 1577 1787 Proverbs und Einaktern, so recht Schnitzlers
1585 1749 2545 1794 mir voll von Abenteuern, der Himmel wie von
623 1747 1579 1818 eigentlichem Reich, entgegen. Ein Poet, dem
1589 1779 2544 1843 Flammen strahlend und mir ist, als säh ich mich
616 1805 1570 1860 Nachdenklichkeit und Witz, Trauer und Ironic,
1589 1827 2545 1887 selbst, wie ich mit ausgebreiteten Armen dastehe
623 1839 1576 1902 alle Register zu Gebote stehen, ein besonnener
1590 1874 2552 1936 und warte.“ Die ausgebreiteten Arme werden
626 1883 1577 1961 Bildner des Worts, des Prosa=Dialogs und der
1584 1914 2547 1960 bald — von Amadeus umschlossen: eine Nacht
615 1931 1571 1993 rhythmisch beschwingten Rede, ein „Künstler“
1591 1954 2540 2011 vereinigt sie wieder zu lange versäumtem, ver¬
620 1961 1576 2032 der sich dennoch von allen Snobs unserer Stadt
1588 2001 2541 2056 träumten Glück. Sie sind beide dem klugen,
622 2017 1568 2071 durch eines unterscheidet oder unterschied: daß er,
1580 2030 2538 2092 kühlen Freundschafts=Vertrag untreu geworden:
615 2053 1569 2113 in den stets sorgsam gehüteten Grenzen seiner nicht
1587 2081 2545 2135 die Sinne waren stärker. Am Morgen nach
622 2091 1571 2165 geringen Kraft, Einfälle, die auf seinen eigenen Boden
1594 2125 2490 2177 dieser Nacht — hier setzt der dritte Akt ein —
625 2142 1583 2201 s#chsen, aus sich herauszuspinnen, ungekünstelt
1582 2167 2538 2221 tritt nun jene Wandlung in den Schicksalen her¬
632 2187 1578 2244 2 formen wußte. Hätten wir in Deutschland
1594 2210 2542 2261 vor, die auch des Stückes wenig freundliches
628 2217 1582 2281 #ir das Niedliche das Miniaturenhafte, die nicht
1587 2252 2548 2309 Schicksal entschied. Cäcilie verläßt Amadens
630 2275 1571 2328 minder schwierige, icht minder wertvolle Art so
1585 2292 2543 2366 ganz im Gegensatz zu den Frauen im „Reigen,“
624 2308 1573 2369 viel Verständuis wie für das Erhaben=Pathe¬
1589 2343 2551 2405 die noch an ihrer Zärtlichkeit haften, da sie dem
624 2359 1575 2416 tische, dann müßte unserem Schnitzler der Rang
1589 2386 2544 2426 Manne bereits entglitt. Warum? Die Frage
624 2397 1577 2463 unter den Ersten, Besten ungeschmälert, unange¬
1592 2420 2546 2481 bleibt offen. Ich glaube, die Antwort zu ver¬
616 2427 1582 2499 feindet bleiben. Lebte er in Frankreich, wo man
1581 2455 2544 2536 stehen. Cäcilie handelt — eine Frau, die vor¬
621 2486 1572 2541 dergleichen reiner zu schätzen weiß, ihm würde
1587 2508 2552 2572 nehmeren Moral=Geboten, als den herkömmlichen,
618 2528 1574 2578 von der literarisch=öffentlichen Meinung der Sitz
1584 2556 2535 2604 gehorcht — unter dem Zwang höherer Gesittung.
617 2562 1571 2642 nicht ferne von Alfred de Musset, dem Charm
1587 2596 2554 2644 Wie Rhodope im „Gyges“ sierben muß, weil ihr
616 2602 1140 2674 umwobenen, gewiesen ...
1581 2637 2549 2691 schamhaftestes Empfinden von einem fremden
706 2633 1570 2723 Arthur Schnitzler lebt aber nicht in Paris,
1583 2670 2546 2732 Manne verletzt ward, muß Cäcilie in dem bewußt
618 2687 1574 2756 er lebt in Wien, ihn verbindet noch dazu mit
1591 2715 2544 2778 unpathetischen bürgerlichen Schauspiel Schnitzlers
625 2734 1579 2797 Berlin, das jetzt von dem Snobismus noch stärker
1581 2758 2546 2819 das Haus des ihr fremdgewordenen Gatten ver¬
622 2781 1566 2834 beherrscht wird als unsere Metropole, die innigste
1579 2803 2540 2861 lassen, weil dieser ihre Sinne überrumpelt, sie in
616 2821 1565 2883 literarische Fühlung. Und so bereitet sich, fürcht
1590 2851 2551 2917 einem sehr feinen Sinn, vielleicht zur Dirne
626 2867 1570 2921 ich, auch bei ihm eine Entwicklung vor, die alle
1578 2894 2546 2934 herabgewürdigt hat. Dieser Schlußwendung sind
615 2909 1571 2962 um wahre, schlichte Kunst Bestrebten, zugleich
1581 2927 2554 2991 noch einige Szenen vorangestellt, die wohl den
622 2953 1575 3006 olle Schätzer dieses großen, wahren, trotz aller
1587 2974 2552 3022 Titel des Ganzen: „Komödie“ rechtfertigen sollen.
621 2995 1570 3058 Verbrämung schlichten Talentes mit aufrichtiger
1589 3020 2536 3085 In diesen Komödienszenen wird in parodistisch¬
614 3037 1582 3083 Sorge erfüllen muß. Wir sahen ihn schon in
1589 3063 2538 3113 lustiger Weise gezeigt, daß wir alle, auch die
612 3081 1566 3135 dem „Puppenspieler“, in dem „Einsamen Weg“,
1579 3098 2546 3167 scheinbar Freiesten unter uns, von den über¬
621 3101 1569 3169 wir sehen ihn nun gar in der Komödie „Zwischen¬
1581 3142 2541 3199 kommenen Vorurteilen nicht frei werden: der
628 3162 1572 3232 spiel“, die jetzt das Burgtheater mit sehr ver¬
1578 3186 2543 3255 wieder in Liebe und Eifersucht lodernde Gatte
624 3209 1571 3265 schleierten Beifall spielte, auf dem Weg, jene
1592 3225 2532 3283 fordert den Fürsten, von dessen reinen Beziehun¬
618 3241 1579 3304 weise Selbstbeschränkung, die ihn so erfreulich
1579 3268 2544 3322 gen zu Cäcilie er keineswegs überzeugt war.
628 3292 1569 3345 ausgezeichnet, zu verlieren, in erklügelte Schein¬
1590 3311 2541 3370 Die alie Konvention ist bei uns, den Uebergangs¬
623 3326 1579 3382 tiefen, Untiefen zu versinken. Das Geschehen
1582 3351 2543 3414 Menschen, stärker. Wir spielen mit neuen For¬
614 3370 1577 3419 dieses Stückes, in knappe Worte gefaßt, wird,
1587 3398 2545 3453 derungen, aber unser Spiel bleibt immer: vien
617 3408 1573 3470 was ich meine, dentlicher erhellen, obwohl Reiz
1583 3439 2546 3512 jen. Das ist vielleicht der österreichische Grundton
624 3463 1566 3523 und Schwäche des Ganzen in dem nicht Wieder¬
1584 3487 2357 3546 in dem Gedankengehalt dieser Komödie.
624 3502 1570 3571 zugebenden, Mitschwingenden, Unsagbaren be¬
622 3543 1053 3605 gründet liegen mag.
1665 3526 2545 3599 Schnitzlers „Zwischenspiel“ hat erfreulicher
710 3560 1574 3637 Der Kapellmeister Amadens Adams, der ein
1580 3576 2539 3642 Weise noch einige Merkmale seiner früheren,
632 3603 1581 3678 „Zwischenspiel“ komponiert hat — wie stilisiert
1585 3622 2524 3669 seiner ersten Werke. Die Lebenskreise sind wieder
618 3659 1569 3712 Mozartisch=Hofmannisch klingt schon der Vor¬
1583 3668 2538 3727 die gleichen: Das Kunstmilien. Ein Duft vor¬
621 3712 1565 3762 name — lebt mit der Sängerin Ortenburg durch
1580 3709 2540 3770 nehmer Wiener gesellschaftlicher Kultur liegt dar¬
623 3746 1572 3798 sieben Jahre in einer dieser scheinbar glücklich¬
1578 3746 2526 3801 über; der Dialog fließt auch hier mit Anmut
623 3791 1569 3839 ungefährdeten Ehen, die dennoch brüchig werden.
1592 3789 2548 3853 und an solchen Stellen, die nicht preziös stilisiert
627 3838 1574 3898 Diese Ehe hat sich — ein typisch gedachter und
1580 3841 2527 3895 sind, mit Natürlichkoit dahin. Der Raisoneur,
630 3876 1569 3940 wirklich typischer Fall — aus der Sinnen=Ver¬
1582 3870 2536 3939 ein Schriftsteller, der alle Schicksale ringsum als
626 3913 1335 3976 liebtheit der ersten Jahre in
1335 3918 1566 3975 jene kküh¬
1576 3920 2532 3967 verfehlte, Stücke"betrachtet, ist eine echt Schnitzlersche
629 3944 1253 4007 ieren Gefühle, „Freundschaft“
1257 3957 1565 4018 genannt, hin¬
1578 3968 2536 4015 iranisch=ernsthafte Figur. Auch steigen wieder starke,
620 3993 1576 4048 übergerettet. Ein körperliches Etwas steht
1584 4007 2118 4063 schwere Stimmungen auf,
2110 4007 2535 4061 sie umhüllen, um¬
624 4045 2543 4102 zwischen den Gatten, die sich geistig, Künstler= schweben, umschatten uns. Trotzdem kann man
