3436 4352
1314 250 1765 350 box 25//1
259 254 1174 339 20. Zuischensniel
363 1309 725 1397 Tefepnan 1281.
549 1428 1234 1518 „OSSERVER
353 1508 1474 1574 I. Österr. behördl. konz. Unternehmen für Zeilungs-Ausschnitte
546 1566 1285 1647 Wien, I., Concordiaplatz 4.
771 1633 1085 1691 Vertretungen
353 1658 1469 1724 in Perlin. Budapest. Chicago. Christiania, Genf, Kopenhagen,
357 1719 1481 1767 Lendon, Madrid. Mailand, Minneapolis, New-York. Paris, Rom,
540 1771 1313 1818 Sau Francisco. Stockholm, St. Petersburg.
711 1800 1136 1866 (Ouelienangabe ohne Gewäbr.)
355 1875 1480 1966 Ausschnitt ausArbeiter Zeitung, Wien
355 1940 1044 2039 vom: 13. OKTOBER 1905
617 2065 1352 2179 Theater und Kunst.
521 2144 1559 2228 Burgtheater. Die neue Komödie „Zwischenspiel“
410 2198 1559 2274 von Schnitzler hat gestern im Burgtheater so ziemlich
416 2251 1556 2312 gefallen. Nach jedem Akte wurde applaudiert und nur am
409 2303 1561 2368 Schlusse hörte man durch den etwas dünnen Beifall auch etliche
419 2344 1560 2410 Zischer heraus. So derber Widerspruch ist bei einem diskreten, in
416 2391 1567 2457 seinen künstlerischen Mitteln absolut wohlerzogenen Autor ganz
419 2440 1568 2497 deplaciert. Der Zuschauer hatte gestern höchstens das Recht zu
421 2497 1568 2546 einem schüchternen (womöglich zu unterdrückenden) Gähnen.
416 2532 1557 2613 Wenn zwei Eheleute drei Akte lang nichts tun, als sich gegen¬
420 2559 1565 2651 seitig erklären und ausdeuten, und wenn sie in dieser tristen
417 2604 1567 2683 Beschäftigung fast nur dadurch unterbrochen werden, daß ein
420 2651 1570 2730 Schriftsteller beide anders erklärt, so darf sich der Zuschauer
420 2718 1550 2800 angesichts all dieser Leute, die an der schlechten Gewohnheit un¬
420 2765 1561 2838 aufhörlicher Psychologie leiden, in korrekten Formen langweilen
423 2828 1569 2879 Mehr kann ihm schon angesichts der zahlreichen psychologischen.
413 2844 1574 2924 Feinheiten des Autors nicht gestattet werden! Das Publikum
422 2905 1565 2975 schien nach dem Lustspiel zu begehren, das ja aus dieser unwill¬
418 2967 1573 3020 kürlich ironischen Erklärungskomödie so leicht zu machen wäre.
412 2995 1561 3083 Die tragende Rolle spielte Herr Kainz wahrhaft bewunderungs¬
426 3052 1573 3115 würdig. Selbstverständlich muß über das interessante Stück noch
1373 3095 1540 3173 st. gr.
413 3108 784 3170 gesprochen werden.
3051 1345 3350 1408 die Gedanken.
2059 1278 2989 1466 SeuilietPur.
3047 1391 3340 1455 sie vertrauen
1792 1381 2074 1493 7b.
3059 1440 3363 1507 sien ihrer Sin
2220 1473 2636 1557 Burgtheater.
3062 1489 3333 1554 führen, aus,
3064 1539 3367 1600 gründet. Allmä
1797 1522 3057 1629 („Zwischenspiel.“ Komödie in drei Akten von Artur Schnitzler.
2073 1592 2813 1646 Erste Aufführung am 11. Oktober 1905.)
3053 1587 3356 1651 Kampf, ohne
3063 1635 3360 1703 exempel: eine
1897 1628 3062 1700 In seinem „Zwischenspiel“ behandelt Arthur Schnitzler wieder
1797 1673 3347 1736 einen erotischen Stoff. Ein Zwischenakt spielt im Ehebett und in geht fast ganz
3057 1733 3346 1809 so etwas eine
1795 1727 3050 1792 den Akten sieht man auch andere Betien aufgedeckt. Im Notfalle
1792 1783 3058 1834 leistet auch der grüne Rasen eines Parkes, den eine Platane be¬
3153 1777 3358 1855 Der Zus
1793 1831 3049 1888 schattet, ähaliche Dienste. Die Paare wechseln ihre Plätze wie bei
3069 1832 3366 1907 mathematik wen
1790 1878 3054 1949 einer Quadrille; Ehemann, Liebhaber, alle vertauscht; der Ehemann
3068 1886 3354 1951 Art. Aber er n
1790 1920 3367 1993 wird der Geliebte seiner Frau und der Courmacher hält beim Trennung zwei
1794 1964 3362 2038 Ehemann um die Hand der Gattin an. „Bitte, sprechen Sie mit die Stunden de
1788 2021 3367 2086 meinem Gemahl,“ lautet die neue Variante der alten Formel: gemeinschaftliche
1804 2077 2713 2136 „Bitte, sprechen Sie mit meiner Mama.“
2720 2083 3364 2145 Wie man sieht, gehäufter Feind
1801 2125 3367 2192 ist das Stück Artur Schnitzlers angefüllt mit Lustspiel= nehmens. Stärk
1787 2170 3361 2246 elementen, denn die sinnlichen Spiele der Männlein und Weiblein, der Leidenschaft
1796 2219 3366 2291 die großen Staatsaktionen und die Zwischenspiele, führen die einander, und
1791 2263 3353 2338 Komik mit sich und von Boccacciv zu den französischen Conteurs, halten noch im
1792 2320 3350 2371 von diesen zu den Pariser Lustspieldichtern, von diesen zu — Artur innerungen an
1798 2367 3366 2438 Schnitzler zieht sich ein Weg. Unglücklicherweise hat Schnitzler für dus Ineina
1797 2414 3359 2475 diesmal sein Lustspielthema allzusehr psychologisch zerzupft und die letzte Erken
1798 2465 3364 2531 zerfasert, seine Personen horchen unaufhörlich in ihr Inneres, durch die Seele
1795 2519 3355 2573 belauschen und analysieren sich, ironische Scheinwerfer sind in gibt, zu denen
1791 2567 3351 2621 allen Ecken aufgestellt und schließlich entsteht eine verwirrende gehören doch sc
1799 2614 3365 2675 Mischung aus einer Boccaccio=Novelle und einem Ibsen=Stück,wn von hunder
1912 2661 3339 2718 Die Ehe zweier Künstlernaturen wird geschildert. Amadeu##er ist in
1805 2710 3359 2775 Adams ist Kapellmeister und Komponist. Gegenwärtig ist er dami# nicht ein ga
1800 2754 3368 2819 beschäftigt, seine vierte Symphonie zu komponieren, eine moderne Vielleicht wäre¬
1790 2815 3360 2876 Symphonie mit einem Chorfinale, dessen Choralmelodie einer einzugehen, wen
1792 2848 3360 2925 Sopranstimme zugedacht ist. Diese Sopranstimme ist die Stimme und mit dem H#
1793 2905 3357 2979 seiner Frau Cäcilie; und der Klang ihrer Stimme tönt ihm bei kühlere, geistiger
1794 2952 3366 3025 der Komposition in den Ohren. Was ihnd zu seiner Frau zieht, daß sie voneina
1803 2998 3355 3067 sind nur mehr künstlerische Interessen, er verehrt in ihr die große über das Alltag
1790 3055 3340 3110 Künstlerin, und sie versteht seine Pläne und künstlerischen Ge= wird, sie seien
1797 3104 3363 3156 danken. Das Blut und die Sinne locken diese beiden Menschen auch der Zuschaf
1798 3158 3357 3217 nicht mehr, und nach siebenjähriger Ehe, der auch ein Kind ent= auf ihrem Rede
1800 3201 3333 3280 stammt, wissen sich die Körper nichts mehr zu sagen, desto mehr eines Rosmer
