3436 4352
963 34 1514 130 gerischtiere e ee
1020 94 1458 157 Hierzu 3 Beflagen.
2465 147 2635 212 T
1741 199 2820 262 fals er die Gewißheit erlangt, daß seine Gatten¬
945 194 1568 267 (Fortsetzung aus dem Hauptblatt.)
1763 230 2798 289 sehre rein geblieben ist und als der Fürst ver¬
717 237 1760 313 1 und feinem Witz führen, beschließt den zweiten Akt.
1772 281 2796 334 sichert, auf Cäcilie dauernd verzichten zu wollen.
727 300 1436 338 Amadeus sagt seiner Gattin u. a.:
1768 326 2794 381 Man weiß bei dieser Szene nicht, hat sich Schnitzler
787 328 1764 377 „. .. Was du auch Trauriges oder Erbärmliches er¬
1772 366 2788 418 über sich selbst lustig machen wollen oder nur
734 361 1763 415 fahren solltest: bei mir wirst du Zuftucht und Verständnis
2141 401 2271 463 wie
1767 403 1922 458 zeigen
2264 402 2590 469 man mitten
1941 404 2120 454 wollen,
2603 394 2796 467 in ein
729 407 1761 479 finden. Aber von ganzem Herzen wünsche ich dir, daß dir
727 438 1184 492 manches erspart bleibe.
1946 437 2339 495 Schauspiel auch
2482 448 2597 498 echt
2629 445 2796 497 franzö¬
1762 440 1919 503 Ternstes
2376 432 2472 495 ein
788 457 1760 517 Cäcilie: Mir? ... Nein, Amadeus, diesen Wunsch
1766 477 2797 539 sisches Schwankmotiv hineinzuverpflanzen vermag.
722 507 1381 564 weise ich zurück. Ich habe ja noch
1462 513 1759 571 ich habe ja noch
1768 527 2791 587 Inzwischen hat Cäcilie hinter dem Rücken ihres
729 530 1758 599 so wenig erlebt. Und ich sehne mich danach. Ich sehne
1768 569 2805 624 Gatten den kompromittierenden Abschiedsbrief, welchen
734 585 1756 641 mich nach allem Schmerzlichen und Süßen, nach allem
1766 604 2798 671 er seiner verflossenen Friederike geschrieben dieser ab¬
724 626 1761 679 Schönen und nach allem Kläglichen, was das Leben
1766 634 2795 696 gerungen, iim Amadens vor einem eventuellen Duell
731 659 1708 724 bringt. Ich sehne mich nach Stürmen, nach Gefahr,
723 684 1117 744 vielleicht nach mehr:
1761 683 2803 745 zu bewahren. Nun glaubt er Cäciliens sicher zu sein,
838 716 1769 793 madens: Nein, Cäcilie, das versucht du dir ein¬
1765 716 2812 776 doch sie, eine Art Hedda Gabler=Natur, scheidet von
714 750 923 826 zubilden!
1764 770 2809 818 ihm, indem sie ihm sagt, daß ihr allerdings wehe
781 776 1196 846 Cäcilie: O nein!
1765 812 2810 868 ums Herz sei, daß sie aber Eines stark fühle: „Wir
787 812 1757 891 Amadeus: Gewiß, Cäcilie. Du weißt eben noch
1773 854 2810 909 sind einander so viel gewesen, daß wir uns die Er¬
715 871 1758 921 wenig und stellst dir vieles einfacher und reinlicher vor,
1772 886 2804 951 innerung daran erhalten müssen. Wenn das ein
716 906 1766 955 als es ist. Aber es gibt Dinge, die du nie ertrügst, und
1775 924 2804 994 Abenteuer war, sind wir auch unser vergangenes!
723 944 1757 1014 manche, die zu begehen du nicht fähig wärst. — Ich kenne
1766 972 2538 1029 Glück nicht wert. War es ein Abschied,
2523 967 2795 1028 so sind wir
716 982 992 1029 dich. Cäcilie.
1772 1007 2780 1064 vielleicht doch zu einem künftigen bestimmt ...
793 1001 1322 1076 Cäcilie: Du kennst mich?
1385 1001 1764 1080 Du weißt nur, was
1777 1058 1964 1108 vielleicht
719 1051 1762 1105 ich als deine Geliebte, deine Gattin war. Und da du für
725 1094 1770 1139 mich die ganze Welt bedeutet hast, in dir all meine Sehnsucht,
1827 1077 2804 1152 So molluskenhaft die Gestalt Amadeus, so kernfest,
722 1131 1756 1176 all meine Zärtlichkeit beschlossen war, so konnten wir
1768 1132 2797 1190 wenngleich voll unlösbarer Widersprüche ist der
720 1165 1767 1218 beide früher nicht ahnen, wozu ich bestimmt wäre, wenn
1763 1165 2797 1225 Charakter Cäciliens. Ein neues Frauenrätsel, au
731 1198 1760 1250 sich die wirkliche Welt vor mir auftäte. — Ich bin schon
1764 1213 2806 1257 dessen Entstehung unzweifelhaft Ibsenscher Einfluß
728 1239 1762 1286 heute nicht mehr, die ich war, Amadeus ... Oder viel¬
1760 1255 2810 1303 mitwirkte. Wie dem immer sei, und fordert auch die
722 1269 1765 1328 leicht war ich immer dieselbe und habe es nur nicht ge¬
1757 1299 2805 1353 Argumentation und Struktur des Werkes zu mancherlei
710 1307 1758 1361 wußt; und es ist jetzt etwas von mir abgefallen, das mich
724 1340 2800 1395 früher umhüllt hat . .. Ja, so muß es sein: denn jetzt Einwendungen heraus, so versteht es Schnitzler doch
722 1381 2811 1435 fühle ich alle Wünswe, die früher an mir herabgeglittens wieder, durch die unendliche Feinheit, mit der er sein
726 1418 2813 1482 sind wie an einem fühllosen eisernen Panzer, . .. jetzt! Problem versicht, durch die zarten, dustigen Farben,
718 1463 1757 1508 fühle ich sie über meinen Leib, über meine Seele gleiten,
1760 1458 2807 1521 welche er aufträgt, durch den, wenn auch mitunter
711 1494 1758 1546 und sie machen mich beben und glühen. Die Erde scheint
1772 1508 2819 1557 maechiavellistischen Geist zu blenden, zu interessieren!
720 1534 1757 1577 mir voll Abenteuern, der Himmel wie von Flammen
1773 1544 2808 1597 und zu fesseln. Und das ist ja schließlich eine Haupt¬
710 1576 1760 1635 strahlend, und mir ist, als sähe ich mich selbst, wie ich mit
1772 1587 2809 1638 sache. Für den feinen Humor, ja auch für manch
721 1608 1466 1656 ausgebreiteten Armen dastehe und warte.
773 1636 2807 1690 Amadeus (wie einer Entfliehenden nachrufend) lätzend=satirisches Element sorgt die Nebenfigur eines
712 1658 908 1731 Cäcilie!
1765 1660 2808 1726 räsonnierenden Freundes des Komponisten, des
785 1695 1275 1762 Cäcilie: Was ist dir?
1765 1713 2792 1771 Theaterdichters Albertus Rhon, der
778 1740 2807 1790 Amadeus: Es ist nichts . .. Was du da sprichst, limmer nach einem passenden Schluß für den dritten
715 1771 2802 1855 kann mich ja nicht befremden nach allem, was ich schonfAkt seines Dramas sucht und ihn dann in der Wirk¬
712 1820 2802 1899 weiß. Aber deine Stimme hat einen Beiklang, den ich heutelichkeit des Lebens von Amadeus und Cäcilie findet.
711 1858 2804 1905 zum ersten Male höre. Und auch diesen Glanz deine“ Den Titel des Stückes selbst entnimmt der Antor]
711 1899 1466 1939 Augen habe ich bis heute nicht gekannt!
1763 1902 2813 1958 dem Zwischenspiel einer Symphonie, an welcher
780 1931 1757 1985 Cäcilie: Das glaubst du nur, Amadens. Wäre es
1772 1956 2815 2021 Amadens arbeitet, seiner vierten, wie wiederholt ver¬
706 1963 1754 2022 wirklich so, dann müßte es mir mit dir geradeso ergehen.
1776 2001 2808 2058 kündet wird. Und es ist ein nicht übler Witz, daß er
720 2015 1767 2061 Und ich merke keinen Unterschied an dir. Ich kann mir
1766 2045 2808 2097 den Schlußpunkt zu dieser Vierten findet, nachdem
720 2043 1765 2088 auch nicht vorstellen, daß du mir je verändert erscheinen
723 2080 1757 2128 könntest. Bei anderen Frauen magst du Bösewicht — oder
1771 2079 2800 2136 er seine Zweite, ämlich Friederike, verloren hat,
715 2117 1752 2169 dummer Junge sein — was gewiß auch manchmal vor¬
1773 2116 2807 2193 und seine Erste, Cäcilie, wiedergefunden zu haben
713 2157 1769 2204 kommen wird —: für mich wirst du immer derselbe bleiben;
2584 2160 2764 2218 S. L.
1765 2165 1974 2234 glaubt.
708 2195 1766 2244 und ich fühle, daß dem Amadeus, den ich meine, überhaupt
1809 2201 2807 2256 Ueber die Aufnahme, welche das Werk bei seiner
717 2229 1149 2281 nichts geschehen kann.
1767 2241 2809 2301 gestrigen Erstaufführung im Burgtheater gefunden
776 2244 1759 2316 Amadeus: Könnte ich das nur auch — für dich
1771 2294 2813 2356 hat, berichtet uns eine Depesche unseres Korrespon¬
717 2300 1761 2348 fühlen! Aber diese Sicherheit habe ich nicht: die Un¬
1766 2330 1928 2387 denten:
711 2334 1756 2381 bedenklichkeit, die Lust, mit der du in eine unbekannte Welt
1826 2368 2800 2426 Schnitzlers „Zwischenspiel“ hat infolge
712 2362 1764 2425 hineinschreitest, erfüllt mich geradezu mit Angst um dich.
711 2414 1755 2458 Der Gedanke, daß Menschen herumgehen, von denen du,
1770 2408 2807 2471 seiner in der Darstellung verschärft hervortretenden
712 2443 1762 2498 die von deiner Existenz noch nicht wissend denen du
1762 2460 2809 2512 logischen Unklarheit und der wiederholten ver¬
718 2487 1002 2550 gehören wirst -
1773 2490 2805 2548 blüffenden Wendungen das Publikum nur teilweise
1538 2510 1762 2586 ... ich bin
779 2503 1514 2589 Cäcilie: Gehören werde ich niemand¬
1761 2522 2811 2593 befriedigt. Cäcilie blieb in doppeltem Sinne eine
723 2538 846 2611 frei
1762 2574 2810 2627 unverstandene Frau. Nach dem Anfangsakt danktel
764 2577 1051 2643 Amadeus-
1139 2573 1759 2643 Die zu deinem Schicksal und zu
1762 2624 2809 2669 Regisseur Brandt, nach dem zweiten Aufzug Schnitzler
714 2615 1771 2675 deren Schicksal du doch schon bestimmt bist, dies ist nür
709 2682 2796 2706 unheimlich. Und du bist auch nicht die Cäcilie, die ich ge=Ipersönlich. Der Schlußakt wurde flau aufgenommen.
724 2697 2800 2765 liebt habe — nein! Du bist nur sehr ähnlich einer, die mit teilweisem Zischen, welches jedoch ein etwas
727 2733 2816 2798 mir sehr lieb war, aber doch ganz anders als die. Nein,demonstrativer Applans übertönte. Die bedenkliche
714 2780 766 2816 d
886 2771 2820 2833 nicht die, die jahrelang meine Frau war; Fürstenszene rief stellenweise die Absichten des
715 2815 2813 2884 das habe ich in dem Augenblick empfunden, als du heremn=Dichters schädigende unbeabsichtigte Heiterkeit hervor.#
712 2856 2817 2901 tratest. — Nur ein geheimnisvoller Zusammenhang besteht [Kainz' Amadeus war voll vibrierender Nervosität,
718 2883 1768 2925 zwischen dem jungen Mädchen, das vor sieben Jahren
711 2900 2822 2963 eines Abends in meine Arme sank, und der die heute aus von feinster Transparenz, voll geistreicher, packender
1921 2950 2812 3005 Lotte Witt brachte das Seelenleben
718 2948 1916 2993 der Fremde in diesem Hause für kurze Zeit eingekehrt ist. Züge;
717 2996 2817 3032 Aber diese sieben Jahre habe ich mit einer anderen ver= Cäciliens bewundernswert zum Ausdruck, vielleicht
722 3030 1757 3076 lebt, — mit einer stillen, gütigen Frau, mit einer Art von
1760 3030 2818 3090 sogar etwas zu vornehm. Den Fürsten gab Korffs
723 3062 1763 3110 Engel vielleicht, der nun entschwunden ist. Die, die heute
1764 3066 2267 3138 mit vollendeter Noblesse.
722 3108 1764 3153 kam, hat eine Stimme, die ich nie gehört, Blicke, die mir
724 3140 1589 3182 fremd sind, eine Schönheit, die ich nicht kenne,
1623 3137 1764 3196 keine
717 3168 1754 3214 bessere, glaub ich, als jene andere, eher eine grausamere —
720 3210 1765 3281 und doch eins, glaub' ich, die mehr geschaffen ist zu be¬
720 3245 911 3311 glücken.“
786 3280 1776 3364 Halb sträubt sich Cäcilie, halb willigt sie ein, der
720 3338 1770 3388 jüngsten Liebeswerbung Amadens Gehör zu schenken,
1373 3381 1495 3415 Wanip
719 3381 1780 3444 wieder einmal, nicht nur dem Namen nach seine
719 3416 1769 3477 Gattin zu sein. Amadens glaubt min, seine Gattin
718 3465 1778 3527 sich wieder zurückerobert zu haben, doch ihr stolzer
719 3514 1777 3572 Charakter, der freilich an Widersprüchen nicht arm ist,
721 3553 1769 3599 ist ein eiserner Panzer, an welchem alle Vorschläge
719 3572 1779 3634 Amadens abprallen. Und als er sie an die jüngste
714 3618 1777 3692 selige Stunde gemahnt, höhnt sie ihm krivol entgegen:
715 3669 1781 3727 „War ich denn wirklich dein?“ Ich war es nicht,
722 3711 1783 3766 oder bist du so bescheiden geworden, mit einem mal,
721 3748 1764 3802 daß dir ein Glück genügte, das zur selben Stund¬
721 3781 1779 3853 vielleicht auch ein anderer hätte holen
712 3839 1723 3889 können, wenn er nur dagewesen wäre ...“
788 3872 1783 3932 Das Gerücht dringt an Amadens' Ohr, daß seine
716 3921 1779 3977 Gattin die Scheidung einleiten will, um Fürstin
725 3963 1783 4011 Siaismund zu werden. In einer allerdings etwas
720 3997 1773 4057 verspäteten edlen Auswallung sendet Amadeus dem
716 4046 1771 4094 Fürsten seine Zeugen, trotzdem diese ihn davon
711 4082 1777 4133 zurückhalten wollen unter Hinweis auf des Fürsten:
