3484 4256
215 187 1129 283 20 Zuischensbiel
1275 171 1729 259 box 25/4
1877 114 2042 171 T
1883 91 2676 212 ee Meiete Astent. Aene eee
2042 149 2803 235 San Francisco, Stockholm, St. Petersburg.
2215 198 2638 269 (Quellenangabe ohne Gewähr.)
1880 301 2332 395 Ausschnitt aus:
2343 232 2924 407 S Seger
1904 427 2062 477 vom:
2046 419 2417 511 P
2564 469 2900 542 Mmm—
2727 555 2994 639 —
1989 601 3031 730 Theater, Musik und Kunst.
2651 715 3066 772 on Liebhabern
2016 717 2592 776 M. W. M. Gesellschaft
1985 762 3073 814 dramatischer Literatur. Mittwoch, den 11. Ja¬
1994 801 3071 849 nuar 1906. — Mit einer kurzen Ansprache leitete Dr. A.
1983 849 3074 892 Flemming die zweite Hälfte der Saison 1905—1906 des
1993 881 3069 932 „Dramatischen Vereins“ ein. Er wies darauf hin, daß
1987 921 3064 970 unsere deutsche Gesellschaft hinter der russischen nicht
1980 965 3077 1012 zurückbleiben dürfe. Letztere ist vornehmlich im Jahre
1990 998 3069 1035 1905 durch die erschütternden Schicksalsschläge aus dem
1975 1035 3069 1090 Winterschlafe aufgerüttelt worden; neben dem politischen
1986 1081 3069 1127 pulfiert nun auch das regste schönwissenschaftliche und
1981 1115 3071 1156 künstlerische Leben in ihren Adern. Auch wir Deutschen
1990 1158 3081 1198 müssen wach bleiben und den Pulsschlag des geistigen
1981 1195 3072 1233 Lebens Deutschlands, das, wenn nicht mehr, so doch min¬
1982 1234 3081 1273 destens die Kulturheimat für jeden Deutschen ist, mit¬
1986 1272 3079 1329 fühlend miterleben. Die Aufgabe des „Dramatischen
1986 1318 3074 1365 Vereins“ ist es, im Verein mit anderen Institutionen der
1989 1357 3071 1403 Petersburger Deutschen diesen das Miterleben zu ermög¬
1988 1390 3077 1440 lichen. Ohne Unterstützung seitens der deutschen Gesell¬
1982 1440 3073 1484 schaft aber ist solches nicht denkbar. Es ist vonnöten,
1991 1474 3081 1515 einen Fonds zu gründen, welcher es dem „Dramatischen
1985 1522 3077 1563 Verein“ erlaubt, vor allem tüchtigen schauspielerischen
1981 1551 3074 1595 Kräften das Mitwirken am Vereine zu erleichtern und
1986 1594 3067 1643 solche Kräfte, wenn auch nur vorübergehend, heranzu¬
1980 1636 3066 1681 ziehen. So habe ich den verehrten Redner verstanden.
1988 1716 3080 1757 wesenden. In einem liebevoll und feinsinnig aus¬
1977 1751 3070 1798 gearbeiteten Vortrage wies Dr. Flemming auf die Ge¬
1984 1787 3075 1839 stalt Artur Schnitzlers hin und charakterisierte seine
1991 1823 3081 1882 Werke. Es folgte der Leseabend. Er brachte Artur
1994 1865 3068 1910 Schnitzlers Komödie „Das Zwischenspiel“. Hinsichtlich des
1989 1914 3078 1957 Inhalks verweise ich auf die eingehende Besprechung im
1987 1938 3081 1990 „Herold“ vom 18. Dezember 1905. Für unsere neuen
1982 1976 3070 2035 Abonnenten und unsere alten Leser, welche den alten
1980 2021 3073 2073 Jahrgang vielleicht verlegt haben, will ich in Kürze fol¬
1982 2060 3071 2113 gendes erwähnen. — Verstand und Gemüt ist das eine
1976 2094 3077 2141 Band, das sich mit dem Bande seelische und finnliche
2910 2140 3070 2189 psycho¬
1989 2134 2907 2180 Liebe zu einem Knoten verknüpft. Es ist ein
1988 2184 3071 2227 pathisches Drama. Wir haben keine gesunden Durch¬
1986 2217 3067 2263 schnittsmenschen vor uns, sondern übersensible — Durch¬
1992 2258 3063 2307 schnittsmenschen von Schnitzlers Gnaden, der an unserem
1982 2294 3067 2346 wichtigsten Lebensnerv herumexverimentiert, endlich den
1983 2336 3070 2379 Nerv bloßlegt und zu seinem Schrecken sieht, daß er da¬
1985 2374 3083 2424 durch den Nerv getötet hat: er hat ein Präparat für die
1983 2407 3073 2450 graue Theorie; das warme Leben ist ihm spöttisch ent¬
1987 2445 3075 2491 wischt. Kapellmeister Adams und seine Gattin Cäcilie
1984 2493 3074 2541 Ortenburg, eine gefeierte Sängerin, haben es sich zum
1989 2527 3071 2568 Prinzip gemacht, in allen. Dingen untereinander rück¬
1993 2569 3076 2618 haltlos offen zu sein. Ihre Ehe ist viele Jahre hindurch
1990 2616 3072 2660 glücklich; solange sie glücklich ist, freuen sie sich
1984 2642 3070 2692 ihres Prinzivs. Da legen sich fremde Hände auf
1980 2693 3066 2737 das zarte Gebilde des Glücks. Er wird durch die
1989 2725 3068 2771 leichtlebige Sängerin Gräfin Friederike Moosheim
1984 2756 3079 2826 gefesselt, sie durch den Schüler ihres Gatten, den
1986 2804 3083 2853 Fürstin Sigismund. Treten dritte Personen zwischen
1976 2849 3078 2893 zwei Liebende, so ist das Liebesglück entweiht; es ist nicht
1978 2891 3076 2948 mehr das alte Glück. Das Dazwischentreten der Fremden
1934 2978 3026 3036 kann nur ein Zwischenspiel sein, nach dem die alte Hand¬
1933 3021 3037 3086 lung wieder ausgenommen wird; doch die alte Handlung
1937 3056 3018 3126 ist nicht das alte Glück; dieses ist nichtwiederkehrend dahin.
1928 3103 3021 3166 Der Narr Amadeus wähnt durch die Freundschaft zwischen
1939 3138 3025 3192 Mann und Weib die wahre Ehe, die zugleich Freundschaft
1929 3185 3037 3224 und finnliche Liebe ist, ersetzen zu können. Seine Gattin
1921 3215 3032 3283 gibt ihm zweifelnd recht. Beide geben einander frei. Das
1930 3264 3028 3323 geistige Band, die gemeinsamen musikalischen Interessen,
1933 3294 3025 3361 die untrennbar schienen, werden zur Qual. Nach der
1926 3330 3022 3401 Trennung wird der Mensch in Amadeus rege, das Gemüt
1930 3365 3020 3435 besiegt übermächtig den Verstand: der „Gatte“ wird eifer¬
1937 3414 3025 3474 süchtig, der das Gerede der Welt verachtende „Freidenker“.
1935 3444 3023 3519 schielt nach dem Gerede hin. Die geistige Freundschaft
1932 3499 3024 3538 wird aufs schwerste verletzt: Frau Cäcilie wird, von sinn¬
1926 3531 3029 3594 lichem Verlangen nach einem anderen erfaßt, die außer¬
1917 3571 3016 3632 eheliche Geliebte ihres Gatten. Sie ist frei; sie darf und
1989 3613 3021 3664 will einem anderen ihre Liebe schenken und wird von
1917 3651 3013 3712 ihrem Gatten verführt. Ihr Freund hat seine Freund¬
1928 3678 3015 3756 schaft mißbraucht; sie ist moralisch gefallen. So schwer
1927 3730 3016 3789 es ihr auch wird, sie trennt sich von ihrem Freunde, dem
1929 3757 3020 3827 sie nur „Geliebte“ sein kann. — Ob sie anderen mehr als
1925 3814 3010 3863 nur „Geliebte“ wird sein können? Wohl kaum. Ihr
1919 3843 3022 3888 Glück ist durch das Experimentieren vernichtet. — Tief
1927 3875 3018 3943 sittlich ist das Schnitzlersche Drama. Blumenthal und
1933 3921 3011 3983 Konsorten revarieren jede getrübte Ehe dadurch, daß sie
1923 3960 3008 4021 Mann und Weib zu „Geliebten“ werden lassen. Weniger
1929 3993 3011 4044 Ggroßstädtisch=übermenschliche Individuen kommen entweder,
1924 4035 3002 4096 wenn sie das ethische Reinlichkeitsbedürfnis haben, über
1917 4075 3002 4136 den ersten Knax des faktischen oder geistigen Ehebruchs
1921 4114 3002 4173 nicht hinweg, oder aber sie machen sich, wenn sie dickhäutig
1916 4151 2266 4190 genug sind, nichte
2465 4157 2504 4192 2
