3436 4352
1357 138 1801 239 box 25/2
277 126 1198 249 20. Zwischensniel
1421 1416 2138 1485 ACrrCro „..—
2181 1421 3353 1502 Kgen undernumt, und Sarfte
2121 1432 2205 1501 11
299 1440 1023 1524 P
1284 1523 3352 1607 brauche also blos über die glänzende Aufführung zu  nicht werden. Denn erstens langt der Vorrath nicht
517 1522 1103 1613 Berkiner Theater.
235 1538 399 1643 A1
1294 1563 3151 1628 berichten, die das entzückend graziöse, nur hie und und zweitens macht diese Kost nicht satt.
249 1584 1195 1717 ## (Erlginal=Jeutkleion des „Neuen Pester Journal“.)
1297 1614 2342 1668 da mit störenden Längen belastete Werk hier gefun¬
2438 1601 3354 1683 Ebensowenig für den Großkonsum bestimmt
1293 1643 3357 1717 den hat. Und um da ausführlich zu sein, genügt war die Neueinstudirung, die das kgl. Schauspiel¬
392 1668 1315 1735 Theater und immer wieder Theater! Man
1319 1698 3356 1768 es, Namen zu nennen: es spielten Bassermann und haus der „Maria Magdalena“ Hebbel's zutheil
262 1711 3360 1784 hätte Lust und Ursache, so viel Anderes aus dieser Reicher und Frau Triesch! Was aus den Ge=werden ließ und die einen kleinen Theil unserer
265 1768 3359 1814 enormen Stadt zu erzählen, in der Schönes und schöpfen des Dichters an Licht und Wärme und Schuld an diesen Großen abtrug. Da die Künstler
275 1811 3354 1849 Verzerrtes, Lächerliches und Tragisches aus Einzel= Leben zu holen war, was an Witz und Weisheit, des Hoftheaters niemals, auch durch den Zufall eines
265 1857 1314 1915 schicksalen gleich ins Ungeheuerliche wachsen — aber
1311 1854 3356 1946 was an Humor und Galle in ihnen geborgen lag Gastspiels nicht, korporativ nach Budapest kommen,
278 1893 1315 1955 nein, immer wieder kommt Einem irgend eine
1311 1911 3360 1993 — Alles hoben sie, Alles gaben sie. Und sie gaben würde es keinen Zweck haben, die mit Namen zu
270 1945 2330 2020 Première in die Quere und die konzentrirte kleinessogar etwas, was in den dürren Worten nicht stand,
2318 1962 3363 2032 nennen, die sich um die prachtvolle Dichtung ver¬
266 1971 3364 2059 Komödie der Bretter verdrängt die großen und loser dem Werke aber sehr zu statten kam: der höchsten ständig und mit Erfolg bemüht haben. Interessant
267 2027 1312 2104 komponirten Komödien des Alltags aus der Be¬
1297 2051 3361 2120 Tragik und dem schicksalvoll=drohendsten eine Art für den Vergleicher war der Zufall, der das „Zwi¬
284 2070 541 2145 schreibung.
1297 2088 3365 2172 von unbewußter Spielrigkeit, die uns Unparteiische'schenspiel“ und „Maria Magdalena“ fast gleichzeitig
401 2128 3361 2208 Auf die Qual von Millionen und die Freude des Zuschauerraumes ahnen ließ, daß die Wunden zur Aufführung brachte. Der riesige, schwerblütige,
279 2165 3358 2260 einiger Wenigen — ober umgekehrt? —, auf die Derer da oben bald ausheilen würden, wenn das schicksalsgewaltige Hebbel zeigt mit blutiger Härte,
276 2215 3358 2281 verfehlteste und dabei eigensinnigst festgehaltene In= Blut im ersten Moment auch nur so quillt. Inl worüber „kein Mann hinauskommt“, und der nach¬
279 2257 3354 2322 stitution (so sagen die Einen), auf den höchsten Voll= dieser obersten firnißhaft durchsichtigen Stimmungs=denkliche, geistvolle, aber muskelschwache Wiener macht
283 2299 3377 2373 endungsversuch der menschlichen Gemeinschaft (sol schicht kam eigentlich die letzte Absicht des Dichters seine feinen und bissigen dreiaktelangen Glossen über
279 2340 3358 2428 sagen die Anderen) — auf die Ehe ist von einem zur Geltung. Gegen seine Absicht muß jedoch die die große Menge dessen, worüber der Mann sehe
271 2382 1309 2455 genialen Kerl ein neues Licht geworfen worden. Kein
1304 2397 3001 2455 Gestaltung des Fräulein Schiff, der koketten Gräfin,wohl hinauskommt oder doch —
2988 2396 3357 2477 hinauszukommen
271 2436 1320 2499 ruhiges, helles, bei dessen Schein man etwas Neues
1303 2441 3359 2525 gewesen sein. Die Künstlerin machte nichts von alllglaubt. Und wenn man die Entstehungsjahre der
268 2475 1325 2540 aus dem dunklen Komplex für die Betrachtung und
1300 2479 3353 2564 dem Zauber wahrscheinlich den diese Flirteuse aus=beiden Dichtungen zusammenhält, wundert man sich,
279 2529 1317 2579 vielleicht Verbesserung loslösen könnte, sondern ein
1313 2531 3342 2600 strahlen soll, und vor Allem war sie nicht sein wie wenig Zeit zwischen den ungeheuren Ent¬
275 2562 1313 2631 jähes, blendendes Feuerwerkslicht. Wahrnehmen kann
1304 2570 3353 2658 genug. Den hoch= und sensitio gestimmten Künstler fernungen liegt, als deren Meilensteine man sie an¬
275 2601 1324 2669 man dabei nichts, aber bunte, glänzende und präch¬
1301 2612 2560 2685 hätte eine so gewöhnliche Liebschaft unmöglich auch sehen mag.
280 2651 1321 2716 tige Raketen steigen empor ins Dunkel, entfalten sich
1312 2646 2331 2715 nur für Stunden fesseln, gar nicht daran zu den¬
2431 2654 3282 2731 Ein junger Wiener, Richard Fellinger,
270 2694 2327 2770 zu wunderschönen Lichtarabesken, verblüffen mit blen=ten, daß sie ihn in einen Taumel hätte bringen
2314 2693 3352 2773 mit der Aufführung seines „Ein Feiertag“ im Kleinen
273 2736 2333 2825 denden Effekten und verlöschen knisternv. Auf das können, in dem er sich an seinem Schicksal ver¬
2314 2748 3352 2824 Theater des sehr rührigen Tictor Barnowsky einen
283 2779 1501 2860 Stück angewendet heißt das: Der Cinzelfall, den sündigt.
2309 2803 3347 2856 nicht lauten, aber ehrlichen Erfolg gehabt, der in¬
350 2833 1327 2896 hi#ler in seinem „Zwischenfall“ behan¬
1415 2832 3353 2904 „Zwischenspiel“ wird trotz all seiner vornehmen dessen neben vielen Vorzügen seines Werkes doch
278 2859 1304 2930 Felt, enthall keine Nutzanwendung für unser Leben,
1302 2857 3347 2951 Qualitäten kein Zugstück werden in Berlin. Wohl wohl mehr ein Vorschuß auf die Verheißungen seines
268 2904 3350 2990 aber seine Behandlung amüsirt und steckt voller Reize auch anderswo nicht. Es ist zu sein, zu zart, zu Talents war, als das Honorar der künstlerischen
270 2952 653 3021 und Feinheiten.
1284 2963 3348 3028 künstlerisch; den Strapazen von etlichen fünfzig Leistung. Das Sujet ist — ohne neu zu sein — gut
398 2997 3346 3077 Die Fabel des Werkes dürfte meinen Buda=Aufführungen ist seine dramatische Konstitution nicht und wirksam, und geschickt behandelt hat es der
268 3046 3347 3118 pester Lesern aus den Berichten über die der hiesigen gewachsen. Man kann das eigentlich nicht bedauern; Autor. Er hätte ja mehr aus dem sehr gewichtigen
284 3084 3348 3145 vorangegangene Wiener Premiere geläufig sein. Ich Kaviar ist keine Voltsnahrung und soll's auch gar Stoffe holen können, ein paar Fuß tiefer als das
1075 3181 2515 3256 Die heutige Rummer umfaßt zwanzig Seiten.
