3436 4320
1277 208 1687 298 box 25//4
569 208 699 286 s C
193 216 1098 317 20. 20 nspiel
394 746 715 807 Telechon 12831.
1116 836 1295 920 □ 5
553 862 1244 968 „UUSENVEN
404 957 1486 1016 österr. bshördl. konz. Unternehmen für Zeilungs-Ausschnitte
575 1016 1299 1101 Wien, I., Concordiaplatz 4.
774 1087 1096 1140 Vertretungen
376 1122 1494 1176 in Berlin. Budapest, Chicag, Christiania, Genf, Kopenlagen,
364 1189 1504 1223 Londen, Madrid. Mailand, A.nneapolis, New-Vork, Paris, Rom,
553 1216 1318 1267 San Fräncisco, Stockhoim, St. Petersburg.
730 1246 1140 1317 (Quellenangabe ohne Gewähr.)
369 1293 1380 1411 Ausschnitt aus: Iglader Volksblatt
370 1443 508 1494 vom:
524 1427 842 1523 10Z. 1906
378 1484 505 1528 12
834 1480 1189 1616 Theater
582 1621 1524 1698 Schnitzler ist ein Moderner. Wie ein sezessioni¬
492 1663 1538 1746 stescher Manr die Natur malt er in seiner Komödie
498 1719 1534 1770 „Zwischenspiel“ das Seelenleben in einer ganz
505 1770 1536 1823 absonderlichen Art. Wir selen da ein junges Ehe¬
495 1825 1546 1887 paar, das trotzgegenseltiger Zuneigung aus tausenderlei
504 1875 1536 1923 Vernunstgründen Schwonken zwischen sich aufbaut, um
496 1926 1525 1977 schließlich ohne nennenswerten Grund in dem Augen¬
481 1957 1544 2019 blick=, wo sie sich wieder gefunden zu haben scheinen,
464 2019 1531 2082 Uendgiltig aus inander zu gehen. Der Dialog beherischt
468 2075 1535 2127 das ganze Stück und in demselben liegt auch die
492 2111 1545 2177 damatische Kraft, die den Zuhörer die Anfregung
481 2158 1542 2231 #mit teill, in welche sich die Hauptakteure hineinreden.
494 2203 1539 2292 Befriedigt wud man am Schlusse aber nicht, das
509 2246 1550 2336 war auch gar nicht die Absicht des Autors, wilcher
496 2306 1540 2366 ja selbst einen herlömmlichen Schluß persifliert. Die
498 2360 1549 2423 Komödie ist mehr für überspannte Naturen geschrie¬
504 2418 1534 2465 ven, denn in normalen Verhältnissen nimmt das
499 2455 1539 2513 Leben kompaktere Formen an. Mann könnte fast
491 2497 1536 2571 glauben, daß die Freude, in dim sich selbst verur¬
486 2554 1538 2616 sachten Schmerz zu wühlen, die Triebfeder ist, weiche
498 2601 1535 2676 die Heldin veranlaßt, ihren Gatten aus dem ehelichen
483 2653 1551 2730 Glücke hinauszufloßen. Am Ansange denkt sie bereits
494 2692 1534 2779 an das Ende, das kommen muß. Und als dieser
494 2740 1535 2799 Zeitpunkt in ihrer Ehe gekommen scheint, beschle¬
502 2788 1531 2859 ßen beide, der begabte Komponist Amadeus und die
488 2837 1528 2908 gefeierte Künstlerin Cäcilie Adams=Ortenburg ihre
500 2901 1527 2949 Liebe durch eine solide Kameradschaft zu ersetzen und
485 2943 1539 2988 sich in ihren Libschaften keinerlei Zwang anzutun.
498 2993 1537 3074 Gewiß modern nach modernen Begriffen. Wie aber
489 3029 1524 3096 der Reiz an dem Verbotenen schwindet, wenn es er¬
494 3078 1541 3148 laubt wird, so bildet sich von selbst die alte Liebe
500 3127 1541 3194 wieder zurück und erreichte ihren Höhegunkt in einer
496 3167 1557 3244 Szene hochauflodernder Leideuschaft, welche die beiden!
495 3248 1568 3300 Gatten vereinigt. In der folgenden Reaktion gibi!
490 3286 1571 3359 die empfindsame Natur Cäciliens den Ausschlag und 1
427 3347 1561 3402 b beide trennen sich, trotzdem sie miteinander hätten e
489 3372 1571 3457 glücklich sein können. Die Aufführung war eine rechtd.
433 3444 1515 3507 ls lobenswerte. Frl. Seyffert und Hr. Lenhart, beson¬
482 3475 1566 3564 ders erstere, bewiesen ihre hohe Begabung an dieserje
494 3551 1568 3605 schwierigen Aufgabe, welcher sie vollends gerechtld
462 3551 513 3595 *
493 3595 1571 3649 wurden. Hr. Rinner (Albertus Rhor) charakterisierteb
508 3635 1572 3696 die Ungenierihrit des genialen, eiwas saloppen!?
498 3677 1570 3739 Schriftstellers sehr richtig. Hr. Starkmann machtesb
490 3714 1531 3794 für den ersten Moment einen ganz guten Eindruck,
1525 3745 1580 3833 1
484 3762 1532 3849 leider aber hult dieser durch die sade, jämmerliche
498 3831 1556 3900 Art, wie er den Fürsten gab, nicht an. Frl. Riviell
495 3874 1567 3937 (Gräfin Friederick) und Hr. Schweiger (Marie)sk
501 3926 1115 3990 führten ihre Rollen gut durch.
1429 3950 1552 4034 7
2637 379 3001 437 Talephon 12801.
2115 465 2814 602 „OBSERVER‘
1920 571 3029 648 I. österr. behördl. konz. Unternehmen für Zeitungs-Ausschnitts
2120 631 2879 711 Wien, I., Coneordiaplatz 4.
2346 695 2653 758 Vertretungen
1942 737 3043 800 in Berlin, Budapest, Chicago, Christiania, Genf, Kopenhagen,
1945 789 3044 843 London, Madrid. Mailand, Minneapolis, New-York „Paris, Rom,
2115 823 2882 885 San Francisco, Stockholm, St. Petersburg.
2287 866 2708 927 (Gesilenangabe e#se Gevahr.)
1953 950 2986 1044 Ausschnitt ausfährischer Grenzbote, iglau
2189 1030 2459 1108 11. 2 1606
1962 1068 2124 1119 vom:
2090 1133 3006 1199 Daß auch geniale Dichter langweilig werder
1983 1170 2997 1255 können, das bewies uns Schnißler in seiner „Ro¬
1976 1209 3034 1304 mödie“ „Zwischenspre lange Autsg
2983 1288 3048 1325 —
1991 1272 2966 1343 hindurch mühen sich zwei Leute ab, sich gegenseitig
1983 1326 2959 1380 zu beweisen, daß es besser sei, wenn sie auseinan
1993 1374 2971 1429 dergehen; sie ziehen sich an und stoßen sich ab, un
1985 1413 3040 1502 schließlich sich doch zu trennen Schnitzler wollts5
1997 1485 3054 1562 im Gegensatze zu Bacos „Untreu“ den Nachweis)
2004 1549 3051 1590 liefern, daß die Ehe denn doch auf etwas Höherem?
1997 1599 3048 1664 und Reinerem aufgebaut sein müsse als auf dem;
2003 1635 3012 1702 bloßen sinnlichen Rausche. Die Aufführung war
1997 1691 3018 1744 eine durchaus lobenswerte. Die Damen Seyffert,
2003 1733 3019 1782 Rivrel und Schweiger sowie die Herren Len¬
2003 1782 3021 1850 hart, Renner und Starkmann gaben sich
2003 1837 3018 1887 redlich Mühe, das Interesse des Publikums zu
1999 1869 3029 1953 wecken; vergebens. Im dritten Akte wurde das
1996 1927 3016 1984 Publikum schon unruhig; man fingg.selbst in den
2001 1973 3009 2025 ernstesten Szenen zu lachen an und als der Vor¬
1997 2021 3010 2089 hang fiel, war das Stück auch schon zu Grabe
1990 2072 3022 2118 getragen. Hier wird sich wohl Niemand nach seiner
1995 2124 2518 2168 Wiederaufführung sehnen.
2657 2275 3013 2361 Telephon 12801.
2181 2371 2818 2493 OBSERVER‘
2156 2475 3033 2540 dördl. konz. Unternehmen für Zeitungs-Ausschnitte
2141 2542 2870 2616 Wien, I., Concordiaplatz 4.
2361 2601 2649 2665 Vertretungen
2061 2648 3045 2701 rlin, Budapest, Chicago, Christiania, Genf, Kopenhagen,
2012 2692 3044 2746 don, Madrid, Mailand, Minneapolis, New-York, Paris, Rom,
2116 2735 2887 2794 San Francisco, Stockholm, St. Petersburg.
2297 2776 2711 2838 (Quelienangabe ohne Gewühr.)
1952 2836 3054 2934 Ausschnitt aus:P#i#reburger Herold
2309 2922 2744 3033 24 2 1906
1962 2954 2131 3010 vom:
1999 3040 2982 3125 Theater, Musik und Kunst.
2140 3114 3021 3176 Deutsches Theater der „Palme“
2001 3126 2087 3179 E—
1938 3168 3022 3218 Donnerstag, den 9. Februar, „Zwischenspiel“ von
2506 3199 3018 3263 glersche Komödie schon bei
1932 3199 2386 3258 A. Schnitzler. Da die
1947 3208 3035 3292 anderen Gelegenheiten ausführlich—Frochen worden ist,
1942 3278 3028 3323 so wollen wir uns hier sogleich der Aufführung zu¬
1936 3322 3028 3375 wenden, die das „Zwischensviel“ durch das Ensemble der
1933 3353 3027 3406 „Palme“ gefunden hat. Ida Simon (als Cäcilie) wurde
1935 3399 3034 3445 der Interpretation dieses komplizierten Frauencharakters
1944 3443 3038 3480 in der Hauptsa te aerecht. Weniger können wir dies von
1936 3468 3035 3524 dem Kapellmeister Walter Steinerts sagen. Diese Gestalt
1945 3521 3038 3569 soll auf den Zuschauer den Eindruck einer kraftvollen
1943 3569 3027 3602 und zugleich originalen Persönlichkeit machen. Herr
1939 3593 3032 3626 Steinert brachte es aber nur bis zur Darstellung eines
1944 3631 3028 3676 netten, jungen Mannes aus besserer Familie. Auch
1933 3678 3040 3721 hätte er das Tempo des Dialogs etwas lebhafter nehmen
1929 3707 3035 3762 sollen; stellenweise legte sich der unnatürlich lang ge¬
1938 3744 3044 3805 zogene Dialog wie ein Bleigewicht auf die Seele des
1938 3786 3036 3830 Zuschauers. Das Seine zum — Verderben des Gesamt¬
1935 3824 3030 3877 eindrucks trug Alfred Fischer bei, der aus der Rolle des
1935 3864 3037 3907 Albertus irgendetwas unmenschlich Groteskes machte.
1944 3902 3035 3943 Von den Vertretern der übrigen Rollen läßt sich nichts
1931 3940 3039 3986 Besonderes sagen. Schließlich wollen wir die Bemerkung
1945 3985 3040 4028 nicht unterdrücken, daß auf der Szene wohl gegessen,
1949 4015 3041 4074 aber nicht mit vollem Munde gesprochen werden sollte;
1949 4061 2588 4117 wenigstens nicht in Salonstücken!
2275 4097 3052 4171 Gi
