3436 4352
315 262 1837 375 20. Zuischenspiel box 25/2
2262 187 3128 244 schenspiel“, das am Wiener Burgtheater kühl
2252 241 3135 294 abgelehnt wurde, hat hier einen vollen Erfolg
2248 278 3121 334 gefunden. In Wien fand man gemacht und ge¬
2243 300 3237 387 klügelt, was hier durchaus einfach und natürlich 2
2228 359 3132 420 wirkte. Ich konnte erst die zweite Aufführung der
2242 406 3126 459 Komödie besuchen, und es muß festgestellt werden, daß
2237 448 3129 516 die Dichtung Schnitzlers auf die Sonntagsbesucher
2240 491 3134 545 des Lessing=Theaters, auf ein Publikum also, das
2240 537 3136 599 für die Wirlung ganz fein und zart differenzierter
2241 565 3128 632 Empfindungen nicht gerade besonders geschult ist,
2231 598 3126 687 enen gan; starken und überzeugenden Eindruck
2231 653 3131 741 gemacht hat. Man hörte mit gespannter
2239 707 3125 757 und freudiger Anteilnahme zu, und in
2233 742 3130 806 den lebhaften Beifall, der nach dem zweiten und
2235 791 3133 857 dritten Akt den Dichter auf die Bühne rief,
2231 835 3142 895 mischte sich kein Laut des Mißfallens. Arthur
2240 872 3139 936 Schnitzler gehört ja nicht zu den Poeten, die
2235 916 3133 982 nur ganz gradlinige und in sich klare und ge¬
2240 952 3135 1028 schlossene Menschen auf die Bühne bringen. Ihn reizt
2238 1008 3135 1061 es viel eher, dem wechselnden Spiel leicht erregbarer
2240 1055 3141 1120 Nerven mit stiller Anteilnahme zuzuschauen und in
2241 1098 3137 1168 die letzten Gründe unsres Denkens, Fühlens und
2230 1128 3130 1193 Tuns lachend und doch auch mitleidig hinein zu
2243 1188 3133 1257 leuchten, in jene Gründe sogar, die nicht immer:
2233 1228 3125 1290 über der Schwelle des Bewußtseins lagern. Daß
2242 1271 3125 1337 seinen Menschen dadurch hin und wieder etwas
2239 1308 3126 1379 Kompliziertes anhaftet, soll nicht geleugnet werden,
2240 1353 3139 1422 aber Schnitzlers Gestaltungskraft ist kräftig genug,
2239 1408 3129 1454 um auch dies Komplizierte lebendig und verständ¬
2238 1442 3139 1493 lich zu machen. Der Kapellmeister und Komponist
2242 1487 3140 1543 Amadeus Adams führt mit seiner Frau Cäcilie,
2245 1530 3134 1590 die eine berühmte Sängerin ist, nicht gerade eine
2245 1574 3133 1632 normale Musterehe. Sein leicht entzündliches
2236 1613 3151 1672 Künstlertemperament lockt ihn zuweilen in leichte
2239 1665 3137 1724 Abenteuer, und die beiden Menschen, die sich aus
2235 1702 3129 1760 Liebe geheiratet haben, leben nach dem Grund¬
2235 1747 3137 1811 satz, immer wahr gegeneinander zu sein und sich
2227 1801 3126 1852 nichts zu verhehlen, was sich in ihren Herzen
2230 1828 3131 1894 gelegentlich einmal auch nach anderer, standesamtlich
2242 1883 3121 1940 nicht vorgeschriebener Richtung regt. So ver¬
2248 1929 3123 1983 zeihen sie sich scheinbar leichten Herzens eine
2235 1975 3129 2026 kleine Liebelei, die Amarens mit einer koketten
2243 2010 3130 2058 Gräfin und früheren Opernsängerin hat, ebenso
2240 2055 3123 2114 wie einen lebhaften Flirt, der sich zwischen
2236 2081 3132 2161 Frau Cäcilie und einem jungen Fürsten
2241 2129 3135 2208 angesponnen hat. Die beiden Gatten kommen
2246 2187 3119 2253 überein, die eheliche Gemeinschaft, die für sie
2238 2224 3133 2294 immerbin große Annehmlichkeiten hat, trotzdem
2233 2278 3136 2327 nicht aufzuheben, sondern als gute Kameraden
2233 2313 3133 2386 auch fernerhin nebeneinander zu leben. Das geht
2235 2352 3142 2438 ein Weilchen auch ganz gut, bis Frau
2225 2390 3127 2469 Cäcilie von einer Gastspielreise zurück¬
2222 2450 3125 2512 kommt, während der ihr Fürst ihr ständiger
2229 2494 3123 2541 Begleiter gewesen ist. Die kurze Trennung hat in
2241 2537 3136 2599 imadens wieder eine starke Leidenschaft für seine
2224 2576 3115 2637 Frau entzündet und für eine Nacht vergessen beide,
2229 2627 3122 2690 daß sie sich nicht mehr sein wollten, als nur guten
2224 2655 3129 2730 Freunde. Diese Vergeßlichkeit legt nun aber dem
2224 2712 3119 2767 Gatten die Verpflichtung nahe, den Verehrer seiner
2235 2759 3125 2832 Frau vor die Pistole zu fordern. Aber in einer
2232 2800 3123 2860 sehr fein und mit diskretem Humor geführten
2224 2844 3120 2908 Auseinandersetzung zwischen den beiden Neben¬
2224 2900 3131 2954 uhlern kommt Amgdeus zu der Ueber¬
2225 2936 3114 3001 zeugung, daß es so blutiger Genugtnung
2218 2970 3121 3047 nicht bedarf, da der junge Fürst über die
2224 3009 3114 3088 strengsten Grenzen platonischer Verehrung
2224 3058 3120 3129 nie hinausgekommen war. Inzwischen hat aber
2226 3104 3117 3170 Frau Cäcilie eingesehen, daß die kurze Ver¬
2222 3145 3120 3224 söhnung mit ihrem Gatten nur ein Zwischenspiel
2216 3197 3119 3248 sein darf, da sich Alles, was sie bisher mit ihm
2213 3235 3112 3305 erlebte, doch immer wiederholen würde, und da sie
2210 3285 3108 3358 in ihrem Herzen nicht mehr die Kraft fühlt, darüber
2212 3334 3110 3388 hinwegzukommen. So geht die Ehe zuletzt für
2221 3371 3108 3422 immer in die Brüche, weil beide Gatten ihre
2228 3409 3107 3461 Schmerzen stets zu leicht genommen hatten
2225 3459 3110 3520 und weil sie im letzten Grunde stets unwahr
2216 3492 3127 3582 gegen einander gewesen sind. Die beiden
2216 3536 3116 3612 Hauptfiguren der Dichtung wurden von Albert
2213 3571 3106 3658 [Bassermann und Irene Triesch
2208 3635 3115 3699 mit hinreißender Innerlichkeit und einer klugen“
2210 3672 3116 3749 Kunst gespielt, die auch die leifesten Schattierungen
2224 3724 3105 3795 und Nnancen des Empfindens mit eindringlicher
2223 3766 3106 3821 Anschaulichkeit zur Wirkung brachte. Emanuel
2221 3813 3110 3882 [Reicher, Else Schiff und Hedwig
2214 3847 3107 3935 [Pauly waren in den kleineren Rollen gleich¬
2229 3884 2566 3946 folls vortrefflich.
2632 3896 3098 3963 So dürfte Schnitzlers
2227 3943 3110 4016 „Zwischenspiel“ denn hier bei uns einen weitaus
2233 4067 3130 4157 nachhaltigeren Erfolg finden, als in der Heimat.
2233 4108 2501 4186 des Dichters.
2940 4129 3053 4181 Sch.
