3484 4352
1291 230 1761 318 box 25/2
236 230 1269 339 20. Zwischensniel
703 894 1710 956 Ae interessante Erscheinung. Sie war frücer BucheC.
429 1004 1751 1053 solcher bypermodernen Ehe die eitle spielerische Erhöhung über die Jer
438 1035 1743 1094 Forderungen der Natur in den Folgen sich selbst wiederlegen und Tit
1647 1075 1763 1133 gee
431 1080 1635 1131 ironisieren. Ironisch und komisch und verdreht bis zur
432 1125 1636 1179 Groteske werden die drei Alte durch allerhand begleitet.
1643 1142 1757 1203 nier
429 1157 1645 1200 Ein dramatischer Dichter, als Vertrauter und Raisonneur durch
1653 1196 1741 1244 hin.
419 1200 1635 1256 das Stück gebend, ironisiert das Verhältnis von Wirklichkeit
1649 1233 1740 1286 beh
424 1238 1637 1302 und dem Bedürfnis des Dramas, indem er immer neue Schluß¬
1642 1277 1743 1321 zun
425 1277 1628 1334 effekte vorschlägt In einer glänzenden, auf des Messers Schneide
1646 1314 1742 1362 Un
416 1326 1622 1367 tanzenden Szene werden Ehemann und Liebhaber einander gegen¬
1640 1349 1739 1403 Bei
419 1352 1628 1406 übergestellt. Vor allem ist Schnitzler wieder der intimste Kenner
1645 1393 1748 1457 au
418 1396 1629 1447 weiblicher Seele, deren Wesen er, aller Sophistik zum Trotz, aufs
424 1434 1621 1487 subtilste zergliedert. Und es ist interessant, daß auch bei ihm, wie
1650 1472 1746 1519 der
423 1483 1632 1527 bei Ibsen, wie bei Bahr und Soaw, in diesen Krisen zwischen
1643 1503 1751 1557 der
430 1516 1639 1578 Mann und Weib das Weib als der innerlich reichere, kompliziertere,
1648 1546 1733 1613 die
424 1559 1232 1605 bedeutsamere Organismus dargestellt wird.
503 1570 1629 1647 Mag nun die eigentliche Bühnenwirksamkeit dieses „Zwischen¬
1643 1611 1725 1677 lei
430 1625 1633 1690 spiels“ nicht zu hoch eingeschätzt werden dürfen, ihr Dialog gebört
1657 1663 1732 1715 bei
430 1674 1631 1731 zu dem geistyollsten, was die moderne deutsche Literatur gezeitigt
1643 1705 1721 1753 in
423 1719 1632 1758 hat. Ueber Liebe und Ehe, das Verhältnis der Geschlechter — es
1647 1744 1740 1804 kor
432 1753 1631 1799 blitzt und funkelt von fein pointierten Thesen und Amituesen. Ein
1655 1785 1722 1837 D
424 1788 1637 1842 wunderbarer Teppich, an dessen Farben und Muster das Auge sich
1657 1827 1745 1867 un:
421 1829 1635 1874 ergötzt, wenn die Linien sich wirr verästeln und verschlingen. Ueber
1659 1865 1732 1911 Hir
420 1875 1634 1922 dem allen trug ein in den Hauptrollen meisterhaftes Spiel das
1654 1895 1753 1951 ibe
426 1905 1632 1955 Werk zu einem Erfolg, der den Dichter nach allen Aktschlüssen vor
1649 1939 1740 1989 grü
434 1948 1637 1993 den Vorhang rief. Ob auch die verblüffende Schlußwendung den
1645 1974 1743 2039 stei
421 1992 1630 2037 Widerspruch laut werden ließ, da nach manchem Gaukelspiel komischer
1646 2020 1747 2069 ein
424 2025 1636 2071 und dialektischer Klangverbindungen die etwas sentimentale ernste
1658 2060 1755 2109 Eng
420 2063 1636 2119 Note das Zwischenspiel endet. Frau Triesch machte die subtile
1648 2096 1743 2151 der
429 2105 1632 2154 Seelenschilderung des Dichters ebenso wahr wie die Irrwege
1644 2130 1759 2188 plöt
428 2146 1634 2197 seiner Sophistik. Das Weib, dem das klarere Bewußtsein elementarer
1648 2176 1749 2227 reic
429 2180 1633 2225 Kräfte innewohnt. Ein wunderbares Spiel, wenn im Anfang die
1647 2219 1755 2266 eini
421 2222 1634 2280 ängstliche Erkenntnis schwindender Liebe des Gatten mit dem Stolz
1643 2258 1753 2306 Sal
431 2256 1641 2312 des Weibes kämpfen. Leidenschaft und der Ausbruch der befreiten
1652 2291 1774 2348 kem:
429 2303 1637 2357 Kreatur, die Sehnsucht unerfüllter Wünsche, ihre anklagende Dialektik,
1652 2337 1756 2393 geke
420 2337 1643 2391 ihr stummer Schmerz am Schluß, das war ein Menschenbild. Herr
1657 2376 1764 2423 trac
433 2378 1636 2431 Bassermann, vorzüglich in der Maske, gab den Künstler als
1655 2415 1750 2473 „W
430 2421 1637 2469 das große naive Kind, das mit sanguinischem Optimismus, mit
434 2462 1636 2508 tänzelnder Dialektik über die Abgründe voltigiert, sich selbst als Ueber¬
1648 2479 1758 2543 das
434 2497 1627 2546 mensch betrügt. Wenn vielleicht etwas an ursprünglicher Einfalt
433 2530 1644 2589 ihm zu wenig zu eigen ist, so stattete dafür Herr Reicher seinen
1652 2553 1755 2623 Sch¬
428 2573 1644 2631 dramatischen Dichter mit etwas zu viel Einfältigkeit aus, in der
1659 2606 1751 2663 Her
423 2611 1631 2658 Erscheinung und im Ton. Aber die Trockenheit seiner Rede wirkte
1660 2654 1751 2702 spie
435 2645 1641 2717 echt. In der sehr schwierigen Rolle des Fürsten ersetzte Herr
1651 2691 1750 2760 auf
433 2703 1639 2757 Grunwald durch diskreteste Feinheit des Spiels, was der
1647 2735 1725 2779 zu
425 2746 1395 2800 Gestalt an durchlauchtiger Vornehmheit wohl fehlte.
1646 2763 1747 2818 Die
509 2765 1632 2813 Im Theater des Westens gastierte am Sonnabend in
1660 2807 1753 2867 leit
423 2803 1634 2862 Rossinis „Barbier von Sevilla“ als Rosine Fräulein Yvonne de
432 2850 1638 2910 Tréville von der Pariser Opéra comique. Eine weit über
1647 2869 1747 2948 TI
435 2897 1640 2948 das Mittelmaß hinausreichende Künstlerin ist die Französin nicht.
1645 2926 1752 2982 ges¬
438 2926 1644 2989 Dazu fehlt es vor allem ihrer Stimme an sinnlichem Reiz. In
1649 2969 1764 3024 We
429 2969 1638 3024 der Höbe klingt ihr Organ, das an und für sich leidlich stark ist,
432 3012 1748 3066 etwas scharf. Im übrigen aber bewies die Dame große Kunst=] So¬
1657 3048 1740 3098 „D
432 3054 1633 3097 fertigkeit im Koloraturgesang und die schwere ihr dabei in dem
1650 3090 1738 3140 da
433 3083 1640 3135 „Barbier“ gestellte Aufgabe löste sie, wenn auch nicht ohne Mühe,
1654 3117 1741 3180 „K.
432 3123 1645 3183 so doch mit dem besten Gelingen. Als Darstellerin befriedigte
1655 3161 1739 3215 im
441 3164 1642 3211 Fräulein Tréville durchaus. Ihr sympathisches Aeußere und ihre
1655 3208 1735 3257 ne#
432 3209 1640 3258 graziösen Bewegungen kamen ihr dabei gut zu statten. Leider
1653 3238 1740 3302 im
437 3250 1643 3296 stand die Vorstellung im ganzen auf einem nicht sonderlich hohen
433 3266 1740 3337 Niveau und der Beifall des Publikums galt wohl nur ausschließlich Yr¬
1667 3329 1730 3381 be
433 3322 905 3374 dem französischen Gaste.
1656 3371 1732 3407 ur
528 3343 1644 3412 In „Ferdinand Bonns Berliner Theater“ wurde am
1646 3403 1725 3451 D
431 3410 1644 3455 Sonnabend wiederum die deutsche Literatur gerettet. Der neue
433 3439 1741 3513 Dichter heißt Kurt Berns. Er hat nach einer Erzählung von G¬
2779 317 3153 415 Telephon 12801.
2827 420 3015 498 023
2253 454 2964 540 „UBSEMVER
2081 531 3160 595 I. österr. behördl. konz. Unternehmen für Zeitungs-Ausschnitte
2273 578 3004 659 Wien, I., Concordiaplatz 4.
2485 641 2787 711 Vertretungen
2085 688 3170 757 in Berlin, Budapest, Chicago, Christiania, Genf, Kopenhagen,
2084 743 3174 812 London, Madrid, Mailand, Minneapolis. New-YVork. Paris, Rom,
2250 785 3015 831 San Francisco, Stockholm, St. Petersburg.
2436 823 2841 884 (Quellenangabe ohne Gewähr)
2077 846 3134 961 Ausst a Jutionnn
2679 988 3106 1097 p
2132 1084 3225 1161 M. O. Lessing=Theater. Arthur Schnitzler
2038 1129 3233 1201 dreiaktige Komödie „Zwischenspiel“, die gestern in
2041 1188 3227 1242 Lessing=Theater ihre Berliner Erstaufführung erlebte, ge
2042 1233 3235 1290 hört zu den Komödien, die mit dem Aermel an das Tra¬
2037 1290 3246 1332 gische streifen, aber sie unterscheidet sich auch von diesen
2035 1323 3249 1375 ihren Schwestern dadurch, daß sie es wagt, ein ernstes
2033 1362 3254 1417 Fragezeichen an ihren Schluß zu setzen. Sie symbolisiert
2035 1413 3245 1467 durch dies ungewöhnliche Verhalten die Eigenart ihres
2035 1456 3240 1507 Themas, das zu spielender Behandlung reizt und dann durch
2040 1495 3245 1550 seine eigne Schwerkraft den Dichter unversehens in eine
2042 1531 3248 1581 andere Stimmung zieht. Es sind die ewigen Rätsel von der
2041 1572 3249 1645 tiefen Verschiedenheit der Stellung der Geschlechter zu dem
2041 1609 3255 1689 Problem der Liebe und der Ehe, von denen darin in zwar
2031 1660 3244 1724 leichten und seinen Planderstunden gesprochen wird Das
2036 1709 3244 1759 alte Lied: was für den Mann ein Stück des Lebens ist, ist
2042 1767 3242 1822 iir die Frau das Leben selbst. Der Mann, von unaustilg¬
2338 1843 2386 1881 —
2754 1843 2790 1886 Apat
2059 1838 3263 1927 baren polygamistischen Instinkten getrieben, kann wohl
2063 1895 3268 1958 Liebe und Ehe, Leidenschaft und Treue schaiden, kann wohl in
2068 1928 3267 2004 sich die Kraft und Sicherheit fuhlen, nach einer erotischen
2058 1994 3261 2046 Episode zu dem tieferen Gefühl zurückzukehren, das ihn an
2058 2025 3269 2097 die Gefährtin des Lebens bindet, und dessen innere Fäden
2072 2076 3266 2139 auch während des „Zwischenspiels“ nicht zerrissen waren.
2072 2126 3268 2186 Die Frau wird das nie ganz verstehen, ja mehr, sie darf es
2062 2162 3266 2222 garnicht verstehen; denn wenn sie es versteht, so hat es meist
2124 2208 3265 2269 seine Gründe. Der Kapellmeister Amadeus Adams und
2069 2255 3267 2309 seine Gattin Cäcilie, ihres Zeichens berühmte und umwor¬
2060 2281 3269 2354 bene Opernsängerin, beschließen als freie Menschen, eine
2061 2327 3266 2396 Ehe der Wahrhaftigkeit zu führen, in der es unwürdige Ge¬
2062 2379 3276 2429 heimnisse nicht geben darf. So erstatten sie dann auch offen
2060 2434 3269 2493 einander Bericht, als Amadeus im Begriff ist, in die Netze
2061 2464 3267 2530 einer koketten singenden Gräfin zu gehen, und Cäcilie die
2054 2516 3271 2573 Neigung eines jungen fürstlichen Musikdilettanten zu er¬
2063 2553 3271 2623 widern beginnt. Zögernd geht die Frau, mit übermütigem
2067 2618 3268 2663 Siegesbewußtsein, der Mann darauf ein, die Konsequenzen
2067 2639 3269 2709 aus jener „Wahrhaftigkeit“ zu ziehen: man trennt sich auf
2066 2686 3269 2745 eine kurze Zeit in Freiheit und unter eigener Verantwor¬
2057 2732 3263 2793 tung wie Ibsen sagen würde. Aber als das Zwischenspiel
2061 2783 3269 2837 vorüber, zeigt sich die Verwirrung. Amadeus hat sorglos
2071 2816 3262 2885 sein Abenteuer bis zur Neige ausgekostet. Ernüchtert und
2064 2866 3226 2925 mit neuer, verstärkter Sehnsucht will er sich der Gattin wie
2064 2913 3255 2972 der nähern, die selbst dem Gatten im Sinne des Gesetzes
2064 2944 3275 3018 nicht die Treue gebrochen, deren ganzes Wesen aber in der
2054 3009 3253 3058 verhängnisvollen Zeit der Freiheit durchrüttelt und ver¬
2060 3039 3267 3097 sändert worden. Ihr Frauengefühl sträubt sich gegen die
2053 3063 3277 3134 autokratische Herrenmoral des Gatten, der zuerst im Sin¬
2055 3123 3265 3199 nenrausch des Wiedersehens leidenschaftlich ihrer begehrt,
2056 3172 3269 3240 sodann, aus dem Rausch erwachend, ihr Leben während der
2072 3211 3268 3271 Zwischenzeit mit ungerechter Eifersucht durchstöbert, und
2963 3250 3271 3315 seines bru¬
2070 3253 2920 3320 schließlich, als er die Grundlosigkeit
2056 3297 3259 3359 talen Verdachts erkennt, Cäcilie wieder dauernd
2059 3333 3273 3401 an sich fesseln will, wie Hellmer es mit Nora
2056 3384 3260 3457 versucht. Zu vieles liegt dazwischen: die episodische Tren¬
2055 3439 3266 3503 nung wird zur dauernden; sie „lassen sich nicht scheiden“, sie
2702 3474 3263 3541 als Scherzo angelegten
2449 3485 2698 3539 Aus dem
2070 3482 2389 3545 „scheiden sich“.
2059 3529 3273 3583 Zwischenspiel ist ein Capriccio doloroso geworden. Diesen
2066 3569 3258 3624 Stoff hat Schnitzler mehr zu einer These, als zu einer drama¬
2072 3623 3275 3683 tischen Handlung verarbeitet. Das Stück hat nicht genug
2061 3660 3267 3707 eigene Bewegungskraft, um plastische Gestalt anzunehmen; es
2060 3704 3271 3761 braucht der Worte, um zu leben. So ist es mehr das, was
2059 3749 3267 3804 über die Dinge gesagt wird, was interessiert und packt, als
2069 3781 3285 3860 diese Dinge selbst. Aber es ist kein geringes Vergnügen, dem
2063 3838 3263 3880 liebenswürdigen Geistreichtum zu lauschen, der über diese
2073 3881 3271 3953 Dialoge ausgebreitet ist. Der Dichter hat dazu eine reichlich
2077 3935 3259 3993 sorglos=leicht: Art der Behandlung gewählt, die in der Non¬
2066 3965 3270 4041 chalance des Szenenaufbaus sehr weit geht, an einer knifflichen
2063 4020 3273 4074 Stelle zu Beginn des dritten Aktes sich nur mit einem regel¬
2065 4067 3271 4114 rechten Monolog (er kehrt uns also selbst im modernen Drama
2063 4104 3268 4164 wieder!) aus der Verlegenheit hilft und durch die Einführung
