3436 4224
187 132 1138 239 20. Zuischensniel
122 1343 1008 1445 „Das Ensemblegastspiel
109 1443 1014 1497 den üngleichmäßigen Besuche der drei Gastspiel¬
117 1487 1010 1562 Keiniger Herren und Damen vom Wiener
112 1530 1018 1596 heater hätte man Studien über die Physiog¬
120 1583 1016 1643 des Grazer Theaterpublikums anstellen können.
111 1625 1014 1710 ufführung der „Familie“ von Karl Schön¬
123 1673 1019 1752 dessen wuchtige Dramatik uns von früher be¬
125 1726 1017 1810 ist, blieb leer: man ließ den biederen Tiroler
114 1778 1020 1841 iegen. Bei Arthur Schnitzler, der aus der
126 1826 1022 1893 sischen Schule kommt und dem stets psychologi¬
118 1872 1020 1944 ndiskretionen zugemutet werden, füllte sich das
135 1923 1034 1995 „Das schwache Geschlecht“ von dem
119 1970 1024 2039 osen Prévost, der durch seine Demi vierges
122 2021 1038 2080 i Deutschland bekannt geworden war und von
108 2071 1028 2131 an Pikanterien aller Art erwartete, brachte
122 2121 1025 2183 bis zum Giebel ausverkauften Saal. Ob die
120 2167 1021 2238 klation unserer Kunstfreunde richtig war, bleibe
126 2216 1027 2294 gestellt, jedenfalls haben manche am ersten Abend
116 2263 1027 2330 kes versäumt, viele sind am zweiten nicht auf
125 2311 1032 2393 kosten gekommen und nur der dritte fand unge¬
131 2361 1032 2426 Beifall, obwohl gerade er nichts Pikantes bot.
119 2414 1031 2486 önherrs „Familie“ ist ein von Nebenhand¬
120 2456 1031 2526 und Motivenberichten derart überladenes Werk,
129 2506 1036 2573 ie Verständlichkeit der Fabel darunter Schaden
139 2571 1036 2633 Ich habe die Empfindung, daß der Dichter,
131 2608 1036 2686 hübrigens zu den hervorragendsten Dramatikern
129 2650 1038 2727 egenwart zähle, zu schwerfällig arbeitet, daß er
123 2695 1042 2763 sübung seines Berufes zu tragisch nimmt, daß
129 2753 1040 2819 übertriebenem Pflichtgefühl Arabesken erfindet:
130 2801 1040 2865 um zu verzieren und zu verschönern, sondern um
140 2861 1034 2915 zuzudecken, die nur sein empfindliches Auge
134 2900 1042 2964 Bei leichterer Konzeption wird er einfacher und
135 2949 1038 3014 mer sein. Dann wird sich auch jene Selbstbe¬
135 3007 1047 3070 kung finden, in der sich erst der Meister zeigt.
1273 125 1698 211 box 25/4
1038 1309 2068 1404 Wäre es mir gestattet, hier einen Rat zu erteilen, so
1041 1378 2075 1444 würde ich umfassende Goethe= und Grillparzer=Studien
1034 1427 2071 1485 empfehlen. Bei diesen Vorbildern, zu denen sich leicht
1051 1473 2073 1531 Shakespeare und Anzengruber gesellen, findet Schön¬
1043 1515 2082 1574 herr, was ihm bisher völlig zu mangeln scheint: den
1050 1585 2075 1631 Humor. Der Humor in jenem edelsten Sinne, in
1048 1611 2074 1679 welchem er über allen künstlerischen Gebilden lagert,
1043 1663 2075 1738 ohne sie auf das Gebiet der Satire oder Farce herab¬
1049 1709 2082 1773 zudrücken. Freilich ist auch an diesem neuesten Schön¬
1048 1768 2076 1825 herr die Gewalt der gesunden Theatralik und die scharfe
1058 1817 1945 1889 Plastik seiner Gestalten bewunderungswürdig.
1092 1855 2077 1934 Schnitzlers „Zwischenspiel“ bietet weder thea¬
1059 1907 2085 1974 tralisch wirksame Situationen noch schneidige Charak¬
1058 1965 2080 2024 teristik. Man mag überhaupt im Zweifel sein, ob es
1059 2016 2093 2067 ein Theaterstück im vulgären Wortsinne ist, wie ja
1048 2056 2084 2120 auch das Ende zu den mannigfachsten Erörterungen
1052 2121 2082 2165 Anlaß bietet. Aber die tiefste Seelenkenntnis hat man
1056 2154 2094 2216 in einem literarischen Produkte selten mit so viel Geist
1054 2215 2090 2274 und Anmut gepaart gefunden, wie hier. Niemals sind
1062 2257 2091 2309 mit mehr Diskretion die letzten Geheimnisse der Ehe
1062 2304 2087 2360 offener aufgedeckt worden. Tiefer ist Schnitzler selbst
1058 2340 2091 2405 noch nicht in das Gemütsleben der Geschlechter ein¬
1056 2386 2086 2459 gedrungen und anschaulicher hat er die Abstände bis¬
1053 2434 2100 2509 her nicht gezeichnet. Die Gespräche zwischen Cäcilie
1060 2489 2092 2561 und Amadeus werden lange ein Kulturbild sein. Ich
1064 2555 2105 2614 glaube, daß diese Komödie, wie Schnitzler sein „Zwi¬
1066 2605 2095 2674 schenspiel“ nennt, in ihrem Werte nicht überschätzt
1059 2640 1349 2712 werden kann.
1150 2681 2094 2755 Als ein beredtes Plaidoyer für die legitime Ver¬
1059 2748 2101 2802 bindung zwischen Mann und Frau kann das jüngste
1060 2800 2091 2855 Schauspiel Marcel Prévosts bezeichnet werden. In
1058 2839 2096 2898 diesem außerordentlich wirksamen Drama finden sich
1060 2898 2100 2947 Grazie und Verstand zu einer wahrhaft freundlichen
1068 2949 2101 3002 Harmonie zusammen. Es ist die Grazie der französischen
1050 2986 2132 3069 Weltanschauung, der französischen Bühnenfertigkeit, der
2098 1290 3138 1379 fkanzösischen Darstellungskunst und der gesunde Men¬
2100 1368 3134 1429 schenverstand eines nüchtern denkenden Mannes, der
2100 1422 3131 1477 auch während der Tätigkeit seiner dichterischen Phan¬
2107 1462 3135 1526 tasie die Bedingungen des Alltagslebens im Auge be¬
2100 1506 3138 1568 hält. Von einem Zuge keuschester Poesie getragen,
2100 1561 3147 1628 weicht die Dichtung doch nicht einen Schritt von jenen
2101 1625 3144 1671 Gesetzen der Wahrscheinlichkeit ab, die unser bürger¬
2096 1659 3142 1718 liches Dasein bestimmen. Sie nimmt sich aus wie das
2115 1705 3140 1768 hohe Lied der Bourgeoisie, die nicht zu Grunde gehen
2097 1773 3148 1816 wird, so lange sie solche Blüten treibt. Mit dem Rüst¬
2118 1812 3150 1871 zeuge der alten Dramaturgie fertiggestellt, greift „Das
2111 1855 3145 1917 schwache Geschlecht“ doch so entschlossen nach dem Mi¬
2107 1905 3146 1975 lieu, daß es als ein realistisches und naturalistisches
2103 1951 3150 2019 Bühnenwerk gelten kann, nur daß es nicht
2105 1999 3153 2044 verkommene, sondern brave, edle und gutmütige Leute
2116 2045 3146 2112 zur Darstellung bringt. Noch gibt es ja auch solche.
2110 2098 3144 2156 Louis Gourd, George und Germaine verbreiten eine
2109 2145 3155 2201 Sphäre um sich, wie sie etwa in dem reinen Hause
2111 2202 3152 2253 einer angebeteten Mutter herrscht. Daß gerade diese
2101 2243 3161 2300 Menschen untereinander und mit der Nachbarschaft in
2108 2291 3159 2349 Konflikt geraten, führt zur Spannung, die eine senti¬
2109 2341 3150 2408 mentale, aber durchaus logische Lösung findet. Ich
2124 2390 3154 2450 habe mich seit vielen Jahren in keinem Theäter so be¬
2112 2439 3164 2520 haglich gefühlt, wie in der Aufführung des „Schwachen
2124 2492 2385 2559 Geschlechts“.
2159 2515 3156 2599 Außer dem Verfasser mögen hiezu freilich in erster
2111 2579 3158 2656 Linie Frau Medelsky, sowie die Herren Frank
2107 2646 3146 2723 und Korff beigetragen haben. Ihnen gegenüber wird
2113 2698 3143 2748 die Kritik zum Panegyrikus. Auch die Damen Hae¬
2123 2728 3151 2785 berle, Kögl und Rub wie die Herren Mura¬
2123 2790 3155 2845 tori, Pittschau und Baumgartner sind mit
2129 2835 3151 2901 schuld daran, wenn uns das liebgewordene Östergast¬
2124 2892 3121 2964 spiel auch heuer eine Reihe schöner Festtage schuf.
2749 2930 3123 3014 Dr. Withalm.
