3484 4480
1317 203 1778 303 box 25/6
257 203 1172 313 20. Zuischensniel
543 579 1659 687 Erscheint wöchentlich.
663 1389 1549 1472 Wien, Dienstag, den 30. April 1907.
1087 1469 1314 1538 Se en
601 1531 1616 1626 Herr säße in der Direktionsloge. Welches
604 1606 1608 1672 Verbrechen! Dieser aber hat sich als Mann
605 1667 1618 1731 von Welt und Takt erwiesen: in dem letzten
600 1724 1613 1794 Referate seines Blattes lebte er das gesamte
612 1775 1627 1846 Ensemble ohne Ausnahme, wiewohl eine solche
601 1844 1618 1896 gerade in diesem Falle objektiv gewesen wäre.
702 1992 1617 2071 Und noch ein Wiener Theaterdirektor.
604 2068 1617 2136 Er hat das Theater vor Jahren gänzlich „juden¬
606 2117 1623 2177 rein“ übernommen. — Man erinnert sich der
605 2187 1629 2237 großen Bewegung, die durch den Blätterwald
605 2231 1616 2305 ging, als das Programm dieses Theaters er¬
603 2289 1621 2364 schien. Man entsinnt sich, daß damals Herr¬
599 2343 1619 2434 schaften, die heute wieder in den Schoß der
1841 1216 2534 1333 Finzelne Nummern 24 Heller.
2245 1405 2605 1491 38. Jahrgang.
1637 1543 2632 1625 Stimmung gegen den Musagetes geltend ge¬
1637 1618 2655 1688 macht, die ziletzt anläßlich der Festvorstellung
1639 1661 2657 1741 zu Ehren von Gästen der Stadt Wien hie und
1636 1724 2645 1800 da auch laut wurde, jedoch taktvollst unter¬
1637 1782 2642 1859 drückt wurde. Kein Artikel — ähnlich dem
1640 1847 2641 1918 Inhalt des Eingangs erwähnten — erschien in
1631 1906 2656 1978 irgend einem der antiliberalen Blätter. Diesen
1629 1961 2639 2026 ist dieser Herr genug Antisemit, während ein¬
1625 2015 2667 2100 zeinen liberal gesinnten der andere Herr nicht
1634 2069 2232 2154 genügend liberal erscheint.
2072 2159 2201 2254 418
1919 2271 2359 2365 Zwischenspiel.
1708 2349 2644 2434 Das „Zwischenspiel“ von Schnitzler ist die
1638 2420 2636 2479 Komödie des Eheirrtums. Es bedeutet den
1633 2483 2643 2541 Zusammenbruch einer moralischen Fiktion.
1629 2512 2637 2605 Jener Fiktion, die noch dann an eine wahre
1639 2600 2650 2661 Freundschaft glaubt, der Liebe und Schuld
1641 2641 2647 2702 vorangegangen sind. — Kann auch außer dem
1634 2706 2653 2776 ehelichen Konnex noch zwischen Mann und
1627 2754 2634 2835 Frau Freundschaft, Wahrheit und Zusammen¬
1625 2822 2639 2891 leben sein? Dies ist das Problem des Dichters.
1744 2874 2651 2931 Was wollt ihr denn von mir? Denkt Euch,
1638 2928 2648 2999 Cäcilie und ich, wir wohnten gemeinsam in
1638 2989 2649 3055 einem behaglichen Haus, in dem wir uns wohl
1635 3038 2648 3104 fühlten, mit weiter Aussicht, die uns beglückt,
1637 3104 2635 3169 und einem wundervollen Garten, in deni Wir
1635 3158 2643 3219 gerne spazieren gehen. Und es käme einen von
1634 3204 2647 3283 uns einmal die Lust an, im Walde jenseits des
1635 3266 2645 3319 Gitters Erdbeeren zu pflücken. Müßte deswegen
1630 3317 2651 3390 der andere gleich Untreue, Schmach, Verrat
1637 3373 2638 3428 schreien? Müßten wir Haus und Garten ver¬
1635 3432 2651 3506 kaufen und uns einbilden, daß wir nun nicht
1637 3496 2643 3557 mehr miteinander zum Fenster hinausschauen
1631 3553 2647 3605 und nicht mehr in unseren Alleen herumspazieren
1618 3604 2641 3651 Könnten? Weil unsere Erdbeeren jenseits des
1594 3647 2645 3715 NGitters wachsen —?“ Und an anderer Stelle:
1636 3729 2644 3786 „Wir gehören doch schließlich noch immer
1631 3774 2643 3834 zusammen, auch wenn von hundert Fäden, die
1631 3831 2636 3898 uns verknüpfen, einer zerrissen ist. Oder sollen
1635 3891 2638 3948 wir mit einem Mal vergessen, was wir einander
1625 3954 2635 3998 gewesen sind und was wir uns bleiben können
1630 4003 2634 4059 und müssen? Das steht einmal fest, daß dich
1634 4062 2645 4131 niemand mehr so verstehen wird wie ich, und
1631 4128 2653 4181 mich niemand mehr wie Du ... Und darauf
1625 4171 2065 4222 konnnts doch an!“
2666 2274 2900 2395 e
2649 2382 2846 2479 1
2683 2443 2848 2545 #%
2739 2555 2865 2677 22
