3484 4352
1314 213 1777 300 box 25/2
253 205 1252 323 20. Zuischensniel
785 1009 1717 1113 das Glück hinein, das ihm die Freiheit gewähren
798 1074 1729 1133 würde, Cäcilie ist zu frauenstolz, um ihm zu
809 1119 1725 1176 widersprechen, und so scheiden sie voneinander in die
807 1150 1730 1217 Freiheit — wenn auch vorläufig getrennt, wollen
807 1194 1730 1250 sie doch gute Kameraden bleiben. Amadeus freilich
815 1227 1730 1293 ist des Liebesspiels mit der gräflichen Philine
815 1267 1736 1331 bald satt, ihm ist es nur eine Episode, nur ein
812 1303 1729 1378 Zwischenspiel gewesen. Die tiefangelegte Cäcilie
817 1357 1722 1410 ist inzwischen in ihrer Sangeskunst immer gereift.
807 1386 1728 1454 Sie hat das frische Leben draußen gesehen — es
813 1425 1730 1495 hat auf die nun Freigewordene anders gewirkt als
822 1464 1730 1529 früher: sonst waren alle Wünsche, die sich zu ihr
817 1509 1736 1572 heranwagten, von ihr abgeglitten wie von einem
813 1540 1739 1605 Panzer, jetzt empfindet sie, wie all diese Ver¬
813 1573 1725 1649 lockungen sie erbeben machen und erglühen. Un¬
818 1607 1733 1686 berührt kehrt sie in ihr Heim zurück — sie ist ge¬
817 1652 1738 1740 flohen vor einer ihr entgegentretenden Liebe, deren
814 1702 1741 1763 bezwingende Gefahr sie fürchtete. Amadens erblickt
812 1741 1744 1796 in der heimkehrenden Frau, deren. Sinne er¬
806 1790 1743 1838 wacht, deren Begehren freier geworden ist, eine
808 1826 1740 1890 andere, als er verlassen — jählings erwacht in ihm
811 1874 1745 1932 wieder die Liebe. Noch einmal führt eine Nacht
828 1898 1747 1960 die beiden zusammen — Cäcilie aber hat kein
820 1940 1743 2002 Vertrauen mehr zu Amadens und ist auch ihrer
204 1939 806 2014 Lessing=Theater hat gestern
828 1973 1735 2041 selbst nicht mehr sicher. Sie will nicht, daß
203 1992 810 2056 rtur Schnitzlers eigenarlige
828 2017 1743 2083 die Erinnerung an früheres Glück getrübt werde
204 2032 792 2077 Komödie „Zwischenspiel“
823 2051 1738 2114 durch eine Ehe, deren Ende Ekel sein müßte. Und
190 2067 807 2129 Aufnahme gefunden; der Dichter
816 2082 1753 2174 so verschließt sie sich der Bine des noch immer
194 2115 810 2165 bli erscheinen — nur zum Schluß
822 2138 1745 2195 geliebten Mannes, bei ihm zu bleiben. Vielleicht
193 2148 812 2228 iien Beifall auch etwas Opposition
829 2171 1743 2232 ist diese Ehe gescheitert an der Unwahrheit der
234 2193 486 2256 1-10
831 2212 1750 2272 beiden, die wahr zu sein glaubten und doch un¬
194 2216 821 2295 fndelt auch in dieser Dichtung auf
820 2256 1756 2326 wahr wurden, als sie in scheinbarer Gleichgültig¬
193 2279 809 2333 verästelter Psychologie, wie er sie
821 2285 1757 2373 keit einer den anderen eigene Wege hatten gehen
199 2315 818 2379 Weg“ eingeschagen hat. Ganz aus¬
834 2349 974 2404 lassen.
203 2358 824 2422 ist dieses neue Werk mit der
880 2359 1738 2426 Das ungefähr ist Handlungsinhalt und Ge¬
209 2384 814 2459 Liebes= Psychologie beschäftigt,
826 2405 1751 2484 dankengehalt der geistvollen Arbeit, die sich auf
191 2433 814 2487 Thema klingt hinein. Anfangs
828 2456 1751 2509 knappem Raume nicht erschöpfen läßt. Es
199 2472 816 2528 sugenblick scheinen, als solle das
835 2482 1754 2546 kommt ein Schriftsteller in der Kömödie vor, der
191 2508 817 2565 behandelt werden wie in Bahrs
826 2523 1749 2587 in einem Stücke auch eine Ehe behandeln will und
200 2550 827 2607 m„Meister“ — bald aber zeigt sich,
832 2564 1759 2622 froh wäre, wenn er diese Ehe den Leuten im
192 2588 820 2650 anz originell gestaltet und noch
833 2598 1762 2669 Theater von ½8 bis 10 Uhr überzeugend klar
204 2625 830 2691 sychologische Empfindungen und
1212 2631 1762 2705 Schnitzler hat größeren
834 2657 1174 2714 machen könnte.
199 2664 825 2732 bloßlegt. Und es ist für ihn
843 2679 1757 2739 Eyrgeiz: er gibt eine Dichtung, die auch
205 2694 828 2769 daß seine Dichtung einsetzt
845 2723 1750 2781 über den Theaterabend hinaus wirken wird.
207 2747 824 2803 ie und doch tragikomisch ausklingt.
838 2757 1757 2825 Die psychologischen Uebergänge, die er aus den
204 2791 822 2852 leiser Wehmut, jener Note sein¬
839 2794 1766 2863 Temperamenten seiner Menschen entwickelt, sind
200 2824 831 2883 Muleidens, die ihm eigen ist. Man
846 2836 1769 2913 geradezu bewundernswürdig. Der Dialog, der
193 2859 836 2925 kinem Worte, seines Helden, des
838 2875 1765 2936 nur im Schlußakt mitunter ein wenig an Un¬
204 2902 828 2963 Amadeus, dieses „Zwischenspiel“
835 2912 1758 2989 mittelbarkeit verliert, ist lebendig, geistvoll und
191 2941 828 2996 oloroto nennen — die verborgene
1593 2949 1777 3014 i leiser,
846 2957 1530 3025 stets individualisiert durchgeführt.
207 2979 828 3042 d der Dichter ebenso wie Amadeus
845 2992 1760 3063 seiner, mitunter ironischer Humor liegt über
195 3020 837 3095 ner Komposition gar nicht enideckt
849 3033 1768 3092 dem Ganzen, prächtig sind die Charakiere
852 3071 1765 3139 durchgeführt, und überzeugend klar wird, wie die
195 3080 835 3158 d seine Gattin Cäcilie haben sich
851 3111 1775 3179 beiden Gatten nach ihrer verschiedenen Ver¬
192 3140 834 3193 kwahr zueinander zu sein, wie zwei
847 3143 1776 3229 anlagung die Zwischenspiele ihrer Ehe so völlig
191 3176 837 3242 Enadeus empfineet eine Leidenschaft
842 3191 1725 3243 verschieden aufnehmen und durchführen. In
193 3227 843 3280 derite, die Sängerin der Philine,
855 3221 1764 3301 Amadeus ist einmal ein wirklicher Musiker
200 3256 842 3311 line Neigung für den Fürsten
851 3273 1764 3332 auf die Bühne gebracht, seine Eigenart wirkt
194 3299 843 3361 nen angenehmen jungen Mann
855 3302 1775 3365 überzeugend auch durch seine Künstlerschaft.
196 3332 841 3405 fürdigkeit und besänftigend wir¬
1388 3347 1762 3404 der Schriftsteller
852 3356 1285 3414 Origmell erfunden
196 3367 845 3433 lonigten. Daß Amadens und
212 3379 1779 3477 #mander gesteben, ist nicht erst! Albertus, der den Widerklang des klugen,
237 3424 1771 3497 kennen einander zu gut. Derf unkomplizierten Alltagsmenschen in die Stimmung
206 3469 1795 3569 madeus träumt sich schnell in der Vorgänge hineinträgt. Die feine, anregende
2190 1042 3124 1098 Dichtung besitzt eine solche Fülle von Schönheiten
2199 1088 3116 1134 und tiefen Gedanken, daß andere, handfesie
2196 1123 3111 1191 Dramatiker damit ein Dutzend Stücke bestreiten
2203 1171 2388 1218 könnten.
2253 1180 3123 1252 Der große dramatische Zug mangelt dem Werke
2197 1228 3119 1289 freilich wie dem „Einamen Weg“ aber alles ist
2195 1269 3122 1335 von unmittelbater Lebenswahrheit und Lebendigkeit.
2212 1307 3123 1374 Die Gestalt der Cäcilie verkörperte Irene Triesch
2209 1367 3116 1409 mit himeißendem Temperament, anmutig, in
2205 1388 3124 1453 überzeugendster Frauenart, mit sieghafter Ueber¬
2213 1424 3122 1489 legenheit und doch mit all der Hingabe der
2873 1455 3130 1530 Bassermann
2211 1474 2855 1531 besiegt sein wollenden Frau.
2211 1508 3122 1567 gab dem Sanquiniker Amadeus charakteristische
2202 1529 3136 1607 Darstellung und fesselnde Eigenart, doch kam seinem
2215 1575 3126 1647 vorzüglichen Spiele im ersten Akte die Ausge¬
2212 1634 3131 1688 stattung der Rolle im Schlußakte an Bedeutung
2210 1663 3133 1724 nicht gleich. Reicher schuf einen interessanten
2217 1703 3141 1759 Typus, eigenartig in Erscheinung und Wesen. In
2204 1736 3133 1787 den schwierigen Partien des jungen Fürsten und
2219 1782 3136 1831 der gräflichen Philine bewährten sich aufs neue
2207 1822 3146 1876 der sympathische, diskrete Herr Grunwald und das
2215 1865 2742 1933 lemveramentvolle Frl. Schiff.
