3532 4224
327 127 1252 244 20. Zwischensniel
1390 107 1854 196 box 25/6
1774 689 1953 772 Stadt
1239 719 2342 808 Nachrichten aus Stndt und Teas.
1334 826 2339 880 X Schuld und Sühne in Arthur Schnitzlers „Zwi¬
1252 870 2339 929 schenspiel“. In den Besprechungen sowohl der „Rei¬
1251 918 2339 985 chenberger Zeitung“ als auch der „Reichenberger Ta¬
1251 972 2343 1037 gespost“ wurde diese Komödie hinsichtlich ihres drama¬
1251 1020 2343 1081 tischen Wertes abfällg beurteilt, was doch wohl einiger¬
1248 1071 2350 1144 maßen ungerechtfertigt erscheint, weil sie es verdient,
1249 1118 2339 1181 psychologisch etwas eingehender untersucht zu werden.
1239 1178 2336 1236 Die „Reichenberger Zeitung“ schreibt: „Nahmen die
1241 1228 2339 1286 Darsteller das geistreiche Stück Schnitzlers noch zu
1248 1271 2336 1328 ernst?“ Keineswegs, antworte ich, vielmehr hätte der
1249 1322 2331 1367 Schauspieler Gebhardt den Standpunkt des Amadeus
1244 1378 2335 1429 richtiger in ernstem Tone, weniger in ärgerlichem ver¬
1237 1434 2340 1492 treten sollen. Dann wäre auch die ernste Auffassung
2099 1473 2336 1535 ine Gegen¬
1242 1466 2056 1535 und feine Darstellung der Cäcilie dur
1241 1500 2349 1599 spielerin Frau Witt den Zuhörern um #rrtikern im
1242 1565 2339 1633 Rahmen des Stückes einleuchtender und billigenswerter
1240 1620 2341 1662 erschienen — vielleicht auch dem Kritiker der „Tages¬
1251 1669 2335 1733 post“ die „zwingende Notwendigkeit des Schlusses“
1241 1711 2336 1782 Denn auch darin kann ich dem Kritiker X. nicht bei¬
1251 1758 2345 1826 stimmen, daß „die Handlung fadendünn ist und ihr
1237 1814 2346 1884 jeder dramatische Nerv fehlt“. Dreifach ist die Schuld,
1251 1868 2348 1948 die das Ehepaar Adams auf sich geladen hat. Beide
1235 1916 2335 1975 Ehegatten haben sich gegen die Gesellschaft ver¬
1247 1983 2346 2032 gangen, sie haben gegen die Wahrheit gefehlt und
1250 2014 2335 2078 haben gegen die Liebe gesündigt. Gegen die gesell¬
1244 2070 2383 2126 schaftliche Einrichtung der Ehe haben sie sich vergan¬
1243 2099 2396 2171 gen, als sie eine Ehe schlossen in der Absicht oder doch
1252 2151 2404 2229 zum mindesten in der Voraussetzung, das am Altar be¬ 2“
1252 2216 2398 2289 schworene Eheband nicht als bis ans Ende ihres Le¬ I##
2327 2262 2408 2328 15
1238 2266 2329 2314 bens bindend zu betrachten, eine Pflicht, die bei die¬
1254 2311 2400 2384 sem Ehepaar obendrein noch durch das Vorhandensein ist
2348 2348 2400 2407 #
1243 2378 2346 2432 des Kindes erhöht wird. Zweitens haben sie gegen
1244 2406 2425 2485 die Wahrheit gefehlt, indem sie die eingegangene Ver= hö¬
1246 2442 2417 2523 pflichtung zur gegenseitigen Wahrhaftigkeit nur äußer= zus
1243 2503 2419 2571 lich, nicht aber im Sinne wirklicher innerer Aufrichtig= Kle
1243 2554 2402 2616 keit eingehalten haben. Und endlich haben sie gegen pre
1240 2612 2422 2679 Liebe und Freundschaft gesündigt. Zuerst, so lange Ne¬
1255 2663 2430 2724 sie einander liebten, durch den Ehebruch, den er als Gr
1235 2701 2412 2758 Mann tatsächlich, sie als tiefempfindende Frau in der ve¬
1239 2760 2430 2817 Gedanken= und Gefühlswelt begangen hat, und dann, sch¬
1248 2798 2423 2877 als sie nur noch Freunde sein sollten, durch die Sünde, irr
1248 2856 2423 2923 die bei Liebenden oder Gleichgültigen entschuldigt wer# na¬
1249 2904 2421 2959 den kann, unter Freunden aber nicht vorkommen den
1240 2951 2411 3015 darf. Diese dreifache Schuld muß das Ehepaar drei= zu
1244 3003 2329 3080 fach büßen. Vor allem seelisch durch den Verlust des
2324 3041 2428 3119 k. k.
1246 3064 2327 3115 Kostharsten, was sie hatten, ihrer Liebe. Dann auch
1248 3098 2444 3175 gesellschaftlich durch den Verlust der Ehegemeinschaft Obse
1252 3158 2441 3222 mit dem Vater beziehungswese der Mutter des eige=jen¬
1246 3200 2445 3258 nen Kindes und endlich durch den Verlust der Freund= Gen
1302 3342 2364 3477 Guauer
2007 3378 2233 3571 227
1651 3428 1937 3583 77/72
