3436 4352
1368 75 1809 196 box 25/2
296 76 1211 190 20. Zuischensniel
1029 942 1180 1033 1802
1547 943 2019 1033 Der Roland von Berlin.
1035 1078 2497 1160 letzte Akt aber ist eine gewaltsame Synthese Schnitzler=Sudermann; oder
1030 1148 1700 1225 genauer Sudermann=Schnitzler.
1133 1209 2492 1269 Wie sagte ich erst? Drei Phasen einer Ehe kommen. Die Seelen¬
1040 1257 2495 1325 verwebungen dieser Dreiheit, jede allein betrachtet und selbständig er¬
1049 1323 2501 1381 faßt, sind logisch in sich abgeschlossene Gebilde. Wie man aber auch ver¬
1038 1383 2493 1454 suchen mag, diese Dritteile zur Einheit aufzureihen an einer (hinter den
1035 1453 2494 1516 Kulissen liegenden)psychologischen Entwickelungskette: Kluften gähnen,
1042 1513 2492 1576 Widersprüche erheben ihr Haupt, die, kaum mühselig überwunden, hydra¬
1046 1557 2502 1633 köpfig sich verdoppeln. Der Zwiespalt klafft zwischen dem zweiten und
1043 1624 2497 1693 dritten Akte. Eine Liebesnacht liegt dazwischen. Der zweite Akt schließt:
1039 1687 2502 1754 der selbsttäuscherische Narr, und sie, die im Grunde ihn immer nur liebte,
1048 1731 2498 1793 haben sich wiedergefunden. Sicherlich, daß das Blut auf die Schnelle dieses
1050 1798 2489 1856 Wiederfindens einwirkte. Sicher aber auch, daß nach den vorhergegan¬
1051 1857 2487 1917 genen Akten die rein psychologischen Voraussetzungen vorhanden waren.
1039 1908 2501 1959 So bringt der zweite Akt einen Abschluß. Aber es folgt ein dritter. Der
1037 1978 2494 2045 Daseinssinn dieses dritten Aktes ist die Annullierung des zweiten (ge¬
1039 2029 2487 2079 nauer: die Desavonierung der Liebesnacht). Die Formel für die Kern¬
1042 2100 2490 2164 psychologie dieses Aktes flüsterte mir ein Freund. Erotische Katzenjämmer¬
1036 2147 2502 2207 lichkeit, meinte er. Das wäre die psychologische Voraussetzung. Die
1039 2212 2500 2283 dramatisch=technischen sußen im Theatralischen. Fußen, wie gesagt, auf
1039 2264 2498 2325 der Zufälligkeit, daß die Frau ausgegangen ist. Am Morgen ist der
1051 2326 2497 2397 Gatte ein Opfer seiner Eifersucht. Das gibt den Stoff für eine Reihe
1048 2382 2501 2435 von Possensituationen. Possensituationen, die gegenüber dem Stil der
1044 2431 2493 2515 beiden Hauptcharaktere beleidigen. Die Grundlosigkeit der Eifersucht
1048 2503 2501 2576 wird offenhar. Der Gatte steht da, sehnend, mit offenen Armen, und
1051 2559 2501 2615 im geeignen Moment kommt die Heldin heim. Hier kommt der Um¬
1052 2616 2491 2696 schwung. Jäh und unvermittelt in des Lessingtheaters Aufführung. Da
1051 2674 2486 2733 ich diese Zeilen schreibe, hat Fischer das Buch noch nicht herausgegeben.
1050 2714 2506 2785 Es ist also nicht prüfbar, ob den Bruch in der Einheitlichkeit seiner Psy¬
1045 2782 2508 2866 chologie der Dichter verschuldet, oder Irene Triesch in ihrer Nachschaffung
1045 2850 2497 2912 (von der ich noch sprechen werde). Tatsache bleibt: die Heldin weist
1039 2899 2500 2986 den werbenden Gatten zurück; trotz und wegen der Liebesnacht. (Dieses
1044 2982 2495 3048 „wegen's“ Ausbeute verpuffte an dem brüchigen Ausbau der psychologi¬
1047 3025 2497 3087 schen Vorausbedingungen.) Sie macht das Physiologische zum Schuld¬
1050 3089 2493 3166 ner; zum Sündenbock. Sagt (und dabei breitet sie weit die Arme aus):
1039 3141 2489 3204 wenn du es nicht gewesen wärst, dann ein anderer. Ihren Mann stem¬
1050 3202 2498 3266 pelt sie zum Werkzeug einer wollüstigen Aufwallung ... Schön, also
1041 3272 2506 3334 die Dirne. Diese Wendung wäre verblüffend echt, hätte Schnitzler die
1057 3323 2498 3394 seelischen Grundlagen geschaffen. Hätte er die elementare Wucht eines
1047 3376 2481 3449 nach siebenjähriger Vernunftehe erwachenden Trieblebens glaubhaft ge¬
1050 3439 2506 3493 macht. Hätte er (und das ist die Fehlnis) die Liebe zu ihrem Mann
1041 3501 2514 3588 durch den Durst nach der anderen Gattung aufgelöst. Die alte Liebe¬
