3532 4352
-16 1946 114 2008 ber da
25 2035 133 2099 glat
5 2087 114 2139 nigen,
-8 2211 53 2288 lett
22 2602 126 2666 ig düer
25 2654 126 2754 ae
203 2112 290 2201 4
1366 197 1827 297 box 25/2
294 213 1285 318 20. Zuischenspiel
902 1318 3383 1496 zu der Ertenntns, daß sie miteinander fertig sind und Symphonie dirigieren lasse. Schmitzler buuucht da die Finte, sich
2114 1390 3375 1483 ge Vorwürfe zu verteidigen, die ihm kein vernünftiger Mensch
2108 1440 3380 1523 machen wird; um so über Mängel hinwvegzutäuschen, die man ihm
899 1481 1329 1559 gehen ihrer Wege.
2122 1477 3385 1575 mt gutem Grunde wird vorhalten können. Sein Kapellmeister ist
240 1491 452 1588 nspiel
1000 1472 2116 1594 Zweiter Akt. Amadeus und Frau Cäcilie begegnen
2119 1524 3384 1622 nämlich gar kein aapellmeister, weil er gerade sogut ein Schvift¬
913 1538 2113 1629 sich au eine Stunde im gemeinsamen Haushalt, den sie nicht
251 1546 560 1644 Schnitzler.
2118 1554 3388 1664 steller, ein Bildhauer, ein Banquier, ein Staatsbeamter sein könnte:
906 1580 2118 1669 aufgelöst haben, flammen noch einmal in finnlicher Leidenschaft
245 1616 602 1714 m Lessingtheater.)
2131 1613 3379 1704 seine Sängerin ist gar keine Sängerin, weil sie — nur Frau ist.
924 1638 2033 1729 für einander auf und bleiben bis zum anderen Morgen.
2122 1657 3380 1764 wie Amadeus nur Mann. Oder nur Männhen — wie die Aller¬
289 1663 853 1762 * Berlin, 26. November.
1005 1668 2119 1773 Dritter Akt. Am andern Morgen gehen Aumdens und
2134 1688 3388 1787 neuesten sagen, — während sie nur Weibchen ist. Es ist zwar ge¬
233 1718 887 1810 Berlin; wenn Jemand wohlgelitten
921 1737 1831 1823 Frau Cäcilie nun aber endgiltig auseinander.
2127 1744 3397 1842 legenrlich vom Konzert und Opernprobe, von Tournee und Engage¬
249 1786 888 1864 st; man findet alles sehr nett. Um
963 1758 2134 1857 Der dritte Akt beftätigt also nur, daß sie im ersten bereits
2137 1783 3393 1880 ment die Rede; aber das ist nur Staffage. Diese Australlungen
248 1833 891 1911 keinflußreiche Klique gegen sich hat.
894 1820 2130 1915 endgittig mit einander fertig waren, das Zwischenspiel setzt nur
2138 1823 3423 1917 ihres angeblichen Berufes berühren diese Menschen far nicht,
888 1868 2136 1960 das Tüpfelchen auf's i. Das ist in der Tat an Handlung gar zu
253 1873 888 1951 wirksames Theiterstück heraus¬
2138 1860 3394 1971 denn es geht alles glatt. Für sie gibt es in ihrem Berufe ein
888 1908 2143 2003 wenig. Charaktere, die sich nur rasch einmal im Kreise herum¬
254 1924 892 2000 sie Verbrechernatue in ihm erkannt
2144 1906 3411 2009 Kämpfen und Ringen, kein Himmelhochjauchzend und Zustode#
897 1954 2140 2063 orehen, die uns flüchtig ein paur nur um ein geringes gegen ein¬
275 1971 885 2052 s Meister undd Musterwerk ###
2137 1970 3406 2047 betrübt.; für sie gibt es all das nur in ihrer Grotik. Das aber
893 1993 2145 2113 ander abschattierte Seiten ihres Wesens zeigen, die dabei gar keine
251 2010 899 2087 kr. der an derselben Stätte etwas
2146 1993 3408 2094 ist eine Fälschuing des Milieus, die man für die flüchtige Viertel¬
898 2033 2145 2133 oder nur eine ganz unwesentliche Entwickelung durchmachen, solche
256 2052 903 2152 se, was gor kein Drama ist, wird
2141 2039 3410 2140 stunde eines Feuilletons hinnehmen mag, nicht aber für einen gangen
900 2086 2146 2179 Charaktere sind für vorurteilsfreie Leute drumatisch uninteressant.
255 2100 905 2168 Allerdings, ein Dram sei sein
2149 2124 2452 2202 Theaterabend.
903 2127 2149 2227 Man muß schon nichts als Liteerat sein, um sich für die Abwesen¬
262 2145 891 2218 Iant und tief bedeutsam. Ich fund
2239 2124 3414 2218 Es ist nicht wahr, daß die Erotik im Leben tätiger Berufe¬
911 2168 2143 2266 heit jeglichen Dramas durch ein paar glitzernde Dialogstellen voll¬
261 2188 908 2273 das der witzige Voltaire für das
2145 2185 3413 2279 menschen eine so alles beherrschende Stellung einnähme, wie in der
907 2244 1431 2322 auf entschädigt zu fühlen.
2159 2220 3413 2325 Dichtung des Herrn Arthur Schnitzler. Im Leben kreuzt sie sich
262 2248 915 2354 der ein unterhaltendes Plauder¬
992 2244 2151 2351 Wer auch diesem Dialoge gegenüber ein nüchternes Urteil ge¬
2154 2272 3405 2368 mit mancherlei anderen, oft mit stärkeren Interessen, und das führt
265 2320 907 2388 r dreiaktigen Komödie dehnt, dann
911 2317 2155 2407 winnen will, der vergleich' ihn bitte mit dem Dialog in einem
2152 2310 3413 2395 zu gaitz undern Kämpfen und auch zu andern Ergebnissen, als sie
1608 2358 2159 2423 Wie das nach allen Seiten
249 2364 918 2445 Handlung fehlen, selbst wenn dieser
2155 2352 3413 2449 der Feuilletonist Scmitzler sich träumen läßt. Für Menschen der
913 2380 1624 2456 beliebigen Stücke von Oskar Wilde.
251 2406 913 2487 tiker wäre. Und den drei Akten
2158 2405 3421 2506 Arbeit ist die Frage „Scheiden oder sich scheiden lassen", die Herrn
915 2405 2160 2491 blitzt und funkelt, während es bei Schnitzler nur zwischen langen,
260 2450 922 2530 un Handlung. Nicht weil darin
2166 2445 3423 2534 Schmitzler so wichtig dünkt, gar kein Prolem. Entweder ist nämlich
913 2457 2161 2543 öden Strecken gelegentlich aufglimmt. Das macht: Oskar Wilde
242 2487 908 2563 det wird, ach bewahre. Die Ueber¬
2161 2490 3424 2571 das Problem schon gelöst, dann ist die Form des Auseinandergehens
919 2481 2168 2583 war ein geistvoller Mensch, der die ganze Fülle des lebendigen
254 2533 916 2606 hat uns schon Lessing ausgetrieben.
2171 2532 3426 2632 reim, Zweckmäßigkeitsfrage; oder das Prablem ist für die Beteiligten
917 2537 2172 2620 Lebens mit seinem künstlerischen Interesse umfaßte; Schnitzlers
258 2575 920 2651 #re, sondern erst recht keine innere
2163 2573 3418 2674 oer einen davon noch nicht gelöst, dann fängt bier der Selbstbetuug
921 2576 2173 2677 künstlerisches Interesse dagegen erschöpft sich in einem einzigen
269 2623 928 2691 zu bemerken ist, da hört eben das
2175 2631 3413 2709 an. Das aber ist die doppelte Schwäche des Stückes: Schnitzler be¬
924 2621 2173 2715 Problem: dem erotischen. Daher die Dürftigkeit des Gehalts! Er
260 2665 934 2739 #dübel: Schnitlers neuestes Stück
2165 2660 3422 2741 handelt das Problem, die Scheidung zweier Menschenseelen,,
927 2664 2176 2759 hat diese Dürftigkeit selbst empfunden und doher den nicht sehr ge¬
258 2713 927 2791 der doch nur eine so dürftige, daß
2177 2713 3434 2803 spielerisch, und macht die Zweckmäßigkeitsfrage, die bürgerliche Form
935 2713 2167 2802 schmackvollen Trie gebraucht, einen dramatischen Dichter als Rai¬
267 2757 930 2828 aber nimmermehe dazu ausreicht,
931 2752 2180 2846 sonneur im Stücke hernmlaufen zu lassen, der Schnitzler gegen
937 2757 3425 2881 #iwaige Angriffe im voraus zu verleisgetehnt. Der maclt einmal! des Auseinandergehens, zum dramatischen Problein; und dann ver¬
268 2798 942 2887 Feuilletons erträglich zu machen.
937 2792 3431 2914 die recht mäßige Annerlung, man könne enen Kapellnister ja mag er sich nicht zu entscheiden, ob er den Selbsttrug der Beiden,
944 2885 3446 2976 hrate dardurch chamlierisieren daß man ien auf der Bühne eine! die auseinander möchten und wieder nicht mochten, einst oder heiter7
248 2872 942 2965 pellmeister Amadeus Adams und
269 2941 943 3017 äcilie Adams=Ortenburg, kommerg
2321 2968 2479 3100 gun
1516 2967 1729 3110 7
