3436 4256
1271 106 1721 220 box 25/5
206 135 1112 238 20. Zuischensniel
114 1134 1449 1222 Hand des flikten, der psychologischen Detailmalerei und dem pa¬
124 1188 1455 1274 eugt, der thologischen Einschlag nachgerade satt und sehnt sich
144 1261 1169 1328 es besitzt, wieder nach dem großstilisierten Drama.
426 1277 1450 1360 Leider hat das vieraktige Schauspiel „Auf Nissens¬
140 1300 350 1365 Abschlusse
128 1338 1463 1409 t, sucht erlkoog“ das auch eist aus Karlsruhe nach Berlin kam,
133 1394 1458 1457 Raiser zu bei seiner hiesigen Erstaufführung im königlichen
129 1441 1471 1512 hes feilen Schauspielhause nicht den Erfolg gefunden, auf den
130 1487 1471 1560 ner Armee sein echter dichterischer Gehalt allen Anspruch gehabt
152 1541 1453 1602 eFestung hätte. Sein Autor, Rudolf Herzog, der mit den „Con¬
130 1608 1469 1661 Kronprinzdottieri“ gezeigt hat, daß er nicht nur als Romancier,
138 1634 1463 1700 rücht, Zar sondern auch als Dramatiker eine starke Begabung
124 1696 1472 1746 Krone der besitzt, hat zum Schauplatze seines zweiten
139 1729 1460 1799 ckruft. Im Dramas Südschleswig und das Jahr 1851
155 1775 1472 1856 die ihm gewählt, also jene trübe Zeit, in welcher sich nach dem
135 1816 1464 1906 gskomödie vergeblichen heldenhaften Ringen der beiden Herzog¬
146 1876 1473 1953 daß der tümer um den Auschluß an den deutschen Bund von
162 1929 1476 1986 Verstecke neuem die schwere Faust der dänischen Fremdherrschaft
138 1987 1467 2038 lufflammen auf die Schleswig=Holsteiner legte. Ein bedeutender
140 2021 1467 2093 flägt, daß Vorwurf, bei dessen Gestaltung aber die Kraft des
141 2079 1472 2143 Sohn zu Dichters versagte. So viele hübsche Einzelzüge das
132 2127 1471 2202 Zaren den Schauspiel enthält, so viel Poesie manche Szenen aus¬
156 2168 1478 2252 als ihm strömen und so volltönend auch die nationale Saite
170 2217 1485 2280 sie der klingt, so fehlt doch eine großzügige, hinreißende Handlung
144 2266 1486 2346 brücken, da und die scharfe Herausarbeitung der Grundidee. Das
147 2316 1474 2387 Kreml in Drama ist al fresco gedacht und in Mosaik ausge¬
136 2370 1488 2443 aufgebaute führt. Schade um die lebensvolle Darstellung und die
152 2418 946 2484 Akte, diestimmungssatte Ausstattung.
458 2455 1475 2522 Wie Friedrich der Große, so geizte auch Macchia¬
144 2474 375 2543 en halten,
140 2508 1488 2590 ache ist die velli, der geniale Staatsmann der Renaissance, nach
146 2569 1481 2630 eifall, den dem Lorbeer des dramatischen Dichters, und mit seiner
151 2616 1484 2680 unverkenn=frechen Komödie „Mandragola“ (Name für einen
146 2657 1490 2739 nigsam aber Liebes= und Zaubertrank) schrieb er sogar das beste
162 2699 1482 2783 r zu voll= Stück seiner Zeit, das als Sittenschilderung un¬
142 2750 1494 2844 erten hand-sterblichen Wert für den Historiker hat. Aber wir
158 2798 1504 2887 elten Kon= sind in unserem Liebesleben nun einmal keine
1630 1156 3306 1221 Renaissancemenschen, wir vertragen nicht jene Derbheit Massenet, der noch auf kei
1633 1206 3296 1278 und robuste Gefundheit in der Betätigung unserer geben wurde, die zweiaktige
1628 1268 3282 1323 erotischen Gefühle, welche das Quatrocento und Textbuch einen Stoff al
1629 1305 3246 1386 Cinquecento charakterisieren, denn dazu ist unser Revolution behandelt.
1631 1366 3306 1417 Empfinden zu differenziert, zu überkultiviert und zu Bayreuther Kunstprinzipienk
1642 1400 3298 1477 sehr von des Gedankens Blässe angekränkelt. Deshalb mir eine Musik, welche Vol
1626 1446 3299 1514 vermag auch ein modernes Publikum den Liebestrank kämpfe schildern soll, auch
1638 1500 3272 1567 „Mandragola“, nicht in unverwässertem Zustande zus ein Deputierter, der schi
1638 1548 3305 1617 vertragen und eine hochwohllöbliche Polizei würde kommt mir wie eine W
1637 1616 3316 1667 auch die Verabreichung eines derartigen Getränkes Raritätenkabinett vor. Alle
2454 1639 3296 1709 das Kleine der alten Oper aus kann!
2017 1660 2437 1721 Was uns also
1626 1656 2008 1732 nicht gestatten.
2545 1698 3307 1763 Liebe, nicht erwärmen, denn die ver
2467 1708 2552 1770 zu
2237 1700 2416 1768 Sorma
2021 1705 2190 1771 Agnes
1630 1711 1990 1777 Theater, der
2425 1742 3318 1818 Blanca zum dem rechtmäßigen Gatten un
1642 1753 2435 1812 welche die männertolle Witwe
1630 1792 3304 1856 Anbeißen lebens= und liebesfreudig spielte, vorsetzte, Duette unentschlossen hin u
1633 1841 3302 1928 das war nur ein „Wiener Trankl“, das der öster= das bei den Franzosen in
1638 1904 3317 1952 reichische Schriftsteller Paul Eger nach dem Rezepte liebte Terzett daraus wird
1633 1932 3306 2028 Schnitzlers zusammeng ebraut und mit der Etikette artigen Menuetteinfall, sonst
1654 1992 3306 2064 „Mandragola“ von Macchiavelli versehen hatte. in einem dünn fließenden B
1736 2044 3306 2106 Daß Schnitzlers Stücke nicht wie alter Wein Harmonien herum. Die Herb
1635 2084 3321 2150 besser werden, je länger sie im Theaterarchive liegen, im ersten Akte schwebt übe
1627 2136 3309 2213 das bewies der zweite Durchfall des „Zwischenspiels“, Oper, aber es ist nicht die
1639 2188 3295 2262 das Direktor Brahm eines Gastspieles halber dem am Lebensabend neben fa
1633 2233 3303 2304 Publikum wieder einmal servierte. Es geht Schnitzler liche Früchte vom Baume
1639 2282 3322 2351 genau so wie seinem Freunde Bahr, auch sein literari= brießliche Melancholie des
2762 2331 3318 2399 wordenen Meisters, welche
1627 2336 2739 2406 scher Werdegang führt über lauter Leichen durch¬
2749 2377 3317 2458 seiner vertrockneten Phantasi
1629 2394 2172 2475 gefallener Bühnenwerke.
1734 2414 3310 2497 Während die Opern komponierenden deutschen zupressen. Hei, wie schlug
1627 2464 3328 2548 Tondichter unserer Zeit vergeblich mit ihren Werken Bagdad“ ein, diese Perle us
1631 2522 3298 2592 bei Herrn v. Hülsen antichambrieren, während Gluck, Opern, die unter dem
1630 2571 3324 2648 Mozart, Weber nur höchst selten aufgeführt werden,Strauß in ihrer keuschen
1637 2626 2954 2693 Marschner und Lortzing gar nicht, steht die Ausländerei leuchtete!
2828 2641 3292 2736 Nichts ist vielleicht
1634 2673 2759 2738 in der Berliner „königlichen Oper“ in schönster Blüte.
1634 2718 3308 2795 Nach „Madame Butterfly“ kam „Aida“ in neuer Aus= Metropole Deutschlands so
1628 2779 3306 2879 stattung und am vergangenen Mittwoch der neueste staltung einer Ausstellung
