3392 4352
230 261 1163 351 20. Zuischensniel
148 1284 1290 1370 r sieht in die weiß am Wasser leuchtende Villa unter die berühmte
154 1353 1289 1414 äußer= Platane. Das hält sich übrigens nicht lange, im zwei en
157 1394 1287 1456 immen, Akte ist es schon wieder aus. Eben kommt Cäcilie aus
169 1437 1291 1492 haben Berlin zurück, wo sie gastiert hat. Der junge Fürst war
174 1479 1293 1547 alles natürlich mit. Amadeus hat nichts dagegen, als er es
148 1524 1285 1591 werden ecfährt. Es stimmt ja mit der Verabredung. Es macht
156 1572 1293 1632 n als ihn höchstens manchmal ein bißchen nervös, daß die
162 1613 1291 1681 s über Leute schon davon reden, daß man ihn anonym warnt,
148 1653 1285 1728 wisser= daß eine Zeitung sogar von der Verlobung seiner Frau
161 1703 1288 1753 jetzung mit dem Fürsten wissen will. Aber er würde
145 1743 1284 1799 haltlose mit diesem allen fertig, wenn sie nicht plötz¬
157 1795 1296 1853 hungen lich, heimgekommen, so merkwürdig verwandelt
177 1830 1291 1901 uns wäre. Er erkennt sie kaum, ihr Wesen hat einen neuen
168 1857 1284 1945 besse= Klang, der ihm fremd ist, und es regt sich in ihm wie
147 1908 1285 1981 bessere Furcht für sie. Er möchte sie schützen, vor unbekannten
151 1961 1292 2023 freuden Gefahren, die er ihr drohen fühlt. Aber das weist sie
141 2000 1280 2057 ander, zurück, sie will nicht mehr gehütet sein. „Ich habe ja
148 2048 1290 2114 e, und noch . .. ich habe ja noch so wenig erlebt. Und ich
144 2095 1285 2150 de. So sehne mich danach. Ich sehne mich nach allem Schmerz¬
158 2138 1285 2199 unsere lichen und Süßen, nach allem Schönen und nach allem
147 2173 1294 2252 ir ge. Kläglichen, was das Leben bringt. Ich sehne mich nach
161 2225 1280 2272 Wert Stürmen und Gefahr — vielleicht nach mehr ... Du
139 2269 1271 2336 onach weißt nur, was ich Dir — was ich als Deine Geliebte,
148 2314 1288 2377 hon ich Deine Gattin war. Und da Du für mich die ganze Welt
154 2353 1276 2413 hDich bedeutet hast, in Dir all meine Sehnsucht, all meine
158 2398 1289 2458 e. Ich Zärtlichkeit beschlossen war, so konnten wir beide früher
150 2440 285 2495 leben.
287 2449 1284 2495 nicht ahnen, wozu ich bestimmt wäre, wenn sich die
151 2488 280 2542 portet:
280 2494 1277 2544 wirkliche Welt vor mir auftäte. Ich bin schon heute
150 2532 1284 2579 r aber nicht mehr, die ich war, Amadeus ... Oder vielleicht
286 2579 1288 2643 war ich immer dieselbe und habe es nur nicht gewußt;
147 2619 1284 2684 pidert: und es ist jetzt etwas von mir abgefallen, das mich
163 2659 648 2711 Und früher umhüllt hat.
637 2663 1283 2723 ... Ja, so muß es sein: denn jetzt
139 2694 1285 2766 ch die fühle ich alle Wünsche, die früher an mir herabgeglitten
157 2751 1285 2820 hauch sind, wie an einem fühllosen eisernen Panzer ... jetzt
154 2797 1275 2845 nicht fühle ich sie über meinen Leib, über meine Seele gleiten
149 2840 1275 2888 rhaftig und sie machen mich beben und glühen. Die Erde
153 2881 1287 2947 rt ..scheint mir voll von Aben euern, der Himmel wie von
170 2917 1289 2990 nicht Flammen strahlend und mir ist, als säh' ich mich
172 2981 1286 3034 trüb selbst, wie ich mit ausgebreiteten Armen dastehe und
135 3009 1281 3064 serem warte.“ Und da sie so vor ihm steht, ferner Ver¬
159 3057 1276 3101 ganze heißungen wartend, anders als er sie je gekannt, von
150 3101 285 3165 Sym¬
273 3101 1263 3171 einer Schönheit, die er nie an ihr gesehen hat —
279 3147 1283 3207 „Keine Bessere, glaub' ich, als jene Andere, eher eine
161 3183 1288 3267 Gräfin Grausamere, und doch eine, glaub' ich, die mehr ge¬
1308 226 1754 323 box 25/1
1300 1333 3312 1421 schaffen ist zu beglücken“ — da geschieht ihm, daß er sie gern und weiß doch eigentlich nichts von ihr, sie kann
1297 1388 3309 1467 plötzlich wieder begehrt. Sie berauscht ihn, er dringt auf morgen eine andere sein, über Nacht. Und dieses: wir
2302 1444 3302 1500 sehen die Menschen nur so, wie wir für sie fühlen. Seit
1297 1457 2296 1504 sie ein und jetzt, seit er sie wieder gehabt hat, ist ihm
2292 1485 3284 1544 dem Amadeus seine Frau sinnlich gleichgültig geworden
1295 1487 2287 1558 der Fürst unerträglich, die Leidenschaft wirkt zurück, er
2301 1515 3281 1585 ist, glaubt er sie gleichgültig, unsinnlich, kalt. Wori
1306 1531 2309 1609 haßt ihn, will ihn fordern, will ihn töten, bis er
2297 1565 3297 1627 vielleicht noch ein ganz anderes Stück sieckt. Und dieses.
1295 1575 2302 1638 erfährt, daß zwischen dem Fürsten und seiner
2304 1627 3304 1670 wir glauben unser Schicksal zu regieren, aber es spielt
1299 1623 2299 1675 Frau gar nichts gewesen ist. Also nur eine Komödie
2303 1655 3306 1710 mit uns und unser eigenes Leben lebt über uns hinweg:
1303 1666 2301 1735 von ihr? Um ihn eifersüchtig zu machen? Und
2305 1698 3313 1761 was ich im „Meister“ so sehr empfunden habe. Nicht
1290 1707 2302 1765 an seiner Eifersucht aus seinen Abenteuern zu ihr
2307 1738 3312 1798 angenehm ist mir der Ton, in welchem Amadeus mit
1295 1752 2293 1817 zurück zu ziehen? Nein. Sie war nicht treu. Und wenn
2306 1790 3313 1844 seinem Freunde verkehrt: Griensteidl 1890. Und gar
1306 1798 2309 1850 sie dem Fürsten nicht gehört hat, so ist das nur, weil
2305 1824 3310 1882 nicht mag ich den Fürsten. Dies mag meine Schuld seine
1307 1845 2307 1905 Frauen irgend etwas auch dann noch z'gern macht,
1303 1868 3317 1941 wenn sie schon längst entschlossen sind. Nur deshalb ist Jeder kann nur nach seinen Erfahrungen denlen. Dieser
1311 1914 3300 1996 es noch nicht, aber es wird sein. Amadeus fährt auf: junge Fürst beträgt sich edler als alle anderen in der Komödie
2307 1955 3302 2015 Nach meinen Erfahrungen ist in seinen Kreisen sittlicher
1313 1964 2306 2032 „Nie!“ Sie aber: „Warum bildest Du Dir das ein,
2304 1999 3304 2069 Takt und Menschlichkeit der Empfindung unbekannt
1309 2013 2294 2066 Amadeus? Es wird wahr werden. Glaubst Du denn,
2303 2047 3310 2109 Wenn ich die Kapellmeister nehme, die ich kenne, und
1305 2064 2302 2115 dies sollte eine Prufung für Dich sein? Denkst Du, ich
2313 2092 3320 2150 mit den Baronen, Grafen oder Fürsten vergleiche, über
1313 2109 2295 2163 spielte eine kindische Komödie, um Dich zu strafen, und
2313 2140 3317 2203 welche mir ein Urteil zusteht, so ist jeder von jenen
1310 2147 2300 2211 jetzt, nachdem Du zu früh die ganze Wahrheit erfahren,
2318 2169 3320 2234 menschlich mehr wert als diese. Ich weiß nicht, woher
1311 2188 2306 2241 würde ich Dir in die Arme sinken und erklären, alles sei
2308 2233 3315 2284 Schnitzler andere Erfahrungen haben kann. Und es stört
1312 2233 2305 2288 wieder gut? Hast Du es wirklich für möglich gehalten, daß
2314 2264 3316 2325 mich sehr, woran Schnitzler gewiß gar nicht gedacht hat,
1313 2279 2305 2336 nunalles vergessen sei und wir unsere Ehe wieder aufnehmen
2318 2311 3316 2363 wie dieser Fürst im Burgtheater wirken muß: als ein
1313 2322 2301 2367 werden, wo sie unterbrochen wurde? Kannst Du es denn
2314 2351 3316 2409 Komrliment vor den Komtessen! Es ist für mich, weill
1313 2363 2313 2423 nur wünschen, daß es so kommt und daß es eine Ehe
2315 2398 3313 2458 ich Schnitzler sehr gern habe, ein peinliches Gefühl, mir
1312 2409 2304 2467 wird wie tausend andere, wo man sich betrügt — und
2313 2454 3323 2502 zu denken, daß eine der hohen Damen, die damals den
1313 2462 2312 2507 wieder versöhnt — und wieder betrügt, je nach der
2317 2483 3317 2539 Kakadu vertrieben haben, jetzt vielleicht befriedigt ruft:
1312 2508 2312 2563 Laune des Augenblickes?“ Amadeus will sie beschwichti¬
2319 2525 3314 2588 Bravo, hat sich gebessert! Und ich darf nicht aufstehen
1317 2539 2309 2607 gen: „Wir haben uns nicht betrogen und nicht versöhnt
2305 2568 3315 2632 und darf nicht schreien: Nein, es ist nicht wahr, er hat
1368 2584 2310 2649 wir waren frei und haben uns wiedergefunden.“
2322 2613 2966 2681 sich nicht gebessert, er wird es nie!
1318 2618 2303 2680 Aber sie läßt sich jetzt von keinen Lügen mehr fangen:
2379 2650 3334 2717 Wunderbar ist Kainz als Amadeus. Nicht bloß
1612 2666 2320 2726 Als wenn das nur möglich gewesen
1323 2681 1615 2737 „Wir uns
2313 2711 3330 2771 schauspielerisch, in seiner unglaublichen Bravour, alle
1321 2720 2310 2772 wäre! Was ist es denn, was mich mit einemmal für
2313 2759 3325 2800 Neben=, Seiten=, Ober=, Unter= und Zwischenbedeutungen
1316 2757 2306 2822 Dich so begehrenswert machte? Nicht daß ich Cäcilie
2315 2793 3327 2853 der Worte mitzusprechen und das Wort durch den Gestus
1484 2813 2310 2880 nein: daß ich als eine andere wiederzu¬
1312 2815 1442 2871 war —
2320 2832 3327 2893 umzubiegen und abzubrechen. Noch viel mehr menschlich:
1501 2842 2312 2918 schien. Und war ich denn wirklich
1319 2851 1507 2912 kommen
2324 2880 3321 2943 er ist der einzige deutsche Schauspieler jetzt, der den
1962 2882 2313 2951 Oder bist Du
1317 2879 1942 2967 Dein? Ich war es nicht.
1416 2915 3328 2984 bescheiden geworden mit einemmal, daß guten Wiener Ton hat, oder richtiger: den Ton der
1326 2969 3327 3038 Dir ein Glück genügte, das zur selben Stunde sich viel= zehn oder zwölf sehr kultivierten Wiener; und einer der
2321 3005 3319 3074 ganz wenigen, die uns mit zwei Sätzen an einen
1329 3023 2316 3081 leicht auch ein anderer hätte holen können, wenn er nur
2323 3048 3320 3115 wirklichen bedeutenden Menschen glauben machen können.
1323 3071 2320 3119 dagewesen wäre?“ Und so scheiden sie. Es wird zu er¬
2320 3096 3318 3157 Das fehlt dem charmanten Fräulein Witt leider ganz,
1322 3108 2320 3172 tragen sein, sie haben ja beide zu arbeiten. Und viel¬
2316 3152 3321 3199 das die Cäcilie bald ins Mondäne hinüber, bald ins
1334 3146 2310 3211 leicht, wer weiß? „Wir sind einander soviel gewesen,
2316 3188 3313 3238 bürgerlich Brave herab rückt. Den jungen Fürsten gab
1330 3195 2313 3256 Amadeus, daß wir uns die Erinnerung daran erhalten
2326 3223 3316 3285 Heir Korff mit einer zu sichtlichen Angst, ausgelacht
1321 3239 2319 3300 müssen. Wenn das ein Abenteuer war, so sind wir auch
1327 3253 3324 3341 unser vergangenes Glück nicht wert; war es ein Ab= zu werden. Das Publikum, anfangs sehr gut gelaunt,
2326 3309 3318 3375 wollte im letzten Akte nicht mehr recht folgen. Nach dem
1322 3325 2310 3392 schied, so sind wir doch vielleicht zu einem künftigen be¬
2326 3351 3313 3416 ersten Akte erschien der Regisseur, dann Schnitzlee selbst,
1327 3380 1751 3455 stimmt ... vielleicht.“
2876 3392 3292 3474 Hermnann Bahr.
1404 3393 2697 3491 Ich habe hier manches gefunden, das mir nach= herzlichst begrüßt.
1318 3470 2361 3556 gegangen ist. Dieses: man lebt mit einer Frau, hat sie!
