3484 4384
1330 249 1781 350 box 25/1
269 250 1189 347 20. Zwischensniel
491 465 1304 572 Arthur Schnitzler.“)
323 520 1318 621 Ganz Wien war zur Stelle. Galt es doch eines
252 578 1306 664 jener bedeutungsvollen Ereignisse, denen man bei¬
258 642 1296 702 wohnen muß, um am Tagesgespräch teilnehmen zu
255 681 1309 747 können. Vor zwei Lustren hat Artur Schnitzler, der
261 743 1302 798 sein Erstlingswerk am Deutschen Volkstheater hinge¬
256 779 1291 857 schlachtet sehen mußte, mit der „Liebelei“ im Burg¬
260 830 1293 900 theater seinen großen Bühnenerfolg errungen. Den
252 881 1301 933 vermochte er bisher nicht zu überbieten. Sein „Frei¬
256 926 1297 976 wild“ glitt an der Bühne des Kaisers vorüber; die
258 969 1285 1048 Richtung schien militärfeindlich; das „Vermächtnis“
256 1012 1297 1076 dessen erster Akt gleich dem der „Liebelei“ stark und
255 1073 1298 1127 kühn einsetzt, soll bereits prüdere Damen der Aristo¬
242 1122 1304 1189 kratie nachdrücklich verletzt haben. Da unternahm es
247 1165 1290 1239 der verwegene Dichter, seine Pfeile direkt gegen die
247 1212 1288 1280 Logen abzuschießen: „Der grüne Kakadu“ verschwand
238 1239 1297 1316 von der Bühne, weil eine Erzherzogin ihn unerträglich
248 1304 1291 1380 fand. So geschah es, daß der „Schleier der Beatrice“
252 1355 1295 1423 in Wien nicht zur Aufführung gelangte. Die vor¬
323 1440 751 1500 *) Nachdruck verboten
249 1530 1180 1581 nehmsten Wiener Kritiker legten sich ins Mittel.
1178 1536 3344 1573 Sie daß sie nicht mehr um ihrer selbst willen geliebt wird] Die Aufführung ließ nichts zu wünschen übrig.
244 1571 1295 1638 forderten Direktor Schlenther öffentlich auf, sich
1282 1568 3349 1629 und der die seltsame Laune des Musikers Ehe und Kainz spielte den nervösen Künstler als ein Künstler
250 1619 1301 1681 wegen dieser Zurückweisung zu rechtfertigen. Das
1286 1617 3351 1680 Freundschaft zu entwürdigen scheint, erachtet ein der Nervosität, Lotte Witt wußte die Rätsel der
256 1672 1293 1732 geschah. Bald darauf schuf der Dichter seinen
1280 1656 3347 1736 weiteres Zusammenleben mit ihm als unmöglich. Da weiblichen Seele geistvoll zu deuten, Treßler, eines
254 1711 1289 1781 „Leutnant Gustl“ Er erbitterte hierdurch die Offi¬
1280 1711 2205 1778 verläßt er sie. Sie ist darüber untröstlich....
2294 1716 3345 1794 der echtesten schauspielerischen Talente, die es je ge¬
262 1774 1289 1830 ziere noch mehr als durch das „Freiwild“. Aus
1347 1755 3355 1838 Es ist selbstverständlich, daß die Ovation, die geben, konnte sich mit dem farblosen Rhon nur eben
252 1816 1276 1874 Furcht vor einem Theaterskandal ließ Schlenther
1292 1805 3345 1866 Schnitzler zugedacht war, durch die Vorgänge auf der abfinden. Den Vogel schoß Korff mit einer Epi¬
245 1867 1285 1920 „Die lebendigen Stunden“ und den „Einsamen Weg“
2308 1837 3357 1923 sodenrolle ab: er stellte den Fürsten Siegismund mit
1288 1862 2321 1921 Bühne einigermaßen gedämpft wurde. Der Dichter,
251 1907 1277 1962 nach Berlin flattern. Die Freunde des hochbegabten
1286 1909 3345 1976 der sich als naiver Künstler jählings in die Höhe ge= einer schlichten Herzlichkeit dar, die für einige Augen¬
259 1957 1286 2018 Schriftstellere fanden dies ungerecht. Ihrem Drängen
1286 1943 3350 2029 schwungen, hat sodann die Bahnen der Tendenz=blicke wenigstens jeden Widerspruch bannte. Alles in
247 2006 1279 2070 wurde endlich nachgegeben. Die erste Bühne Oester¬
1285 1990 2320 2076 dramatik eingeschlagen; die letzten seiner Werke sind
2310 2010 3217 2077 allem: Schlenther konnte seine Freude haben.
248 2043 1281 2108 reichs öffnete dem verlorenen Sohn wieder ihre
1284 2052 2319 2111 Problemstücke. Das „Zwischenspiel“ erinnert stellen¬
2797 2042 3329 2144 Dr. J. v. Lubassh.
252 2099 1276 2155 Arme. Man wollte vergeben, man wollte vergessen.
1279 2105 2316 2167 weise an Ibsens „Nora“, manchmal wohl auch an
250 2139 1285 2206 Bei der Versöhnung mitgewirkt zu haben, das wollte
1281 2146 2329 2216 Bahrs „Meister“ der ja gleichfalls zu dem nordischen
248 2188 1288 2257 sich niemand nehmen lassen. Darum war ganz Wien
1279 2179 2319 2259 Magus in Beziehungen steht. Die Idee, von der
240 2243 1280 2298 zur Stelle. Es sollte eine Huldigung für den jungen
1293 2229 2325 2319 Schnitzler ausgeht, läßt er durch den Dichter Rhon,
252 2296 1274 2355 Meister werden, womöglich auch eine Bestrafung des
1290 2292 2330 2362 den Kollovorator des Kapellmeisters, aussprechen:
245 2336 1283 2418 Bühnenleiters, der einen Mann von Bedeutung so
1281 2351 2318 2407 „Freundschaft zwischen Personen verschiedenen Ge¬
255 2387 990 2451 schnöde ins Ausland gedrängt hatte.
1280 2389 2315 2455 schlechts ist auch dann unmöglich, wenn es sich um
309 2419 1288 2493 Artur Schnitzler wird von seinen Freunden als
1286 2427 2326 2500 verheiratete Leute handelt.“ Aus diesem Satze hätte
241 2474 1287 2548 der größte österreichische Dramatiker gepriesen. Ich
1278 2485 2320 2552 sich ein ergötzliche Komödie bilden lassen. Schnitzler
260 2530 2324 2608 für meinen Teil ziehe Karl Schönherr vor. Schnitzler, hat es vorgezogen, eine psychologische zu schreiben. Lei¬
260 2583 2327 2632 der in „Die Toten schweigen" und „Der blinde) der vorwechselt er Dunkelheit und Tiefe. Daß die
249 2624 2319 2693 Geronimo und sein Bruder“ zwei Novellen gebildet Vorgänge überspitzt, geklügelt und konstruiert sind,
244 2672 1282 2735 hat, die geradezu als klassisch anmuten, ist nicht
1276 2684 2326 2746 würde nicht so schwer ins Gewicht fallen: bedeutsamer
244 2716 1276 2781 eigentlich im Lande der Dramatiker geboren. Er hat
1277 2729 2311 2777 ist es, daß sie durchaus novellistisch wirken. Die Be¬
247 2777 1282 2830 mit Fleiß und Verstand ihre Sprache, ihre Art, zum
1289 2777 2321 2833 strebungen der Figuren sind nicht immer klar; der
243 2826 1278 2882 Teil auch ihre Kunst erlernt und gießt nun seinen
1288 2823 2328 2885 Zusammenhang zwischen Ursache und Bewegung
231 2861 1276 2925 novellistischen Stoff in die Theaterform. Das gelingt
1280 2873 2325 2929 scheint oft gesucht, ja willtürlich zu sein. Der
231 2911 1277 2978 gelegentlich, es mißlingt aber auch manchesmal. In
1277 2915 2322 2975 Dichter tut das Aeußerste, um die Stimmungen, die
237 2965 1282 3018 guten und bösen Stunden ist ihm aber ein eigener
1278 2967 2326 3026 sein Werk durchwalten, zu erklären: Lange Aus¬
246 3014 1275 3063 Reiz eigen. Er verfügt über einen hellen silbernen
1275 3025 2329 3078 einandersetzungen zwischen Mann und Weib wechseln
246 3057 1281 3136 Ton in der Farbe, über einen Perlmutterglanz, der
1278 3061 2331 3125 mit Monologen ab; zum Ueberflusse wird auch in
235 3108 1273 3164 an die Schöpfungen eines Veronese gemahnt. Auch
1279 3100 2316 3165 dem Dichter Rhon der Vertraute der älteren und der
238 3161 1276 3217 das „Zwischenspiel“ ist von diesem merkwürdigen
1276 3160 2321 3218 Raisonneur der neueren französischen Komödie wieder
240 3206 1269 3254 Leuchten überschimmert. Der Kapellmeister Amadeus
1288 3209 2312 3259 lebendig. Die besten Absichten scheitern schließlich
240 3251 1283 3294 Adams ist seit sieben Jahren mit der Opernsängerin
1280 3256 2312 3320 daran, daß uns hier das Seelenleben von Künstlern
232 3295 1283 3359 Cäcilie Adams=Ortenburg verheiratet. Ihrer Ehe ist
1275 3293 2332 3370 vorgeführt wird. Menschen, die ein Wort für eine
229 3344 1275 3414 ein Kind, der kleine Peter, entsprungen. Amadeus
1275 3344 2323 3419 Tat, einen Einfall für ein Erlebnis halten. Dadurch
235 3388 1278 3454 läßt sich von einer anderen Opernsängerin, Gräfin
1277 3395 2318 3449 wird ihnen etwas papiernes eigen: rote Tinte fließt
245 3442 1282 3506 Friederike Moosheim, den Hof machen; Cäcilie heißt
1277 3437 2322 3509 ihnen in den Adern, nicht Blut. Eine einzige Ge¬
244 3496 1273 3552 die Werbungen eines Fürsten Lohsenstein willkommen.
1283 3486 2328 3563 stalt, echt schnitzlerisch gesehen und gebildet, atmet
233 3541 1278 3594 Der Mann, der seine Frau nicht mehr liebt, schlägt
1277 3546 2323 3604 volles Leben: der junge Fürst Sigismund. Diese
229 3581 1263 3643 dieser vor, die Ehe in Freundschaft übergehen zu
1283 3594 2334 3657 gewinnende, liebenswürdige, frische Natur, die sich
225 3633 1268 3703 lassen. Jeder der beiden Gatten behält sich somit
1285 3635 2312 3692 nicht in einem Qualm von Redensarten ausdrückt,
231 3676 1277 3742 ausdrücklich vor, seine Neigungen anderweitig unter¬
1271 3678 2317 3750 aus deren Brust vielmehr gesundes und schlichtes
233 3738 1276 3794 zubringen. Cäcilie ist zu stolz, um ein solches An¬
1275 3718 2325 3798 Empfinden quillt, zeigt, was dieser Autor dem
244 3776 1271 3838 sinnen zurückzuweisen. Sie geht, Gram im Herzen,
1277 3780 2317 3852 Schrifttum sein könnte, wenn er die Kraft hätte, sich
239 3823 1280 3881 darauf ein. Das ist der erste Akt. Der zweite spielt
1280 3829 2310 3892 dem snobistischen Milien des Wiener Literatur¬
233 3872 1268 3929 einige Monate später. Amadeus hat seinen Roman
1274 3868 2325 3943 klüngels zu entziehen. Ein verhängnisvoller Einfluß
234 3926 1269 3984 mit der Dame seines Herzens erledigt. Da Cäcilie
1285 3929 2309 3978 ist es, der ihn in das Kielwasser Ibsens drängt. Wer
233 3969 1265 4028 inzwischen durch ein Gastspiel in Berlin festgehalten
1276 3973 2319 4043 den „Puppenspieler“ mit dem Vaganten Ulrich
239 4023 1271 4076 war und der junge Fürst ihr Gesellschaft leistete,
1277 4022 2323 4071 Brendel vergleicht, wird alsbald bemerken, in welch
239 4061 2316 4125 glaubt der ungetreue Ehegatte, sie hätte ihm Gleiches erschreckendem Maße Schnitzler seiner Eigenart ver¬
240 4118 2320 4158 mit Gleichem vergolten. Aber es liegt ihm nichts lustig wird, wie er im Begriffe steht, seine Persön¬
769 4161 965 4225 —
503 4157 691 4218 e
1497 4159 2310 4220 ubüßen, seine köstliche Jugend hinzugeben
