3484 4352
1305 230 1745 319 box 25/2
246 223 1150 332 20 Zuischensniel
1197 663 1546 726 Telephon 12801.
1313 750 1451 822 595
983 753 1141 837 E P
687 791 1384 881 „UBSEIVER
502 856 1615 921 I. österr. behördl. konz. Unternehmen für Zeitungs-Ausschnitte
698 916 1443 998 Wien, I., Concordiaplatz 4.
920 983 1223 1041 Vertretungen
516 1024 1610 1084 in Berlin, Budapest. Chicago, Christiania, Genf, Kopenhagen,
520 1064 1616 1129 London, Madrid, Mailand, Minneapolis, New-York, Paris, Rom,
687 1123 1458 1170 San Francisco, Stockholm, St. Petersburg.
854 1151 1282 1215 (Quallenangabe ohne Gewähr.)
524 1229 1604 1325 Ausschnitt amibürger Nachrichten
931 1303 1211 1387 26 11. 1925
523 1338 682 1405 vom:
547 1450 1494 1540 —73. Im Lessingtheater zu Berlin wurde ge¬
570 1509 1487 1585 stern Schuitzlers =Zwischenspiel“ aufgeführt, der
576 1540 1490 1614 konlowürde fach jedem Alte gerufen, nach dem
573 1590 1492 1653 Hehr langweiligen Schlußakt allerdings nur, einem
565 1640 1494 1716 Privattelegramm zufolge, gegen eine sehr deutliche
565 1699 821 1779 Opposition.
1541 1707 1618 1759 5
1552 1818 1623 1896 8.
1562 1874 1608 1911 —
1527 1904 1615 1989 3
406 2533 768 2634 Telephon 12301.
588 2603 1299 2766 „OBSERVER‘
415 2708 1543 2810 1 österr. behördl. konz. Unternehmen für Zeitungs-Ausschnitte
616 2791 1346 2884 Wien, I., Concordiaplatz 4.
836 2859 1135 2922 Vertretungen
428 2897 1545 2987 in „Berlin, Budapest, Chicago, Christiania, Gent, Kopenhagen,
416 2933 1540 3015 Hondon, Madrid, Mailand, Minneapolis, New-Vork, Paris, Rom,
604 2979 1370 3055 San Francisco, Stockholm, St. Petersburg.
778 3021 1204 3096 (Quellenangabe ohne Gewähr.)
433 3130 1024 3215 Ausschnitt aus: #½#sle
859 3145 1560 3241 Oieassburger Zeitung, Berin
765 3211 913 3277 1105
432 3239 592 3298 vom:
937 3254 994 3313 HEM
597 3290 1621 3396 9 Theater-Ariur Sch#itlers neuestes Bühnenwerk, die
435 3318 1627 3433 Termll#h#Womöbie „Zwischenspiel die im vorigen Monat im
458 3360 1626 3468 ziener Burgtheater mit zweifelhaftem Erfolge zum ersten Male in
426 3412 1633 3510 Szene ging, ist gestern abend nun auch in Berlin gegeben worden.
434 3436 1628 3542 Schnitzler sucht in dem Werke dem alten Motive von der brüchigen
440 3483 1632 3578 Ehe neue Seiten abzugewinnen, läßt den Zuschauer dabei aber zuweilen
452 3525 1622 3625 über seine Absichten recht im unklaren und entschädigt für manche Ge¬
447 3563 1629 3671 waltsamkeit in der Entwickelung nur teilweise durch Feinheiten in der
441 3611 1637 3716 Charakterzeichnung und geschickte Führung des Dialogs. Die beiden
453 3633 1640 3741 ersten Akte wurden mit Beifall ausgenommen, so daß der Verfasser vor
440 3678 1654 3788 dem Vorhang erscheinen konnte. Nach dem Verlegenheitsschluß mischten
1476 3718 1537 3776 R.
438 3746 1083 3844 tsich auch Zischlaute in das Klatschen.
1516 3762 1573 3832 9
1919 945 3026 1018 waren Stadtverordnetenvorsteher=Stellvertreter Michetel and *
1764 952 1916 1026 irten
1773 1010 1907 1059 Einbe¬
1920 1009 3133 1060 rat Kalisch anwesend. Als um 9 Uhr das Künstlerkonzert begann,
1794 1043 3128 1099 brift= war die geräumige Wandelhalle dicht gefüllt, und viele Personen
1826 1082 3141 1132 für mußten sich mit einem, Stehplatz begnügen. Das Programm bot
1813 1184 1900 1238 heit
1998 1175 3147 1232 Lessing=Theater. Sonnabend zum ersten Male: „Zwischen¬
1923 1216 3060 1280 spiel“. Komödie in drei Akten von Arthur Schnitzler.
1796 1225 1903 1276 inen
1991 1248 3134 1316 Wie das musikalische Zwischenspiel, das der berühmte Kapell¬
1920 1293 3138 1351 meister und Komponist Amadeus Adams einer neuen Symphonie
1799 1302 1910 1365 über
1926 1350 3134 1389 einfügen will: er hat es Capriccio genannt und wird es Capriccio
1799 1342 1915 1408 end,
1922 1376 3129 1428 doloroso umtaufen, da seine Frau Cäcilie, eine hochgefeierte, be¬
1800 1383 1913 1437 viel¬
1921 1419 3134 1473 deutende Opernsängerin, ihm die versteckten Traurigkeiten des
1816 1424 1910 1478 sch“
2618 1464 3140 1501 so spielt sich in der Ehe
1921 1461 2583 1516 musikalischen Motivs aufgedeckt hat
1813 1467 1901 1510 sen¬
1929 1499 3142 1549 dieses Künstlerpaares ein doppeltes Zwischenspiel ab, eine Tragödie
1801 1502 1910 1554 urdt
1926 1534 3141 1577 mit vervorgenen ironischen, satirischen, grotesken Lustigkeiten. Rollt
1809 1543 1911 1592 phie
1924 1571 3144 1631 sich auf und ab, löst sich und verwirrt sich in den feinsten Seelen¬
1808 1581 1909 1631 saut
1928 1612 3137 1666 analysen. Diese Zwischenspielkomödie ist so etwas wie eine
1823 1623 1919 1671 ge¬
1919 1649 3143 1710 psychologische Novelle in dialogisierter Form; das heißt nicht in der
1814 1662 1901 1707 hen
1919 1696 3137 1743 äußeren dramatischen Handlung liegt ihr Schwerpunkt, sondern in
1811 1697 1904 1746 sein
1934 1729 3141 1777 der inneren, die, nach Lessing, sehr wohl an jener Stelle treten
1816 1734 1914 1786 sten
1926 1772 3141 1823 kann als „ein innerer Kampf von Leidenschaften, eine Folge von
1816 1780 1906 1824 nte
1926 1810 3133 1865 verschiedenen Gedanken, wo eine die andere aufhebt.“ Nur
1805 1816 1917 1875 lost
1922 1853 3135 1905 daß hier in einem Zwitterspiel von Ernst und Komik
1809 1882 1902 1950 del¬
1915 1888 3143 1939 die dramatische Kraft der Leidenschaften zerfasert und ver¬
1925 1921 3133 1980 flüchtigt wird, daß die Gedankenfolgen in der sophistischen Dialektik
1803 1933 1914 1985 gen.
1929 1972 3141 2023 des Dichters sich nicht aufheben, sondern raffiniert ineinander¬
1806 1974 1908 2034 sam
1929 2007 3149 2056 schieben; unter dem kunstvollen Filigran dieser gewundenen, kon¬
1807 2008 1911 2060 eten
1932 2043 3149 2100 struierten Psychologie werden die tragenden Stützen brüchig, verliert
1809 2054 1906 2101 hat.
1926 2085 3134 2137 der treibende Impuls der Seelenkräfte seine elementare Macht,
1798 2092 1900 2142 piel¬
1923 2123 3138 2174 wird das Hauptspiel des dramatischen Kampfes selber zum Spiel:
1805 2129 1908 2183 ige“
1935 2153 3142 2213 die Verklausulierung der seelischen Vorgänge nimmt dem Beispiel
1922 2205 3142 2253 seine Beweiskraft, der Komödie den weiten Horizont. Die kleine
1801 2199 1907 2257 ichen
1922 2249 3141 2301 Handlung ist an sich so einfach wie die Wahrheit ihres Themas.
1799 2250 1912 2297 allzu
1922 2276 3143 2329 Nach siebenjähriger Ehe steben die Gatten vor einer Krisis.
1802 2286 1920 2343 heite,
1922 2320 3149 2372 Amadeus fühlt sich in die Netze einer ihre Liebhaber wechselnden
1809 2324 1916 2382 und
1922 2358 3143 2417 gräflichen Sängerin verstrickt, Cäcilie läßt sich von einem moral¬
1796 2365 1918 2421 hien,
1928 2393 3145 2449 reinen jungen Fürsten ostentativ Verehrung entgegenbringen. Die
1812 2406 1909 2453 und
1934 2432 3146 2481 rückhaltlose Wahrheit, die sich das Paar einst gelobt hat, soll nach
1795 2449 1909 2495 igen,
1924 2471 3146 2521 der Meinung des Gatten den Konflikt ausschalten; Freundschaft
1801 2481 1926 2532 ückes
1928 2517 3135 2567 und Kameradschaftlichkeit werden fortan die Basis ihres Ver¬
1925 2566 3151 2625 hältnisses bilden. Mit Ueberwindung, zu stolz, ihren Schmerz zu
1793 2546 1922 2612 gten)
1933 2600 3143 2646 zeigen, willigt Cäcilie ein. Aver die Erfolge des doppelten
1802 2603 1919 2651 olizei
1934 2634 3141 2688 Zwischenspiel sind ungleich. Der Mann, der untreu geworden ist,
1929 2671 3146 2717 ist schnell ernüchtert und ersehnt den alten Zustand; die Frau, die,
1802 2678 1916 2727 lder¬
1931 2715 3153 2763 wie der Gatte später erfährt, die Treue bewahrt hat, kehrt nach
1805 2720 1920 2771 dem
2720 2756 3155 2803 in das eheliche
1932 2751 2722 2800 künstlerischen Triumphen umgewandelt
1810 2757 1917 2813 Nat¬
1937 2788 3157 2837 Heim zurück. Die Freiheit hat in ihr das Weib ausgelöst,
1810 2798 1923 2848 cha
1927 2832 3152 2872 latente Elementargewalten, unerfüllte Wünsche, Sehnsüchte, Verlangen.
1822 2836 1913 2885 die
1931 2870 3150 2914 Trotzdem gibt sie sich am Abend der Heimkehr der stürmischen
1822 2873 1899 2922 gat
1936 2913 3155 2960 Werbung des Mannes, dem sie wie eine neue, mit neuen Reizen um¬
1818 2912 1911 2969 iktes
1944 2952 3150 2999 gebene erscheint, wieder gefangen. Aber der Nacht folgt ein Morgen,
1807 2951 1913 3002 alte¬
1927 2987 3155 3028 dem die dialektische Sophistik des Dichters, über die psychologische
1815 2986 1922 3042 ndt
1939 3027 3152 3077 Logik des Alltags triumphierend, keine Versöhnung der Gatten, kein
1814 3033 1920 3083 lang
1926 3060 3148 3115 Weiterspielen der Ehesymphonie nach jenem Zwischenspiel beschert.
1832 3075 1922 3124 zu
1934 3113 3151 3158 Cäcilie, die eben die Geliebte ihres Gatten war, kann sich nicht ab¬
1817 3114 1911 3160 den¬
1938 3142 3145 3197 finden mit der Welt der Freiheit, die sie in sich erwacht fühlt, ohne
1818 3146 1925 3199 Fren
1942 3180 3146 3234 sie erlebt zu haben. Sie deckt die innere Unwahrheit jener eitlen,
1812 3190 1919 3238 den.
1827 3228 1916 3280 des
1946 3222 3147 3274 stolz prahlenden Wahrhaftigkeit auf, mit der beide, Mann und Weib
1934 3264 3139 3309 die einfachen elementaren Instinkte, Liebe, Schmerz, Zorn, Eifersucht,
1818 3266 1915 3316 aus
1829 3308 1923 3359 die
1941 3303 3148 3353 glaubten negieren zu dürfen; nun würde sie diese eigentliche Ehe¬
1934 3340 3143 3394 lüge zu ganz gewöhnlichen Durchschnittsmenschen machen, ihre neue
1927 3394 3142 3432 Wahrheit könnte nur die der banalen Alltäglichkeit sein, wo die
1936 3420 3139 3474 Gatten einander hintergehen, sich entfremden, sich versöhnen. Eine
1829 3416 1922 3485 Akt,
1930 3456 3142 3511 Ehe, unwürdig ihres vergangenen Glückes. Also muß die Nacht
1889 3498 3152 3558 ein Abschied gewesen sein. Und so läßt Schnitzler im tragischen Ausklang
