3484 4384
312 120 1799 247 20. Zwischenspiel box 25/1
737 872 1129 981 Telephon 12801.
375 949 1498 1052 Alex. Weigls Unternehmen für Zeitungs-Ausschnitte
548 1044 1324 1179 „OBSERVER“
370 1152 1498 1250 L österr. behördl. konz. Bureau für Zeitungsberichte u. Personalnachrichten
553 1227 1352 1325 Wien, I., Concordiaplatz 4.
784 1297 1100 1362 Vertretungen
386 1328 1497 1405 in Berlin, Budapest, Chicago, Genf, London, New-York,
369 1396 1493 1449 Paris. Rom, Mailand, Stockholm, Christiania, St. Petersburg.
640 1440 1229 1524 (Quellenangabe ohne Gewähr.)
360 1510 870 1616 Ausschnitt aus:
898 1569 1559 1677 Der Humorist, Wien
371 1649 564 1711 vom:
668 1740 1493 1842 Theater und Kunst.
475 1838 1744 1922 (Burgtheater.) Schnitzler läßt Amadens Adams, den Helden
364 1892 1736 1989 des Stückes, an passender Stelle ungefähr folgendes sprechen: „Wir
368 1938 1722 2024 schaffenden Künstler haben mal unsere eigenen Gedanken, aber die
359 1988 1726 2072 Form, in der wir dieselben ausführen, steht von Anbeginn nicht
370 2043 1727 2124 fest in uns; oftmals leitet sie die Idee andere Wege, als uns zuerst
371 2091 1725 2163 vorgeschwebt.“ Diese Worte, wie eine Selbstkritik klingend, lassen
360 2131 1723 2229 sich auf den Verfasser der Komödie „Zwischenspiel“ selbst anwenden.
358 2197 1723 2277 Ein Motiv, zur Lustspielbearbeitung wie geschaffen, kann man hier,
355 2227 1723 2325 durch endlos lange Alleen psychologischer Verfeinerungen geschleppt,
362 2282 1720 2368 endlich auf die sonneniosen Abhänge ergrübelter Seelenanalyse ge¬
354 2338 1729 2401 drängt und im Nebel zerflattern sehen. Statt der Handlungen, die
354 2376 1720 2457 wir von Wesen, in denen die Leidenschaften entfesselt sind, erwarten
351 2435 1727 2520 müssen, hören wir geistreiche Aphorismen; statt der Taten, die den
356 2481 1730 2568 vom Dichter kunstvoll geführten Konflikt beenden könnten, werden
360 2529 1722 2616 immer bloß ne#e mathematische Erempel gelöst. Ein Dialog von
354 2570 1724 2669 verblüffendster Feinheit der Wendungen, bald von beinahe
353 2630 1730 2710 talmudistischen Spitzfindigkeiten, bald von entzückendem Esprit; über
351 2688 1725 2752 allem die Souveränität einer echten, vornehmen und sicher wandelnden
346 2732 1707 2797 Poetennatur. Aber seine Figuren läßt der Dichter diesmal Ver¬
355 2769 1720 2865 gangenheit und Zukunft sprechen, anstatt sie als Menschen in
356 2832 1717 2906 der Gegenwart leben zu lassen. Es mutet manchmal an wie die
347 2877 1713 2962 Laune eines hohen Herrn, der überlegen lächelnd die Menge über
348 2924 1707 3017 seine Macht staunen sehen will. Die Aufnahme, welche die Komödie
340 2972 1721 3075 im Burgtheater fand, zeigte deutlich, welcher Sympathien Artur
341 3022 1717 3088 Schnitzler sich zu erfreuen hat. Der Dichter und das Burgtheater
347 3073 1717 3140 haben sich wieder gefunden. Wir dürfen nun hoffen, daß die
339 3120 1710 3208 Konfliktszeit bloßes „Zwischenspiel“ geblieben ist, und daß der
334 3184 1710 3260 Dichter des „Schleier der Beatrice" uns an dieser Stätte noch viele
349 3226 1702 3303 „lebendige Stunden“ schenken werde. Die Hauptrolle der Komödie
343 3281 1699 3358 gab Herr Kainz mit allen den Mitteln seines reichen Kunstschatzes.
345 3319 1704 3411 Jeder Banalität des bloßen Wirkenwollens aus dem Wege gehend,
336 3376 1714 3458 bot er eine reine und würdige Kunstleistung. Wenn es ihm trotzdem
339 3430 1710 3508 nicht gelang, uns den Amadeus menschlich näher zu rücken, so ist
331 3472 1704 3542 es nicht seine Schuld. Frl. Witt stellte ihr ganzes Können in den
327 3521 1704 3585 Dienst der Sache; die Ueberlegenheit, welche die Rolle der Cäcilie
333 3564 1697 3642 erfordert, mangelt ihr. Ausgezeichnet waren Herr Korff und
330 3609 1701 3696 Herr Treßler; letzterer als lustiger Raisonneur des Stückes.
1540 3691 1693 3794 20
2055 277 2421 369 Telephon 1251.
2809 342 2996 405 E
2259 378 2937 484 „OUSEHVER
2052 454 3178 553 I. österr. behördl. konz. Unternehmen für Zeilungs-Ausschnitte
2249 512 2990 608 Wien, I., Concordiaplatz 4.
2480 590 2793 651 Vertretungen
2063 611 3183 686 in Berlin. Budapest. Chicago, Christiania, Genf, Kopenhagen,
2054 672 3190 744 London, Madrid, Mailand, Minneapolis, New-York, Paris, Rom,
2250 713 3006 778 San Francisco, Stockholm, St. Petersburg.
2424 755 2841 817 (Ouellenangabe ohne Gewäkr.)
2060 829 3109 938 Ausschnitt ausWjener Salonblatt
2078 951 2227 1008 vom:
2108 939 2911 1045 s05
2113 1036 3340 1093 Die Woche hat wieder eine ganze Serie von Premièren¬
1990 1080 3331 1153 genüssen gebracht, auf die ich an dieser Stelle nicht näher einzu¬
1997 1125 3340 1183 gehen habe. Aber von der Unmasse Staub, welche speziell durch
1992 1175 3338 1241 die Burgtheaterpremière, durch die Schnitzlernovität aufgewirbelt
2000 1228 3335 1292 worden ist, muß doch mindestens ein Plauderstäubchen fürs Wochen¬
1998 1287 3335 1342 allerlei aufgefangen werden. Ob das jüngste Werk unseres Mode¬
1992 1335 3330 1388 dichters durchgefallen ist oder nicht, geht mich weiter nichts an —
1996 1375 3348 1443 daß Schnitzlers Zwischenspiel= in diesen Tagen das allgemeine
2002 1423 3349 1490 Gesprächsthema in den Salons und namentlich in Damenkreisen
2002 1472 3345 1533 gebildet hat, ist nicht in Abrede zu stellen. Man interessierte sich
2006 1525 3348 1580 für das Grundthema, für die delikaten Ehe= und Liebesfragen,
1998 1583 3350 1628 die in dem Schnitzlerstück aufgeworfen werden — und man inter¬
2006 1609 3352 1677 essierte sich noch mehr für die unvergleichliche Meisterleistung Josef
2007 1673 3350 1725 Kainz', die durch ein spezielles, enthusiastisches Dank= und Aner¬
2001 1719 3347 1780 kennungsschreiben des Leiters der Hoftheaterintendanz, Freiherrn
1998 1779 3355 1836 Plappart, eine ganz besondere Würdigung erfuhr. Er ist ein
2005 1817 3358 1874 Hexenmeister, dieser Josef Kainz, denn er versteht sich auf die
1994 1880 3356 1953 Kunst, aus minderwertigen dramatischen Substanzen Gold zu
1994 1924 2175 1999 machen.
2136 1951 2702 2058 ent un e uen un in 1n
2704 1992 2840 2095 621
2034 2035 2319 2083 Telephon 128
2313 2037 2638 2121 eeg n0
2919 2109 3034 2190 hani
2094 2119 2242 2195 alwann
2211 2142 2923 2231 „OBSENVER
2016 2209 3137 2286 I. österr. behördl. konz. Unternehmen für Zeilungs-Ausschaitte
2218 2266 2958 2375 Wien, I., Concordiaplatz d.
2392 2345 2786 2410 Vertretungen#
2026 2373 3151 2457 in Berlin. Budapest, Uhichko, Christlahiá, Genf, Kopenhagen,
2029 2429 3160 2522 London, Madrid, Mailand, Minneapolis. New-York, Paris, Rom,
2219 2466 2995 2549 San Francisco, Stockholm, St. Petersburg.
2292 2513 2802 2577 (Ansllenangabe ohne Gewähr.)
2023 2554 3062 2681 Ausschnitt ansWiener Salonblatt
2466 2641 2843 2692 Sisune Bedan sohe
2779 2679 2828 2719 140
2296 2680 2486 2734 eb M
2041 2685 2194 2764 vom;
2513 2680 2861 2787 PO1905
2488 2755 2727 2834 Munegane
2328 2893 2918 3006 Die Theaterwoche.
1945 3009 3295 3084 Am Hofburgtheater ging am 12. d. M. eine neue dreiaktige
2047 3074 3290 3150 *Komödie von Artur Schnitzler, =Zwischenspiel=, zum,
1948 3123 3280 3185 ersten Male in Szene. Trotz des lebendigen und in der Stimmung
1936 3172 3290 3219 naturwahren Dialoges wurde das nicht uninteressante Werk, dessen
1946 3213 3300 3295 Inhalt hier wiederzugeben unmöglich ist, abgelehnt. Es ist nämlich
1935 3272 3291 3344 eine psychologische Kaprize des talentvollsten unter unseren jüngereh
1944 3322 3292 3382 Dichtern, der sich diesmal leider in eie unfruchtbare Idee ver¬
1936 3376 3293 3441 rannte, die niemand begreifen konnte und wollte. Schnitzler ver¬
1945 3426 3297 3466 wechselt nämlich eheliche Treue mit gegenseitiger vollster Aufrich¬
1946 3470 3287 3529 tigkeit und kommt zu dem Trugschlusse, daß die versprochene und
1946 3508 3285 3594 in einem Momente vergessene Aufrichtigkeit schlimmer sei als ein¬
1938 3563 3295 3632 gestandene Eheirrungen. Die Darstellung kon e, so brillant sie ist,
1945 3616 3282 3684 über das peinliche Thema nicht hinweg helfe Herr Kainz und
1934 3664 3293 3730 Frl. Witt wetteiferten als Ehepaar Amaden= und Cäcilia Adams
1942 3723 3277 3793 in allerfeinsten Details und prickelnden Nuancen und ihre Partner,
1932 3767 3279 3824 Frau Kallina und Herr Korff, waren voll vornehmster Eleganz.
1930 3817 3284 3884 Daß sich die Komödie, welche ins Burgtheater wahrlich nicht hin¬
1928 3871 3221 3935 eingehört, auf dem Repertoire erhalten wird, ist ausgeschlossen.
3123 3920 3247 3976 L—u.
