3436 4256
1260 99 1713 187 box 25/4
194 108 1104 209 20. Zuischensbiel
1913 624 2999 694 weint. Und zwei Menschen verscherzen sich an der nämlichen
813 631 1891 696 mnder. Und eine „Privatabmachung“ setzt fest, daß die
116 649 801 726 Sinn, der sich nüchternen Menschen
1910 680 2998 728 Stelle zum dritten Male das Glück, weil sie von ihren In¬
811 681 1902 741 bssherige Gattenliebe fortan einer gleichfalls aufrichtigen
113 705 804 770 nachen läßt, will der Dichter auch
1911 718 2999 771 stinkten betrogen werden — weil sie wahr zu sein glauben,
824 726 1897 783 „Kameradschaft“ zu weichen habe. Mit leidenschaftlichem
118 743 807 803 „Ich habe mich stets für einen
1911 755 2997 810 wo sie posieren, unbewußt posieren — und weil sie letzten
812 760 1898 816 Efer sieht und hört man den Mann für die prinzipielle
118 784 802 846 des Hanswursts gehalten“ läßt er
1916 787 3002 849 Endes ja doch nur mit einander und mit sich selber und mit
810 799 1903 855 Vortrefflichkeit solch eines geschlechtskalten Verhältnisses
162 816 798 871 Figur seines „Zwischenspiels“
1902 839 2867 889 dem Leben spielen und darum verspielt werden.
817 840 1904 903 plaidieren. Er nimmt die Mitte der Bühne ein. Mit
119 859 810 913 Viel intuitive Tiefe liegt in diesem
1967 855 3005 942 Diese Komödie ist wie der Schatten eines Vogels im
810 877 1897 947 Hinden, Füßen und Lippen spricht er. Und den aufmerk¬
120 901 798 965 ten und doch sehr ernst gemeinten
1919 919 2998 975 Fluge. Wie das Runenspiel auf alten, verwaschenen
811 919 1893 975 samen Betrachtern entgeht es nicht, daß dieser betrogene
126 939 804 991 nämlich Augenblicke, da der Künstler
1912 962 2998 1009 Mauern. Wie die Konturen flatternder Wolken. Im
822 968 1897 1015 Betrüger mit dem Dünkel einer absoluten Wahrhaftigkeit,
120 977 805 1040 aukler, zum weltweisen Clown, zum
1916 994 3009 1055 Grunde geht der Kern ihrer Weisheit auf die heute noch
813 994 1903 1052 daß dieser Poseur wider Absicht und Willen, daß dieser
138 1013 802 1075 muß. Das sind die Augenblicke,
1897 1042 2998 1092 moderne Menschen= und Lebenskenntnis der Konfutse=Chi¬
818 1037 1894 1096 Hjalmar en miniature allmählich die unfreiwillig lächer¬
116 1056 807 1115 her Imaginationen mit forschendem
1913 1075 3004 1128 nesen zurück. Und an chinesische Schattenspiele
815 1081 1717 1146 lichen Formen eines Puppenspielers annimmt.
122 1095 811 1153 kenzenlose Reich seelischer Möglich¬
1914 1119 2995 1172 erinnert das ganze „Zwischenspiel“ Man könnte es das
847 1120 1891 1177 Er geht also zu seiner dirnenhaften Gräfin. Und zu seiner
127 1133 807 1182 Augenblicke, da er mit tändelnder
1913 1152 3008 1202 modernste und feelisch verfeinertste Schattenspiel der
833 1163 1897 1219 Frau kommt der Fürst. Er und sie sind also in Freiheit. In
126 1170 810 1240 Messerschneide feinster Unbegreiflich¬
1909 1187 3006 1245 Weltliteratur nennen. Das gedankliche Fundament der
833 1202 1895 1267 der Freiheit aber erstarken die Instinkte. In der Freiheit be¬
160 1211 805 1273 schlüpfrigsten Rätsel des Seelen¬
1914 1242 2998 1285 chinesischen Schattenspiele lag in der prinzipiellen Er¬
817 1249 1905 1298 sinen sich die Instinkte auf sich selbst. Freiheit bringt
122 1252 801 1301 ledern auf der Stirn balanziert.
1923 1260 3001 1325 kenntnis, daß wir vom Menschen nichts wissen können.
815 1280 1827 1359 Klarheit. Bringt intellektuelle und intuitive Klarheit.
139 1291 813 1351 uns foppen, weil er von seinen
1922 1305 3008 1368 „Was weiß ein Mensch vom andern!“ ruft auch Goethe
1789 1314 1899 1382 fühlt
125 1321 808 1387 pppt wird. So ist er selber ein
870 1341 1785 1387 Was dann geschehen muß, geschieht. Er
1913 1352 3006 1398 in einem seiner tiefsten Sätze aus. So vergeistigten sie also
1808 1370 1898 1417 ab¬
134 1367 808 1435 was er sagen oder beweisen will
827 1369 1788 1438 sich bald von seiner dirnenhaften Gräfin
1922 1384 3008 1436 den Menschen zu schattenhaften Linienspielen. Wo ein
715 1408 809 1452 Er
1750 1395 1902 1460 feucht¬
1547 1398 1719 1466 ihrem
133 1419 723 1468 haupt etwas beweisen wollen).
831 1406 1548 1472 gestoßen. Sie fühlt sich von
1923 1431 3011 1478 Wort nichts auszudrücken vermag, spricht eine Linie deut¬
141 1441 815 1496 Leben gefoppt werden, weil wir
815 1448 1911 1502 ohrigen Fürsten ennuyiert. Er und sie treffen wieder
1912 1465 3009 1516 licher. Linien schließen sich zu bewegten Gebilden, die auf
128 1486 811 1538 s unseren vermeintlich=wahren und
816 1483 1909 1540 auf einander. Und nun zeigt es sich, wie sehr ihre beider¬
1904 1509 3006 1565 den weißbelichteten Vordergrund vieldeutige Schatten
129 1525 809 1577 stinkten heraus) foppen müssen.
829 1519 1897 1583 seitigen Instinkte gewachsen. Sie ist im Kampf mit ero¬
1916 1540 3015 1594 werfen. Zwischen den Umrissen dieser Schatten kann die
138 1559 810 1615 selber zum Spielzeug macht, weil
816 1560 1903 1615 tischen Gewalten, die von außen her um sie warben, allmäh¬
1913 1579 3010 1633 Phantasie des Betrachters ungehemmt wirtschaften. Und
123 1600 815 1666 ich=echten und doch verlogenen
819 1604 1895 1656 lich selbständiger, klarer, stärker geworden. Auf sich selber
1918 1625 3013 1674 der lebensvolle Eindruck bleibt gewahrt, da doch auch
140 1638 805 1709 dem Leben spielen müssen. Und
826 1635 1901 1699 hat sie sich besonnen. Und jener ätzende Duft hat sich in
1918 1666 3006 1728 das Leben nur die Schatten der menschlichen Dinge und
128 1672 802 1737 rden, wo wir zu spielen glaubten
826 1688 1899 1743 ihr festgesetzt, den man etwa das Aroma des Lebens=, den
1915 1707 2543 1762 Schicksale in unser Auge wirft.
139 1721 805 1791 Ende, verspielt und vertan, auf
814 1720 1905 1787 Geruch der großen Welt, die Pikanterie der überlegenen
1969 1726 3004 1800 Ganz im Schattenspiel=Charakter ist diese Komödie ge¬
140 1759 804 1820 wie ein ausrangierter Hanswurst,
818 1757 1904 1823 Damenhaftigkeit nennen darf. Durch leidenschaftliche Feuer
1914 1783 3015 1847 halten. Absichtlich reißt ihr mathematisch strenger Auf¬
135 1793 809 1862 s der wollenen Hirnschale dringt.
817 1797 1895 1862 ist sie gegangen. Kein Wunder, daß sie ihm nun begehr¬
1915 1828 3002 1890 bau wiederholt aus der Illusion. Von Zeit zu Zeit
829 1823 1906 1891 licher erscheint. Begehrlicher denn je. Und so bricht er die
133 1836 810 1906 hymbolisch gesprochen) auch aus der
1911 1868 3000 1935 greift der Dichter selbst durch den Mund einer stell¬
821 1871 1908 1936 Fesseln der theoretischen „Privatabmachung“ von ehedem.
134 1889 804 1946 s „Zwischenspiel"=Ehepaars, das am
1920 1906 3008 1965 vertretenden Puppe unmittelbar in das Spiel hinein.
826 1915 1899 1972 Er wirft sich ihr zu Füßen. Er hat sie. Hat sie nach
141 1931 806 1981 gs mit verrenkter und ausgefaserter
1910 1949 3009 2001 Und nebenher schiebt er zwischen die Leidenschaften der
818 1959 1902 2007 langer, langer Entbehrungsfrist eine einzige, selige Nacht
132 1970 810 2036 pielzeug auf den Brettern bleibt. Sie
1923 1983 3009 2039 Großen ein kleines, kluges Kind, das mit beiden Händchen
819 1990 1903 2044 hindurch. Die „Kameradin“ ist wieder zur ehelichen Ge¬
145 2000 817 2055 zu sein. Gelobten einander: stets
1909 2033 3011 2093 Kasperlsiguren herbeischleppt und ahnungslos den Er¬
823 2028 1909 2090 liebten geworden. Und wieder sehen wir zwei puppenhaft
137 2055 811 2095 ken Gefühlen, in ihren Aeußerungen.
1911 2069 2604 2120 wachsenen parodistische Winke gibt.
822 2062 1913 2128 versteifte, zwei bitterlich gefoppte Menschen. Zwei Menschen
145 2080 815 2134 imnistuerei kennen. Daß der Ehe¬
1968 2087 3058 2163 Diese Winke konnten wohl auch für die Regie-gelten¬
827 2108 1918 2167 dier von ihren Instinkten genarrt werden. Zwei
136 2118 815 2176 scht alles sagen dürfe, schien diesem
827 2147 1901 2210 Menschen, die wahr, heroisch wahr zu sein glauben, wo sie
1911 2143 3001 2211 Wenigstens wäre es von Reiz gewesen, wenn die Mise¬
141 2159 813 2205 Daß die Ehefrau einen kleinen Rest
1924 2191 3010 2243 en-scène darauf geachtet hätte. Das schattenspielmäßig
814 2181 1907 2254 doch im Grunde nur unwissentlich verlogen sind. Zwei
149 2200 803 2245 vor ihrem Gatten verbergen dürfe,
820 2226 1902 2287 Menschen, die unbewußt ihr tagikomisches Spiel aufs neue
1912 2231 3018 2282 Geschlossene, Strenge, Heraldische fehlte. In einem spieß¬
132 2238 806 2295 ine Ungeheuerlichkeit. So ließen sie
1461 2257 1905 2324 an der nämlichen
1912 2262 3016 2321 bürgerlichen Intérieur mit grünen und roten Plüsch¬
826 2271 1467 2326 mit einander treiben. Und
141 2273 817 2333 in die gleichgiltigste Karte blicken.
818 2302 1909 2361 Stelle, da sie sich im ersten Akt ihrer geschlechts¬
1921 2315 3003 2356 Möbeln zwischen billigen Tapeten glitten die stilisierten
145 2314 812 2364 cht. Energisch hielten sie daran fest.
1912 2342 3011 2395 Vorgänge, die schematischen Reden, die sinnreich beschwerten
819 2338 1903 2392 kalten Kameradschaft versichert, versichern sie sich im zweiten
138 2355 807 2416 ch als Ausnahme=Naturen. Beide
1922 2379 3004 2436 Worte dahin. Eine Art Sardou („Divorçons!“) läßt sich
816 2377 1907 2442 Akt ihrer geschlechtsheißen Leidenschaft. Das Puppenspiel
157 2393 814 2462 Gipfel innerer Vorurteilslosigkeit,
1912 2406 3011 2474 in solcher Umgebung begreiflich machen. Eine Art Maeter¬
818 2416 1902 2494 nimmt einen geistreich geführten Parallelismus an. Die
1917 2452 3006 2512 linck, wie es das „Zwischenspiel“ Arthur Schnitzlers ist,
818 2451 1908 2522 parallele Anlage verblüfft. Sie ergötzt und überzeugt
174 2448 815 2537 Er Komponist, sie Opernsängerin.
1918 2503 3004 2563 fordert den entsprechend geformten und gefärbten Rahmen.
829 2500 1234 2564 auch umso drastischer.
150 2514 813 2563 r mit ihr, ohne es zu wissen. Sie
881 2516 1913 2598 Aber der nächste Morgen, der mit dem dritten Akt be¬
1962 2534 3009 2598 Umso wirksamer und mit erstaunlicher Stilkunst
145 2551 806 2602 ihm, ohne es zu wissen. Das macht:
829 2576 1913 2635 ginnt, bringt die Ernüchterung. Dem Manne hat die selig
1920 2573 3013 2638 brachten Nelly Hönigswald und Carl Wagner als
145 2585 815 2641 t reif. Intellektuell haben sie zwar
825 2608 1905 2679 genossene Nacht, diese zweite Hochzeitsnacht, eine endgiltige
1918 2621 3011 2680 Frau und Mann trotz all ihrer Temperamentsfreudigkeit
151 2624 817 2685 keit der sogenannten „komplizierten“
830 2650 1905 2717 Erstarkung seiner Instinkte gebracht. Nicht wie ein müder
1911 2661 3019 2722 das puppenspielartig Mechanische, Winkelige, Gemessene
153 2673 819 2726 Normalhöhe des sogenannten „mo¬
824 2692 1911 2751 „moderner“ Mensch liebt er jetzt seine Frau. Wie ein schwär¬
1923 2698 3011 2750 zum Durchbruch. Nur, daß sie manchmal ein allzu hastiges
142 2700 808 2758 ber ihren Instinkten fehlt die Ent¬
826 2729 1917 2790 merischer, eifersüchtig werbender Seladon buhlt er nun un¬
1920 2730 3015 2798 Tempo nahmen. An so kurzen Drähten hängen Schnitzlers
144 2751 818 2807 etzte, entscheidende Reife, jene Edel¬
828 2769 1908 2838 ausgesetzt um ihre Liebe. Ganz nach den Regeln der ältesten
1924 2770 3015 2850 Figurinen nicht. Wer sie zu knapp anbindet, verhaspelt
148 2794 811 2846 Selbstbetrug, Unsicherheit und ähn¬
832 2811 1909 2868 Schule. Die Frau aber hat inzwischen auch all ihre Instinkte
1923 2812 3005 2879 ihre Drähte. Herr Keller=Nebri gab sich in der
165 2827 811 2873 Ihre Instinkte schwanken, schweben,
825 2848 1912 2905 zur Reife gebracht. Sie erkennt die Schmach der vertollten
1926 2854 3011 2914 Gestalt eines raisonnierenden Hausfreunds mit farbloser
150 2858 817 2920 danklichen Konstruktionen. Klammern
832 2902 1909 2948 Nacht. Erkennt die Schmach ihrer Hingebung. „Wir waren
1922 2897 3007 2961 Trockenheit. Eine mißratene Schnitzler=Maske kam ihm
143 2908 751 2963 rzeln noch nicht im Innersten.
816 2926 1907 2982 weder geschaffen, uns ewig in Treue zu lieben, noch stark
1918 2942 3010 2996 übel zustatten. Frl. Westhoven behalf sich als Gattin
163 2929 813 2995 nsich also entwickeln. Noch ist sie,
826 2982 1916 3036 genug, um unsere Freundschaft rein zu erhalten. Aus allen
1929 2974 3007 3041 dieses Hausfreunds ohne ihre sonstige Frische. Farben fand
147 2988 805 3032 klerisch übertünchte Gaus. Noch ist er,
823 3003 1911 3064 möglichen Schicksalen können wir eher zu einander zurück,
1922 3013 3020 3071 auch sie nicht. Frl. Kühnert als dirnenhafte Gräfin
151 3032 808 3076 s, was man einen künstlerisch über¬
823 3035 1916 3111 als aus dem Abenteuer dieser Nacht und aus dieser trüge¬
1918 3043 3013 3114 nahm der Gräfin, was der Gräfin gebührt, und ließ der
187 3060 817 3107 nennen könnte. „Sind wir ein
824 3078 1913 3142 rischen Stunde ... Wir sind einander so viel gewesen, daß
1920 3097 3004 3151 Figur nur den Rest. Herrn Gebhardt endlich sei ge¬
162 3098 807 3159 h der Luft?“ heißt es bei Goethe.
829 3119 1903 3179 wir uns die Erinnerung daran erhalten müssen. Wenn
1932 3135 3016 3201 sagt, daß sein Fürst nicht durch Sentimentalität à la
165 3142 812 3194 „Spiel von jedem Hauch der Luft.“
822 3173 1917 3220 das ein Abenteuer war, so sind wir auch unser ver¬
1934 3163 3018 3233 „Altheidelberg“ und nicht durch unfreiwillige Komik um
158 3171 808 3236 hn eine dirnenhafte Gräfin kapert.
817 3195 1921 3275 gangenes Glück nicht wert. War es ein Abschied, so sind
1912 3215 3007 3280 die psychologische Würde dieses durchaus ernsten und
155 3218 820 3275 an einem feuchtohrigen Fürsten Ge¬
1791 3237 1921 3281 viel¬
828 3236 1799 3293 wir vielleicht doch zu einem kün igen bestimmt ...
153 3261 820 3319 derseitige Verlockung wirkt. Mann
1913 3247 2799 3311 originellen Charakters gebracht werden darf.
1032 3271 1914 3331 So spricht sie. Und es ist ein Abschied. Den
941 3291 1040 3334 —.
829 3291 950 3341 leicht
159 3300 818 3348 nander. Mann und Frau schwenken
823 3304 1907 3382 neuen Bund will sie nicht schließen. Der gemeinsame Haus¬
2513 3309 2959 3394 Anton Lindner.
152 3335 814 3391 Richtungen an. Mann und Frau
831 3353 1913 3415 stand löst sich auf. Nach entgegengesetzten Richtungen gehen
161 3375 821 3433 ßflichten“ in ihrer Ehe aus. Aber
181 3367 1958 3474 Der gmeinsame Hausstand nicht] sie auseinander. Auf Nimmerwiedersehen. Er weint. Sie
282 3591 1096 3717 K er
1302 3531 1828 3714 777.0 C
