3436 4192
272 89 1184 198 20. Zuischensniel
1339 106 1798 198 box 25/5
2038 79 2171 132 uum
2238 129 2917 227 Theater und Mulik.
2263 211 2886 286 Gastspiel von Josef Kainz.
1967 255 3156 336 Zum ersten Male: Zwischenspiel. Komödie in drei Akten
2300 320 2840 372 von Artur Schnitzler.
1914 357 3200 423 [(Leipziger Schauspielhaus, am Sonäbend, den 30. Oktober.)
2007 413 3198 460 So hat uns denn Kainz nach all der großen klassischen Kost, die er
1930 456 3204 493 in immer neuen Gängen in d. sen vergangenen beiden Wochen auf¬
1943 494 3211 568 tischte, gestern auch einmal eine moderne, zeitgenössische Speise vorge¬
1938 528 3201 590 setzt und nach so viel buntem farbenglühenden Kostümpomp kam er
1938 583 3201 622 uns endlich einmal auch wie unseresgleichen, als ein Mensch unserer
1939 618 3203 671 Tage, unserer Kultur, im Alltagskleide unserer Gegenwart. .. Und
1944 655 3196 716 in dieser Verwandlung — um es gleich zu sagen — hat er uns sein
1939 697 3195 756 Feinstes gegeben, hat er auch den Ungläubigen, Skeptischen gezeigt, doß
1938 743 3206 780 er ohne jede Deklamation, ohne Pathos, ohne alle die Raffinessen seiner
1943 781 3201 841 Sprechkunst, Menschentum zu zeichnen, zu zergliedern, es in allen
1950 819 3207 871 seinen Irr= und Wandelgängen aufzudecken vermag, wie nur je ein
1940 860 3207 910 großer Meister .. . Dies eigenartig fesseinde, seltsam ergreifende, an
1939 898 3200 958 den dunklen Abgründen unserer überfeinerten, nervösen Kultur mit
1937 947 3197 988 ironischem Spott, mit melancholischem Lächeln, mit leisem Wehgefühl
1943 982 3197 1043 vorübergleitende Bühnenspiel Artur Schnitzlers, das er uns
1941 1019 3206 1082 gestern als Novität brachte, gab Kainz mehr als reichliche Gelegenheit,
1946 1064 3197 1116 in das Dämmerdunkel rätselvoll sprunghafter psychischer Regungen
1936 1099 3204 1164 hineinzuleuchten. Der Amadeus Adams, den er gestern vor uns zer¬
1940 1149 3203 1192 gliederte, ist eine der schwierigsten und problematischsten Gestalten, die
1940 1187 3208 1246 die moderne Bühne hervorgebracht hat. Kein Zweifel, daß es einer
1937 1226 3205 1281 der geistvollsten Köpfe unter den lebenden Literaten deutscher
1942 1265 3200 1316 Zunge war, der ihn gestaltete! Wir kennen und schätzen in Schnitzler
1938 1310 3194 1368 ja seit Jahren den führenden Dramatiker des jüngeren Oesterreich,
1935 1350 3198 1403 wir kennen seine geschmeidige Hand, mit der er Bilder aus dem Leben
1942 1388 3207 1434 unserer Zeit so feinlinig, so vorsichtig, geschmackvoll, so mit zartestem
1941 1436 3203 1486 graziösem persönlichem Kolorit (und daher stets künstlerisch bei
1935 1481 3208 1527 aller Wirklichkeitsabschilderung!) für die Bühne nachgezeichnet hat.
1941 1509 3200 1574 Wir haben seine feine stille Art, die mit so ruhiger Sicherheit an Wun¬
1935 1555 3194 1600 den rührt, ohne ein dramatisches „Halloh!“ darüber zu rufen, so
1926 1590 3203 1639 manches Mal mit innerer Freude und Anteilnahme von der Bühne her
1933 1634 3204 1696 empfunden. Auch diese „Komödie“, die doch im Grunde eine so bitter¬
1938 1675 3208 1714 ernste Tragödie vor uns enthüllt, sie gab uns gestern viel von dem,
1933 1714 3213 1768 was wir von Schnitzler zu erwarten gewohnt und berechtigt sind. Und
1940 1749 3209 1795 doch entließ sie uns in zwiespältigem Gefühl . .. Der scharfé Ibsen=
1933 1789 3211 1844 Nachgeschmack, den sie mit ihrem letzten Akte hinterläßt, er verdunkelte
1939 1830 3204 1894 und dämpfte den Genuß an dem so ungemein geistvoll und intim an¬
1946 1877 2631 1928 gesponnenen Zwischenspiel Schnitzlers.
2007 1895 3204 1969 Es ist das urewige Thema der Künstler=Ehe, dem der Oesterreicher
1936 1950 3212 2014 seine geistreiche Variation abgewonnen hat. Zwei geniale Musiker¬
1930 2000 3211 2058 Naturen haben ein eheliches Glück von besonderer Tiefe durch Jahre
1939 2034 3199 2079 hindurch genossen. Allein die nervöse, von den modernen Kultur¬
1943 2077 3203 2118 errungenschaften angekränkelte Phantasie des Mannes erträgt ein
1936 2104 3211 2169 solches Glück auf die Dauer nicht. Es treibt ihn, durch ein frevent¬
1932 2151 3204 2210 liches Spiel dies Glück zu zertrümmern. Er redet sich seibst und seiner
1944 2198 3199 2259 Frau ein, daß sie völlig frei sein müssen, beide, um wirklich glücklich
1941 2242 3202 2284 nebeneinander weiterleben zu können. Und dann, als er seinen Willen
1926 2281 3209 2318 durchgesetzt hat, als er glauben muß, daß seine Frau die Freiheit ebenso
1932 2316 3207 2365 benutzt hat, wie er selbst, da erkennt er an seinem rasend aufsteigenden
1933 2362 3205 2402 Verlangen, an seiner wütenden Eifersucht, daß er sie liebt, und allen
1936 2403 3210 2443 seinen Theorien zum Trotz nicht leben kann, ohne sie auch als Weib zu
1937 2440 3205 2494 besitzen. Als sich nun gar ergibt, daß sie makellos geblieben ist in
1937 2476 3209 2537 diesem „Zwischenspiel“ da kommt er jubelnd und glühend zu ihr zurück.
1936 2519 3204 2564 Nun aber weist sie ihn von sich, denn sie hat den Glauben an ihn ver¬
1937 2561 3092 2621 loren — das Zwischenspiel wird zum Finale dieser Ehe. ..
2011 2603 3202 2656 Hat Schnitzler damit die Tragödie des Künstlers schildern wollen,
1929 2638 3209 2695 der mit dem Fluch des ewig rastlosen Geistes, der ewig schweifenden
1934 2672 3209 2739 Phantasie belastet, nie die Ruhe in einem dauernden Glück zu finden
1938 2729 3195 2777 vermag? Oder hat er die Tragödie des liebenden Weibes geben wollen,
1942 2767 3197 2811 das mit allen Werten und Schätzen seiner Liebe an der geistigen und
1937 2807 3199 2850 seelischen Unruhe des Mannes zu Grunde geht? Beides wird ihm
1941 2848 3202 2887 vorgeschwebt haben, für beide Themen mischt er mit gleich abwägender
1947 2891 3203 2941 Hand die stimulierenden Elemente — aber das letzte, entscheidende
1934 2925 3199 2972 Wort zu sagen hütet er sich, er entläßt uns im Dunkeln, im Zwielicht.
1941 2964 3204 3009 Wir fühlen es lebhaft: es sind Edelmenschen, die da auseinander¬
1941 3010 3202 3047 gezerrt werden, sind hochwertige Naturen mit so vielen großen Glücks¬
1941 3038 3209 3099 möglichkeiten trotz ihres modernen, krankhaften Tricks — und begreifen
1941 3089 3209 3126 nicht recht (trotz aller geistreichen Worte, die alle für die Notwendigkeit
1939 3127 3207 3187 dieses Endes plädieren), warum sie nicht an irgend einer Stelle doch
1936 3167 3196 3213 das rechte erlösende Liebeswort finden, das sie zu einander führt. Ja
1938 3212 3199 3251 lieber Schnitzler: so altmodisch sind wir immer noch ... wir trauen
1938 3250 3195 3318 der Macht des Herzens größere Wunder zu als derjenigen des
1946 3289 2105 3345 Geistes!
2020 3328 3203 3386 Indes — die Hauptsache war ja doch Kainz gestern, nicht
1942 3368 3196 3434 Schnitzler. Nie habe ich seine Größe so gefühlt als gestern in diesem
1931 3417 3204 3464 letzten Akt, wo er nach der erlösenden Unterredung mit dem vermeint¬
1944 3450 3201 3496 lichen Liebhaber seiner Frau aufjubelte, aus tiefstem Herzen erlöst,
1935 3500 3194 3547 jubelte und tanzte vor Freude wie ein kleiner Bub. Dann ans Klavier
1939 3529 3203 3586 stürzte, um in Jubelhymnen seine ekstatische Seligkeit auszutoben. Um
1939 3583 3204 3626 endlich vor der Zurückweisung durch seine Frau wie zu erstarren und
1941 3613 3203 3668 in wildem Schmerzparoxysmus unterzugeben ... Ja, das war der
1936 3653 2437 3706 beste, der geniale Kainz —
2435 3651 3197 3707 nehmt alles nur in allem. Gewaltigeres
1944 3689 3206 3755 haben wir von ihm nicht gesehen. Das ausverkaufte Haus hat es ihm
1938 3724 2924 3779 durch stürmischen, nicht endenwollenden Beifall gedankt.
2004 3763 3207 3829 Die eminent schwierige Rolle der Gattin war Frl. Hedwig
1938 3807 3195 3854 Reinau, zugefallen. Daß sie sie nicht erschöpfte, ist selbstverständlich.
1942 3852 3198 3906 Aber sie waxzimmerhin äußerlich glaubwürdig. (Der Schönheit glaubt
1945 3894 3195 3932 man ja de Bedeutung so gern) und das mag anerkannt sein. Für
1939 3933 3193 3988 die hürsch arrangierte Szenerie des Musikgemachs hatte die Regie des
1939 3968 2639 4042 Hapen Herterich das Möglichste getan.
2700 3975 3157 4046 Dr. Egbert Delpy.
