3436 4256
344 62 1245 182 20. Zuischensniel
1401 69 1860 163 box 25/5
1618 894 1875 998 natshefto,
2002 902 2134 984 2196
1168 875 1596 1019 Ausschnitt aus:
1172 1036 1319 1105 vom:
1604 1088 1977 1169 eeie wereen.
1274 1158 2072 1218 Auch Schnitzler9.=Zwischenspiel=,
1241 1207 2081 1254 vom Deutschen Künstlertheater letzthin nach
1240 1255 2067 1312 zehnjähriger Pause wieder ausgenommen, ge¬
1234 1293 2077 1343 hört zu diesen Opfern: unser Verhältnis zu
1233 1327 2079 1391 dieser Tragikomödie zweier Eheleute, die ein
1234 1386 2079 1432 kindisch=frivoles Spiel mit ihrem Vertrauen,
1229 1430 2078 1485 ihrer Liebe, ihrer Zärtlichkeit treiben, scheint
1230 1473 2085 1534 uns für immer im Strom der verwandelten Zeit
1236 1522 2070 1573 versunken zu sein. Dagegen ward uns Haupt¬
1234 1564 2078 1621 manns „Kollege Crampton=, dr uns
1228 1604 2069 1661 vor zwanzig Jahren nur eine genrehaft Humo¬
1231 1649 2077 1712 ristische Charakterstudie eines verbummelten
1235 1693 2074 1741 Kunstgenies dünkte, als herzhaftes, rührendes,
1221 1742 2071 1788 beseligendes und tröstliches Theaterstück jetzt
1231 1779 2066 1842 eben erst geschenkt. So wenigstens scheint es
1221 1839 2060 1890 uns nach der Aufführung des Deutschen Thea¬
1218 1865 2074 1928 #ters, die sich doch künstlerisch, auch mit Paul
1222 1902 2066 1971 Wegener in der Titelrolle und Emil Jan¬
1223 1958 2064 2005 nings als Faktotum Lössler, schwerlich mit
1219 2006 2064 2059 unfrer verklärten Erinnerung an glückliche Ju¬
1222 2052 2066 2098 gendeindrücke, an Georg Engels' seine Cha¬
1221 2090 2066 2151 rakterzeichnung und Rittners sastiges Menschen¬
1219 2140 2074 2198 tum, vergleichen läßt. Hier ist einmal der
1220 2180 2060 2241 Genius der Zeit, der auch freundlich und milde
1217 2218 2067 2284 sein kann, einer Dichtung zu Hilfe gekommen,
1227 2272 2056 2328 über die ihr Schöpfer selbst längst hinaus¬
1223 2319 2053 2375 gewachsen zu sein glaubte, und die sich in den
1223 2358 2052 2417 Tagen ihrer Entstehung für ein Theaterstück¬
1214 2400 2060 2464 viel zu gut hielt. Das macht nicht so sehr
1223 2447 2058 2497 die starke Ader unmittelbaren Erlebens, die
1209 2477 2058 2544 durch die Komödie geht, als vielmehr die reine,
1222 2541 2057 2600 unverbildete, hilfreiche Menschlichkeit, opfer¬
1219 2585 2050 2638 willige Kindes= und Schülerliebe, die einem
1218 2608 2063 2685 Versinkenden die rettende Hand hinstreckt; macht
1205 2665 2058 2720 die deutsche Gemütswärme — man darf das
1217 2719 2037 2773 einst gebrandmarkte Wort heute wieder ge¬
1209 2754 2061 2813 brauchen — die namentlich die letzten Akte
1204 2805 2046 2859 durchströmt. Mag man an Cramptons dauernde
1206 2842 2058 2894 Rettung nicht glauben — um ihn stehen mit
1214 2877 2044 2952 Gertrud und Mar zwei tapfere Menschen¬
1212 2928 2050 2978 kinder, von fröhlichster, frischester Jugendver¬
1205 2982 2051 3025 liebtheit zusammengeschlossen, stehen in den
1204 3014 2058 3079 Strählers gutbürgerliche Biederkeit, Gesundheit
1198 3064 2038 3131 und Zuverlässigkeit, steht die rührende An¬
1202 3115 2043 3159 hänglichkeit eines kleinen Mannes von der
1198 3153 2041 3213 Straße, der die kindliche Güte eines Tauge¬
1201 3195 2038 3247 nichts von großem Künstler mit Hundetreue
1210 3244 2050 3301 und Aufopferung vergilt, ohne seine derbe
1206 3284 2042 3346 volkstümliche Pfiffigkeit dabei einzubüßen. Wo
1199 3335 2056 3394 solche Säfte rinnen, verzehrt so leicht kein Feuer
1199 3371 1514 3443 das grüne Holz.
1762 3441 2095 3529 Sosazssspennaiuntmmmr
