3484 4256
-10 4108 162 4177 S
693 436 777 486 die
697 477 784 523 nb
690 518 782 578 en
1115 344 1547 431 Zwischenspiel*).
828 416 1811 489 Komödie in 3 Akten von Arthux Schnitten
811 449 1879 535 Das Schnitzlersche Zwischenspiel hat den Federn der
791 507 1871 572 Kunst= und Theaterkritiker schon viel zu schaffen gemacht.
787 549 1873 608 Da dies Stück voraussichtlich auch in unserer Residenz
780 590 1880 637 demnächst seine Uraufführung erleben wird, so hat uns
792 627 1882 692 die Verlagsbuchhandlung die Schnitzlersche Komödie zur
779 678 1219 741 Rezension überreicht.
817 702 1881 767 Das Sujet des „Zwischenspiels“ ist zwar — vom
798 743 1884 816 pliliströsen Standpunkte aus betrachtet — nicht gerade
793 785 1850 856 moralisch, aber dafür um so geistreicher und origineller.
821 823 1885 886 Der Kapellmeister Amadeus Adams ist mit der Opern¬
794 860 1887 932 sängerin Cäcilie Ortenburg seit 7 Jahren in glücklichster
802 900 1887 959 Ehe verheiratet. Eigentlich war Cäcilie zuerst nur die
808 940 1879 1006 Geliebte des Kapellmeisters. Aber was „zuerst“ war, das
808 977 1887 1049 schadet ja nichts; im Gegenteil Amadeus und Cäcilie
809 1027 1893 1086 haben infolge ihres intimen Zusammenlebens erkannt,
804 1058 1887 1124 daß sie beide für einander wie geschaffen seien, und sind
808 1096 1900 1167 in Zucht und Ehren Mann und Frau geworden. Ein
794 1135 1912 1209 5 jähriger Knabe, Peterl, vervollständigt das Glück vieser
804 1189 1311 1250 harmonischen Künstlerehe.
844 1203 1891 1276 Zum Grund= und Eckstein ihres ehelichen Lebens haben.
799 1250 1901 1328 Amadeus und Cäcilie die absoluteste Aufrichtigkeit des
814 1304 1466 1368 einen gegen den anderen gemacht.
840 1331 1904 1394 Diese absolute Aufrichtigkeit ist den Eheleuten zunächst
812 1371 1902 1436 die Quelle mancher eigenartig schönen Stunde. Denn
813 1407 1899 1488 Cäcilie ist jung, schön und geistrich, dazu noch eine wahr¬
820 1441 1905 1521 hafte Künstlerin. Was Wunders also, wenn sie von der
810 1484 1904 1548 Elite der Aristokratie, der Hochfinanz und nicht zuletzt
823 1529 1900 1609 von ihren eigenen Kollegen angeschwarmt wird. Und da
812 1561 1909 1632 auch Amadeus einen großen Reiz auf das schönere
815 1603 1913 1675 Geschlecht ausübt, so haben sich die Ehegatten mancherlei
816 1646 1915 1719 Interessantes auf Grund ihrer täglichen Erfahrungen zu
818 1708 1026 1761 berichten.
867 1710 1910 1800 Einen gehörigen „Knacks“ aber erhält das Prinzip der
816 1763 1914 1829 gegenseitigen Aufrichtigkeit, als Amadeus der schönen
815 1808 1854 1880 Gräfin Friederike Moosheim Gesangsunterricht erteilt.
855 1841 1910 1912 Die Gräfin, die zwar einen Mann besitzt, huldigt doch
819 1881 1921 1948 dem modernen „Ueber=Ehe“=Prinzip, nach welchem der
827 1927 1910 1985 Besitz eines Mannes für die Frau kein Hindernis bildet,
818 1966 1870 2047 gelegentlich auch noch einen andern Mann zu besitzen.
859 1995 1928 2064 Amadeus liebt seine Frau aufrichtig, nebenbei ist er
836 2036 1927 2098 aber doch ein bißchen in die verführerische Gräfin, die ihm
825 2081 1925 2150 die möglichsten und unmöglichsten Avancen macht, ver¬
826 2138 972 2196 liebt.
880 2135 1926 2221 Was ihn jedoch ganz besonders in die Liaison mit der
825 2195 1927 2255 Gräfin bineintreibt, ist der Umstand, daß seine Frau in
828 2239 1929 2303 dem Fürsten Sigismund einen Hausfreund hat, von dem
917 2276 1930 2340 in Zweifel ist, ob dieser Hausfreund mit oder ohne
833 2302 924 2348 er
835 2316 1822 2391 Gänsefüßchen orthographisch richtig zu schreiben ist.
873 2350 1932 2418 Diese eifersüchtige Stimmung benutzt die Gräfin ge¬
849 2395 1930 2471 schickt um den noch immer widerstrebenden Amadeus in
848 2439 1269 2512 ihre Netze zu treiben.
879 2453 1931 2538 Es entspinnt sich zwischen ihr und Amadeus das fol¬
837 2511 1934 2594 gende Zwiegespräch, das das Schicksal des Kapellmeisters
845 2566 1212 2630 definitio besiegelt:
887 2581 1936 2661 Friederike: Was waren das einmal für reizende Abende
849 2632 1945 2691 in Ihrem Haus! Noch in diesem Winter. Wir sprechen
851 2666 1940 2732 Amanchmal davon, der Graf und ich. — Lädt man den
848 2699 1889 2786 Fürsten Sigismund auch nicht mehr ein, so wie mich?
880 2741 1939 2802 Amadeus: Liebe Gräfin, er ist erst vor vierzehn
1195 2785 1936 2847 gewesen. Wir haben draußen in
852 2801 1107 2859 Tagen bei
850 2820 1943 2892 den Laube sonpiert, dann noch lang im Zimmer
854 2861 1940 2937 gerlaudert, und vor dem Fortgehen hat er über
858 2901 1953 2963 der Cagliostrowalzer phantasiert. — Und was meine
850 2944 1940 3002 Frau auf ihren Spaziergängen mit ihm redet, während ich
862 2984 1934 3043 nicht dabei bin, bleibt mir so wenig unbekannt als ich
863 3016 1942 3091 ihr verschweige, was wir zwei zuemander reden. So
863 3054 1944 3121 stehen wir zueinander, meine Frau und ich, damit Sie es
861 3107 1491 3165 doch endlich begreifen, Friederike!
905 3117 1947 3198 Friederike: Es gibt aber doch Dinge, die man einander
851 3188 1205 3253 nicht agen kann.
897 3199 1953 3279 Amadeus: Zwischen Menschen unserer Art gibt es keine
861 3275 1132 3329 Geheimnisse.
905 3291 1941 3363 Friederike: Ja dann . .. dann werden Sie Ihrer Frau
853 3327 1951 3399 heute mehr gestehen müssen, als sie mir selbst gesagt haben,
862 3387 1745 3431 Amadeus. Adieu ... (Reicht ihm die Hand.)
916 3403 1953 3476 Amadeus: Was soll das nun eigentlich werden,
864 3466 1111 3528 Friederike?
907 3479 1944 3548 Friederike: Warum wehren Sie sich gegen Ihr Schicksal?
877 3531 1952 3609 Ist es denn gar so schlimm? Was Sie mir sind, war
871 3578 1364 3640 mir ja doch noch keiner!
911 3596 1960 3664 Amadeus: Verlangen Sie, daß ich Ihnen auch das
856 3663 1058 3736 glaube?
915 3673 1956 3737 Friederike: J. würde es nicht zur Bedingung machen.
866 3721 1967 3799 Aber es ist wahr, Amadeus. Nun leben Sie wohl. Auf
882 3773 1959 3836 moigen, Amadeus. Das Leben ist wahrhaftig viel leichter,
1284 3799 1959 3877 Es lönnte so schön sein — es wird
881 3819 1289 3879 als Sie denken. .
872 3855 1347 3916 schön sein. (Sie geht.)
923 3865 1959 3938 Amadeus (allein. Setzt sich zum Klavier; spielt ein
1161 3912 1969 3988 Es wird ernst . . .. oder wird es heiter?
872 3932 1159 3989 paar Töne.):
991 3972 1436 4024 (Schüttelt den Kopf.)
919 3979 1965 4056 Während Amadeus sich in dieser Stimmung befindet,
875 4034 1966 4108 die die Frage des „Rechts auf Ehebruch“ eigentlich nur
889 4075 1967 4131 noch theoretisch verneint, tritt sein Freund Albertus,
890 4114 1972 4171 seines Zeichens ein Dichter, herein. Amadeus schüttet
1872 65 2583 147 Spaziergang gehaht dat, milsiurenen.
1906 87 2975 169 Die Situation ist eine preläre: Amadeus beargwöhnt
1875 145 2983 223 seine Frau wegen des Fürsten und Cäcilie ihren Mann
1866 203 2253 270 wegen der Gräfin.
1912 222 2967 287 Die aneinander zweifelnden Ehegatten beschließen,
1881 272 2971 350 sich zu trennen, damit jeder die absolute Freiheit habe,
1878 311 2618 381 zu tun, und zu lassen, was er wolle.
1917 328 2981 401 Da aber beide im letzten Grunde nur aus dem be¬
1885 374 2991 445 leidigten Gefühle, daß einer dem andern nichts mehr wert
1887 422 2984 501 sei, die Trennung beschließen, so kommt ein sehr eigen¬
1887 460 2985 527 tümlicher Pakt zwischen ihnen zustande: sie wollen ihre
1891 497 2991 574 gemeinschaftliche Wohnung auch weiterhin mit einander
1890 548 2997 603 teilen, doch soll jeder von ihnen das Recht haben, solange
1898 565 2997 646 er nur irgend will, der gemeinschaftlichen Behausung fern
1888 619 3000 681 zu bleiben und außerhalb dei heimischen Penaten zu
1899 672 2331 740 treiben, was er wolle:
1931 678 2998 752 Als Bedingung stellen sich dabei beide, duß ihre eheliche
1894 732 2990 817 Gemeinschaft von dem heutigen Tage ab für immer auf¬
1899 771 2995 844 gehoben sein müsse. Gute Kameraden wollen sie bleiben,
1895 808 2999 878 die offen und ehrlich auch über ihr künftiges Liebesleben
1897 849 2997 926 mit einander sprechen, ja mit Fug und Recht darüber
1899 895 3000 962 sprechen können, da ja einer den andern von der Pflicht
1901 940 2578 1012 der ehelichen Treue entbunden hat.
1937 956 2992 1042 Was Amadeus und Cäcilie hier stipulieren, das ist
1909 995 2996 1079 das richtige Pendant zur „freien Ehe": Die freie Ehe¬
1908 1061 3004 1125 scheidung! Dort die Ehe ohne Ehe, hier die Scheidung
1917 1102 2243 1164 ge Scheidung!
1970 1112 2988 1185 madeus nützt seine „Ebescheidung ohne Ehescheidung“
1899 1163 2998 1232 nach Kräften aus, natürlich in den Armen der avance¬
1905 1222 2248 1274 lustigen Gräfin!
1951 1218 2997 1306 Und Cäcilie? „Nichts Gewisses weiß man nicht!“ Sie
1917 1276 3013 1344 flaniert mit ihrem Fürsten, ja sie läßt durchblicken, daß
1910 1311 3012 1387 sie den Fürsten bald devossedieren werde, weil ihr Partner
1908 1348 3021 1436 in der Tatjanapartie ihr Blut etwas stark in Wallung
1911 1415 2197 1491 gebracht habe.
1947 1425 3013 1498 Amadeus fühlt sich, nachdem sein Liebesrausch mit der
1908 1478 3016 1537 Gräfin verflogen ist, kreuzunglücklich. Er beginnt einzu¬
1922 1517 3017 1583 sehen, daß die Rolle, die er an der Seite Cäciliens spielt,
1922 1566 3002 1640 die vor dem Gesetz doch seine Ehefrau ist, eine unwürdige,
1922 1611 2279 1676 ja erbärmliche ist.
1948 1628 3016 1696 Ganz unerträglich wird ihm sein Zustand, als Cäcilie
1922 1673 3022 1742 von einer Gastspielreise, wo sie die Tatiana gesungen hat,
2888 1710 3017 1763 sieht,
1932 1713 2894 1777 in die gemeinschaftliche Wohnung zurückkehrt. Er
1926 1761 3024 1814 daß Cäcilie sinnlich erregt ist; ja sie macht auch keinerlei
1929 1786 3023 1860 Geheimnis haraus, daß ihr Partner die Ursache ihrer
1932 1846 2389 1904 finnlichen Erregung ist.
1967 1858 3013 1938 Amadeus liebt dies in der finnlichen Erregung ihm
1936 1911 3017 1975 doppelt schön erscheinende Weid, das sein Weib ist, ohne
1935 1960 2401 2036 doch sein Weib zu sein.
1968 1992 2636 2065 Und nun kommt die Katastrophe:
1969 2014 3027 2093 Amadeus und Cäcilie haben den Pakt geschlossen,
1938 2070 3017 2153 sich gegenseitig volle Freiheit des Liebesledens zu garan¬
1931 2131 2075 2185 tieren.
1972 2120 3034 2204 Wie aber, wenn Amadeus jetzt das begehrenswerte
1940 2205 3036 2257 Weib nicht mehr mit den Augen des Ehemannes, sondern
1939 2243 2405 2312 des Liebhabers ansieht?
1975 2261 3026 2325 Ist es nicht die letzte Konsequenz ihres Paktes, wenn
1939 2302 3033 2372 er sich dasselbe Recht, wie jeder andere nimmt, um eine
1939 2340 3035 2424 Schäferstunde bei der durch keinerlei Fesseln gebundenen
1943 2393 2291 2469 Frau zu betteln?
1972 2411 3040 2484 Cäcilie kann jedem beliebigen ihre Liebe schenken?
1937 2466 2425 2545 Warum nicht auch ihm?
1985 2496 3042 2566 Freilich, dann ist er nur einer von vielen! ein infames
1952 2537 3044 2610 Bewußtsein für den Mann, der seinem Eheweibe gegen¬
1944 2600 2194 2660 über steht!
1985 2607 3037 2695 Aber was tut's? seine Pulse hämmern und fliegen vor
1949 2670 2462 2721 wahnsinniger Leidenschaft!
1994 2682 3048 2758 Und auch sie! — sie lebt der Liebe entgegen; vielleicht
1946 2742 2500 2821 der Liebe zu einem andern!
1992 2772 3043 2841 Einerlei, die brennende Sehnsucht nach Liebe läßt sich
1961 2814 2775 2880 nicht durch Vernunftgründe zurückdämmen!
1976 2845 3016 2918 Der Gatte wird — der Geliebte seiner eigenen Frau!
3109 2866 3194 2925 —M
1987 2886 3034 2956 Und was nun? In Amadeus ist seit jener verhängnis¬
3051 2898 3459 2975 go#log unruvjozazut g
1950 2929 3032 3002 vollen Nacht eine verzehrende Leidenschaft zu seiner Frau
3039 2947 3468 3007 Juss gun spat unf
1962 2987 2141 3038 erwacht.
3052 2986 3455 3049 13jun 3jquejusjssat
1988 3000 3039 3062 Der Pakt, den er damals mit ihr geschlossen hat, muß
3043 3029 3464 3082 190 us zsa usitd
1956 3049 3034 3105 rückgängig gemacht werden, selbst um den Preis, daß er
3042 3064 3454 3119 allenszug mmzönge#tag
3396 3102 3460 3152 9 3
1959 3095 3038 3158 vie Geliebte eines Fürsten und eines Opernsängers als
3045 3103 3417 3175 usd „19jasuspjtag“
1957 3122 2737 3210 sein Ebeweib in die Arme schließen muß.
1993 3177 2473 3235 Aber Cäcilie will nicht!
3037 3161 3479 3242 zial gvet 'uozjo) Roah
1991 3186 3038 3269 Zwar hat sie dem Gatten bisher trotz ihres Freibriefes
1967 3218 3492 3316 zur Liebe noch nicht die eheliche Treue gebrochen! aber fegagvst ### nc #usch
1968 3294 2419 3356 auch nur: noch nicht!
1998 3279 3473 3383 In jener Stunde, als sie sich dem eigenen Manne als uozjvgog kuszusg esv
1962 3334 3471 3434 „Geliebte“ hingab, hat sie die Achtung vor sich selber 8#g ogunz1g maa 13##
3287 3366 3479 3429 Po##ulo
1969 3394 3043 3460 verloren; sie weiß nicht mehr, ob sie die moralische Kraft
3231 3416 3486 3465 nsuussiantt
1961 3442 3037 3499 haben wird, über jene dunkle Stunde hinwegzukommen.
3055 3451 3493 3530 mng ur zonjurbsag #
1968 3484 3046 3557 Denn dasselbe, was sie in jener Stunde ihrem Manne
3288 3493 3482 3550 uagebab
1962 3517 3038 3584 gewährte, das hätte sie auch — einem andern gewährt!
3369 3514 3481 3588 110#
3062 3523 3334 3590 i #mvg gun
1968 3557 3047 3626 So ist sie denn innerlich moralisch gefallen, ohne nach der
3055 3566 3483 3647 uacijoge usmiffboj us
1968 3606 2586 3675 äußern Moral gefallen zu sein!
2012 3620 3045 3693 Sie trennt sich von ihrem Gatten, weil sie nicht die
3055 3642 3491 3704 uausbie 130 191091120
1961 3676 2903 3737 Kraft hatte, sich ihm als Geliebte zu versagen! —
3055 3690 3491 3767 va00 gog Bunsgg 3s1
1999 3705 3043 3775 Der Leser sieht, daß in dem Schnitzlerschen „Zwischen¬
1975 3753 3051 3829 spiel“ sehr interessante psychologische Probleme aufgerollt
3068 3739 3467 3821 wang #liojoid kuvd
1972 3814 2148 3873 werden.
3055 3799 3491 3885 aavaijogun ####v13g
2010 3815 3048 3891 Nur schade, daß diese psychologischen Probleme auf dem
1971 3877 2902 3950 Boden der Unwahrscheinlichkeit aufgebaut werden.
3058 3860 3490 3940 gappilintbunsaldr sval
2008 3895 3050 3968 Zwei Menschen, die einander lieben, deren Liebe aber
3069 3925 3490 3969 usgesj Jsqubuss quat
1969 3949 3049 4005 eine vorübergehende Trübung erfahren hat, werden in
3066 3963 3479 4014 asssat ungejisqubuss
1971 3988 3050 4062 Wirklichkeit nie auf die grandiose „Kateridee“ kommen,
3067 4007 3491 4060 pog siu lagv ibaßo
1975 4024 3056 4093 einen derartigen Pakt miteinander zu schließen, wie
3065 4040 3491 4105 =ot 5 ung ustpisals 11
1980 4078 2426 4136 Amadeus und Cäcilie.
2877 4083 3488 4137 und ver¬ u. pnsaoljg) usbus
2555 4090 2761 4149 selber sehr
2352 4092 2541 4151 chter auch
2236 4120 2291 4155 Dor
2044 4128 2100 4162 Die
