3436 4352
228 192 1762 314 20. Zuischenspiel box 25/1
2151 1429 3253 1519 doch nicht versuchen, den Dichter in eine bestimmte
152 1450 2161 1539 ker einmal vorher verwendeten Szeue oder uns heiter, aber sie erwärmt uns nicht. Am meisten
2160 1466 3245 1548 Sphäre, man könnte fast sagen, zurückzudrängen, wenn
151 1514 2163 1578 n ein ganzes Stück. Gerade das letztere trifft leid tut es einem um den prachtvollen Dialog und
2163 1531 3261 1606 sie ihm nicht paßt oder wenn er Gründe zu haben
1080 1547 2159 1622 daß er gerade zu diesem Stücke verwendet ist. Es
156 1571 1083 1628 Im „Einsamen Weg“ sagt Irene zu Julian:
2165 1577 3255 1646 glaubt, sich daraus zu befreien. Und dies scheint hier
1082 1597 2161 1667 gibt jetzt wohl kaum einen deutschen Schriftsteller,
149 1611 1074 1682 imme Geschichte, die mir dann im Engage¬
2160 1618 3262 1705 der Fall. Denn gegen den abstrakten, fast starren
1074 1648 2156 1714 der ihn so zu behandeln vermag, wie Schnitzler.
147 1657 1082 1747 außen passiert ist, meiner Seel', du hättest
2167 1672 3264 1747 Geist des Stückes, das so wenig wienerische Seele
1076 1704 2162 1766 Ein Glied der Kette reiht sich darin mit Notwendig¬
157 1708 1077 1786 wirklich verzeihen können. Es ist wahrhaftig
2152 1706 3261 1796 enthält, erscheint die wienerische Färbung der Sprache fast
1072 1743 2166 1804 keit aus andere und kein Wort erscheint zu viel.
172 1762 1088 1836 viel dran, wie ihr Männer immer draus
2163 1766 3253 1833 als innerer Widerspruch. Die Spieler widmeten sich dem
1073 1788 2159 1860 Die Glieder sind schlank und schmal, aber fest ver¬
182 1795 1083 1874 nämlich wern's uns passiert“ Und Julian
2164 1826 3259 1893 Werke mit ganzer Liebe und voller Kraft. Vor allem
1082 1821 2168 1899 ankert. Geisterhaft huschen Leichtigkeit und Glanz
149 1834 1080 1926 et: „Nicht viel dran, sagst du. Du magst ja
2162 1871 3256 1939 Herr Kainz (Amadeus), der der wenig sympathi¬
1080 1890 2166 1950 darüber hin. In vielem gleichen Schnitzlers Wechsel¬
151 1901 1086 1964 ben. Aber wenn's einen trifft, wird man eben
2167 1911 3269 1978 schen Figur des Kapellmeisters mit allen Mitteln
1083 1918 2185 1995 reden denen Ibsens, auf dessen Technik auch sonst
155 1949 1079 2010 mlich rasend. Und wenn wir uns auch ver¬
2169 1963 3252 2034 seiner großen Kunst beizukommen suchte. Das un¬
1082 1986 2161 2051 noch manches weist. So die Einfachheit der Sze¬
151 1992 1082 2064 kätten — es wäre doch nicht mehr das Rechte
2166 2003 3263 2085 ruhige, zerfahrene, flackernde Wesen, der elementare
1086 2026 2179 2093 nerie, die Einheit des Ortes, die Art, wie der eine
148 2038 1094 2112 kn. Wie's einmal verwunden war, sind wir
2160 2058 3258 2134 Ausbruch der neu erwachten Leidenschaft für seine
1082 2081 2172 2139 und der andere äußere Handlung verschmäht und
148 2078 1080 2157 esten Freunde geworden und find's geblieben.
2163 2107 3253 2186 Frau und seine Eifersucht waren zu einer wirkungs¬
1080 2126 2170 2187 dafür das feine Hebelwerk der Seele vor unseren
172 2139 1096 2208 doch auch was sehr schönes". Darauf Irene:
2179 2170 3265 2230 vollen, lebendigen Gestalt zusammengefaßt. Aber der
1092 2184 1648 2246 Augen in Bewegung setzt.
164 2177 1080 2265 Heut bin ich auch ganz zufrieden. Aber da¬
2169 2202 3267 2271 Funke von Genialität, der nach dem Willen des
1174 2211 2172 2288 * Alle diese intimen Reize erschließen sich nur bei
253 2234 1092 2303 O Gott, was war das für eine Zeit!
2176 2247 3270 2314 Dichters in dieser Gestalt trotz aller ihrer Schwächen
1078 2266 2172 2347 stiller Sammlung und bei ruhigem Lesen des Werkes,
148 2268 1087 2350 ßt ja doch nichts davon. Nachher hab ich dich
2166 2292 3264 2387 liegt, schlug in der Darstellung nicht heraus. Er konnte
1088 2322 2167 2385 im grellen Schein der Bühne verblaßt ihr Glanz.
158 2334 1090 2401 recht geliebt — nachher, als ich dich durch
2175 2342 3269 2418 es auch schwerlich. Denn wie stellt man Genie dar?
1090 2365 2176 2424 Dies bewies auch die Aufführung. Um die zierlichen
157 2378 1092 2452 Leichtsinn verloren hatte. Ja, da hat sich erst
2168 2396 3270 2464 Der Haarschopf auf der Stirne und das etwas ple¬
1096 2396 2163 2482 Spitzen des Dialogs halbwegs zur Geltung zu brin¬
156 2428 1095 2493 en die wahre Treue in mir entwickelt“. In
2172 2428 3274 2519 bejische Versenken der Hände in die Hosentaschen
1094 2457 2176 2532 gen und seine enge Verklitterung zu zeigen waren
151 2472 1091 2555 Episode liegt doch, sozusagen, das ganze Pro¬
2171 2496 3272 2571 allein tut es nicht. Herr Korff (der Fürst) kam
1092 2497 2174 2576 die Spieler gezwungen, langsamer als sonst zu
159 2524 1090 2608 des „Zwischenspiels“ beschlossen, von Anfang
2176 2541 3266 2615 durch Sicherheit Einfachheit und Eleganz über die
1092 2558 2178 2619 sprechen und die ganze Vorstellung wurde dadurch
163 2573 1099 2633 Ende. Nur die Rollen der weiblichen und
2181 2591 3279 2662 Schwierigkeit seiner Rolle hinweg. Im übrigen hielt
1090 2603 2184 2683 übermäßig zerdehnt. Einige gefährlich im Geiste der
152 2624 1091 2687 chen Akteure sind vertauscht. Und wie hier
2175 2629 3273 2703 er für ihren Geist den Ton fest, den der Dichter
1111 2658 2177 2722 Wahlverwandtschaften“ und des Simplicissimus
152 2666 1099 2741 ie Episode eines älteren Stückes der ganze Wurf
2176 2673 3276 2759 selbst angeschlagen; die salbungsvolle Milde des
1090 2684 2176 2786 schillernde Stellen waren getilgt, dagegen am Ende
145 2718 1096 2783 en bestimmt wird, so wandeln wir an anderen
2179 2735 3273 2801 Ordensmannes, der zu werden der Fürst einmal im
1097 2753 2179 2823 ein baualer Klecks zugesetzt. Fräulein Witt sprach
171 2751 1099 2844 i desselben auf den wohlbekannten Spuren
2168 2779 3278 2842 Begriffe stand. Herr Treßler (Albertus) konnte
1102 2782 2176 2864 das kühle Hochdeutsch der Berliner Salons, Herr
147 2813 680 2898 Freiwild“ und „Liebelei“
2174 2822 3275 2913 zwar den etwas trockenen Humor, aber nicht die ganze
1097 2854 2179 2912 Treßler und Frau Häberle schwäbelten, Herr Kainz
154 2834 1097 2953 egen die Schwächen des Werkes kommen seine
2180 2863 3281 2953 Ironie der mehr räsonnierenden als handelnden Ge¬
1098 2889 2180 2964 sprach mit einem Auflug von Wiener Dialekt und
170 2914 1094 2985 Schönheiten und die Fülle seiner kleinen
2178 2921 3272 3001 stalt zum Ausdruck bringen. Frau Kallina (Fri¬
1087 2944 2173 3007 Herr Korff ging darin auf. Man kann zweifeln, ob
163 2948 1099 3022 nicht auf. Die reizende Ironie, die vielfach
2176 2973 3274 3042 derike) verlieh ihrer kleinen Rolle Reiz. Fräulein
1089 3001 2186 3051 diese Mischung, ja ob überhaupt die dialektische Färbung
164 3001 1100 3073 bt, vermag doch nicht die trübselige Stimmung
2182 3021 3280 3101 Witt (Cäcilie) gab die Frau, mit der man schmerz¬
1094 3040 2188 3095 in diesem Stucke in der Absicht Schnitzlers lag. Im
147 3047 1102 3112 anzen zu durchleuchten. Die Grazie, mit der
159 3060 3287 3185 sichter sich und andere witzig persifliert stimmt: Wortlaut wenigstens weist nichts daraufhin. Man sollte los über Liebe diskutieren kann, sehr entsprechend,
