3436 4384
289 167 1773 295 20. Zwischenspiel box 25/1
836 1199 1220 1301 Telephon 12801.
465 1298 1589 1372 Alex. Weigls Unternehmen für Zeitungs-Ausschnilte
654 1361 1427 1501 „OBSERVER“
476 1485 1591 1560 L. österr. behördl. konz. Bureau für Zeitungsberichte u. Personalrachrichten
661 1548 1435 1641 Wien, I., Concordiaplatz 4.
883 1627 1188 1690 Vertretungen
476 1658 1591 1724 in Berlin, Budapest, Chicago, Genf, London, New-York,
457 1710 1596 1770 Paris, Rom, Mailand, Stockholm, Christiania, St. Petersburg.
743 1760 1330 1836 (Quellenangabe ohne Gewähr.)
462 1850 1532 1972 Ausschnitt aus WIENER CARICATUREN
688 1920 886 2012 22 10
479 1959 682 2035 vom:
481 2098 1477 2204 Schleuther pro und contra Schnitzler.
836 2330 999 2424 2.40
687 2623 1071 2748 G
868 2712 1106 2820 S
1039 3030 1305 3147 2
581 3148 1454 3244 Jetzt können doch die Wiener nicht mehr
470 3235 1461 3302 über mich herfallen, weil ich ihnen nichts von ihrem
468 3293 1461 3374 Schnitzler gebe. Ich suche mir nur das von
461 3343 1457 3412 ihm aus, was mir paßt. Noch zwei solche
460 3409 1461 3497 „Zwischenspiele“ und sie werden über mich her¬
453 3455 1297 3543 fallen, wenn ich etwas von ihm gebe
980 3562 1107 3667 ∆4.)
2017 1498 2399 1617 Telephon 12801.
2199 1564 2915 1738 „OBSERVER“
2011 1727 3142 1797 I. österr. behördl. konz. Unternehmen für Zeitungs-Ausschnitte
2222 1769 2954 1864 Wien, I., Conoordiaplats 4.
2433 1835 2756 1913 Verfretungen
2030 1875 3144 1936 in Berlin, Budapest, Chicago, Christiania, Genf, Kopenhagen,
2028 1929 3139 1987 London, Madrid, Mailand, Minneapolis, New York, Paris, Rom.
2204 1967 2977 2019 San Francisco, Stockholm, St. Petersburg.
2526 2015 2805 2089 gabe ehen Genfchr.)
2298 2020 3076 2146 autsche zeitung, Wien
2019 2086 2438 2187 Ausschnitt aus:
2583 2179 2673 2254 „*
2026 2176 2427 2271 vom:
2046 2243 3256 2317 ac   ie Srich erschoner ung, ver wit des menten e, en
2041 2305 3244 2369 graphie verdanken. Was würde Schopenhauer dazu sagen? — Die
2047 2343 3246 2416 „Sonn= und Montags=Zeitung“ bemerkt über Schnitzlers „Zwischen¬
2049 2395 3245 2448 spiel“: „Einen Eid darauf, daß dieses Stück vergeblich ans Tor
2048 2437 3249 2507 de Burgtheaters geklopft, geläutet und getrommelt hätte, wäre
2057 2491 3244 2543 nicht der Name Schnitzler, Einlaß erzwingend, vorausgegangen.“
2050 2522 3245 2584 Sehr wahr! Wenn ein arischer Dichter ein zehnmal besseres
2047 2571 3245 2622 Stück eingereicht hätte, so würde er vergeblich ans Vor des Burg¬
2046 2603 3253 2672 theaters geklopft, geläutet und getrommelt haben. + Herr Max
2060 2652 3036 2738 Nordau (richtig Marins Güdfal
