3484 4352
1816 18 1892 93 0
712 56 1587 126 Seit dem verunglinchten Se de  e
1605 81 2483 136 als ein mißglücktes „Zwischenspiel“ entgegengenem¬
2516 86 2749 153 auf der Bü¬
703 95 1592 165 industrie hört der Hader im Metallarbeiter=Verbande
1620 121 2496 189 men, dem wohl bald ein wirkliches Hauptsoiel folgen
2509 137 2739 198 den Dialekt
713 131 1593 196 nicht auf. So wurde gegen den früberen zweiten Be¬
1626 164 2361 220 wird, das man wohl von ihm erwarten darf.
2509 182 2728 236 ter mit di
709 173 1588 233 vollmächtigten Wiesenthal der Ausschluß aus dem
1666 188 2491 256 In der darstellerischen Wiedergabe fehlte der feine,
703 204 1603 275 Verbande beantragt, weil er während des Streiks bin¬
2508 216 2738 283 Dame im 1
1618 243 2506 304 Schnitzlersche Grundton, der schließlich auch diesem
703 244 1602 314 ter dem Rücken der Zentralleitung verhandelt habe.
2506 268 2719 321 zugesteben,
1629 295 2497 346 Werk zu eigen ist; unvermittelt derb, knallig standen
720 285 1600 356 Der Antrag wurde abgelehnt. Nunmehr ist auch
2520 312 2712 364 beschäftigt
710 325 1593 398 gegen den gegenwärtigen ersten Bevollmächtigten und
1614 334 2505 398 die Farben nebeneinander. Herr Bassermann
2527 349 2724 409 nur anzud
721 358 1609 440 Hauptführer Adolf Cohen der Ausschluß beantragt
1620 368 2510 436 gab sich wohl mit dem Amadeus viel Mühe, aber
2522 395 2698 458 zu seiner
721 426 883 487 worden.
1625 418 2510 488 seinem ganzen Wesen ist die Weichheit, das Anatol¬
2528 432 2722 499 gewesen se
1624 464 2505 523 hafte, das auch dieser Figur eignet, zu fremd.
2524 483 2732 543 „jerehberje
1638 500 2503 571 Doppelt fühlbar war auch gestern der rauhe Sprechton
2524 522 2721 585 Herr Sch
741 500 890 600 952
1410 526 1544 595 R
1630 555 2513 608 und die Undeutlichkeit der Aussprache. Frau
1560 568 1614 613 5
2534 570 2696 626 würzten.
765 580 871 638 444
985 484 1329 643 FEIE
1633 598 2505 649 Triesch als Cäcilie traf als einzige die Note des
2533 612 2722 669 einige Sä
1310 579 1591 677 LS
757 599 1059 701 4
1639 631 2514 691 Stückes und die Absicht des Dichters, Emanuel
2532 654 2726 717 Presse hir
1629 684 2509 744 Reicher aber machte aus der geistreichen Figur des
953 668 1403 758 „Zwischenspiel“
2531 695 2720 766 sionen“,
1635 725 2515 781 Stückes, dem Librettisten Albertus, einer Art
2531 742 2703 800 erzielte.
771 716 1616 793 Komödie in drei Akten von Artbur Schnitz¬
1632 757 2522 829 Räsonneur, eine schwerfällige, schäbige Winkel¬
2533 779 2724 840 könnte sich
717 784 1612 846 ler. Erstaufführung gestern im Lessing=Theater.
1638 812 2518 865 advokatenerscheinung und ließ obendrein die besten
2536 827 2730 886 Bonn ne
783 825 1617 883 Schnitzler sollte für die sanfte Ablehnung, die sein
1635 852 2525 918 Sätze in den Souffleurkasten fallen. Für den jungen
2544 869 2713 929 von den
726 866 1617 922 Werk am Wiener Burgtheater erlebte, in Berlin ent¬
1626 894 2521 956 Prinzen Sigismund, den der Dichter als einen Typ
2540 905 2729 972 vor die R
729 916 1615 978 schädigt werden, allein diesem schwächsten aller Schnitz¬
1629 928 2524 1010 aus dem österreichischen Hochadel gestaltet bat, fand
2541 956 2732 1021 der umsa
733 954 1621 1023 lerschen Stücke erblühte auch gestern an der Spree
1630 971 2530 1051 man nur Herrn Grunwald; sicherlich ist das ein
2545 1002 2721 1055 Bühne w
734 987 1629 1064 kein anderes Schicksal als an der Donau. Der erste
1636 1020 2529 1090 tüchtiger Schauspieler, aber für solche Aufgaben fehlt
2540 1042 2739 1106 Kritik ent
737 1040 1613 1104 Akt wurde noch mit mäßigem Beifall ausgenommen,
1637 1062 2523 1145 es ihm doch wohl an Eleganz und natürlicher Vor¬
2537 1084 2718 1142 verroht s
735 1078 1620 1147 der dramatisch bewegtere Schluß des dritten Aktes
1643 1112 1827 1187 nehmheit.
739 1117 1625 1197 pockte ein wenig die Naiveren und brachte dem
2535 1129 2727 1210 gestern g.
2171 1128 2495 1222 Norbert Falk.
741 1171 1636 1227 Dichter einige Hervorrufe, jedoch die psychologischen
731 1204 1639 1276 Ungebeuerlichkeiten des Schlusses ließen das schnell ge¬
1689 1231 2467 1315 Königlichee Schauspielbaue.
2582 1247 2736 1313 Im¬
740 1251 1641 1328 machsene Heer der Zischer die Uebermacht über die
2543 1291 2729 1360 Mademo¬
741 1286 1642 1359 matt gewerdenen Freunde des sompathischen Wiesie¬
1706 1310 2536 1379 Der Froschkönig, remantische Kembeie von
2555 1340 2722 1398 „Opér¬
746 1341 1627 1399 Schriftstellers erreichen. Das Hauptübel dieser ver¬
1658 1344 2038 1417 Dietrich Eckart.
2547 1380 2725 1446 Resine 1
741 1373 1632 1456 fehlten Komödie ist, daß sie eben keine Komö¬
1696 1370 2536 1448 Das Märchen vom Froschkönig, der tief unten im
2541 1426 2719 1486 graziöse
733 1416 1641 1479 die ist, sonbern in totaler Versehlung des
1656 1426 2529 1491 Sumpf und Schlamm sein verlorenes Königreich
743 1461 1636 1521 Sujet= Charakters ausgesprochene Lustspielmotive
2549 1470 2731 1529 nahmen
1643 1479 2536 1539 =betrauert und mit seiner nie zu stillenden Sehnsucht
1203 1506 1631 1574 Ein sonst so feiner,
2546 1504 2730 1573 Klange
738 1503 1212 1576 tragisch „vertieft“.
1660 1519 2538 1587 die junge, keusche Froschkönigin beranleckt, bis sie ihn
1205 1541 1628 1612 so sicher einschätzen¬
2555 1547 2749 1615 heller, 1
744 1540 1219 1619 seine Charaktere immer
1661 1568 2539 1636 mit einem Kuß errettet, hat dieser romantischen Ko¬
743 1592 1630 1663 der Dichter hat sie diesmal unrichtig gewertet,
2557 1594 2745 1657 und, v###
1662 1618 2534 1667 mödie seinen Namen geben müssen. Aber mir scheint,
2547 1639 2743 1702 Billung.
749 1623 1629 1703 und das muß er nicht nur mit einem Mißerfolg.
1664 1655 2534 1718 der Auter hätte besser getan, sein Stück mit Seelen¬
2567 1689 2763 1742 die Entre#
748 1686 1634 1755 sondern mit dem Verlust eines guten Lustspiels be¬
1652 1696 2537 1763 ruhe „Der philosophische Manolesku“ zu nennen.
2551 1730 2758 1790 Musterkat
741 1729 1639 1800 zahlen. Im Grunde ist's die alte Geschichte vom
1650 1740 2543 1812 Ich meine das nicht wegen der vielen Hauptszenen
745 1773 1633 1835 Ehemann, der sich in seine eigene Frau verliebt, vom
2551 1766 2759 1834 kleine Fie
1655 1780 2552 1854 und Personen, die wir schon zur Genüge aus der
752 1816 1642 1886 geschiedenen Gatten, der die von ihm getrennte Frau
2562 1806 2773 1876 und Stattn
1662 1822 2545 1898 Schauspielbaus=Literatur kennen. Zu dem Helden
2565 1861 2762 1927 der Ausf
751 1858 1650 1925 erst nach der Scheidung lieb gewinnt, das alte Motiv
1655 1877 2542 1928 dieses Stückes hat in der Tat und unzweifelhaft der
758 1900 1639 1967 von dem in der Phantasie steigenden Wert dessen,
2566 1908 2755 1972 die Glöc
1667 1921 2553 1979 olle, ehrliche Manolesku Pathe gestanden. Dietrich
750 1945 1643 1997 was man nicht besitzt oder leichtfertig verloren hat.
2558 1946 2770 2009 ven techng
2361 1962 2544 2022 — Aber
1673 1968 2372 2027 Eckart führt ihn als „Ein Herr“ ein.
756 1995 1641 2051 Darin sind Kinder und Liebhaber einander gleich:
2558 1992 2745 2053 lungt ja
1673 2014 2544 2070 dieser Herr schickt bei seinem Besuch eine
754 2029 1639 2091 dem einen glänzt kein Spielzeug so schön wie das
2564 2025 2768 2092 angelegte
1665 2043 2548 2104 Visitenkarte herein, die mindestens sechs Zeilen
753 2068 1651 2139 des kleinen Kameraden, es zerbröckelt die eigenen
2570 2072 2772 2155 res Muttz.
1660 2099 2548 2161 voll tönender Titel enthält. Er bringt einen
2569 2122 2767 2180 Söngerins
768 2121 1651 2178 Hampelmänner und Puppen, auch wirft es sie weg.
1663 2145 2548 2209 Schmuck mit, der dem Kommerzienrat ge¬
761 2162 1657 2239 und erst wenn der kleine Junge des Pertiers mit dem
2561 2159 2775 2239 noch nichte
1676 2183 2554 2249 stohlen war. Er weiß seinen Diebstahl so geschickt
2569 2214 2760 2267 Doktor ##
754 2208 1662 2263 aufgelesenen Spielzeug sich vergnügt, da wird es
1672 2228 2552 2303 zu dreben und zu bemänteln, daß der große Kauf¬
764 2238 1657 2328 leidenschaftlich zurückbegehrt. Auch dem Liebhaber
2562 2253 2786 2313 Hansers
1671 2264 2551 2336 mann ihm zehntausend Mark für die Rückgafe zahlt
767 2295 1647 2357 schimmert das Auge der verlassenen Liebsten
2570 2293 2789 2354 ler ware
1674 2316 2552 2377 und nicht ein Wort mehr darüber rerliert. Nicht mal
1579 2335 1652 2394 sie
1313 2338 1542 2389 wenn er
1084 2328 1280 2400 Glanze,
867 2340 1093 2396 betörendem
2571 2335 2787 2401 doch fehlte
766 2348 870 2403 in
1680 2361 2561 2424 seiner Frau und seinen Kindern gegenüber, trotzdem
771 2374 1654 2437 in Gesellschaft seines Nachfolgers soupieren sieht. Die
2575 2377 2777 2443 Aufführun
1665 2403 2548 2468 er sieht, wie sehr dieser stehlende, hochstavelnde Graf
758 2414 1659 2485 mißglückte Zurückeroberung der Verlorenen durch den
2580 2425 2779 2485 es war un
1674 2437 2555 2507 den Seinen gefällt. Nein, er reist einfach fort und
2571 2462 2783 2528 ließ aber?
768 2460 1668 2527 Gatten ergibt den tragischen Ausklang des Schnitz¬
1673 2487 2556 2548 überläßt dem eleganten, säufelnden Herrn das Feld
2572 2516 2758 2582 Ungerechte
768 2500 1663 2566 lerschen Stückes, dessen Handlung ein wenig planles
1678 2523 2557 2600 in seinem Hause. Denn säufeln tut er. Mit einer
2570 2555 2786 2623 Mitwirkel,
764 2553 1657 2613 durch künstlich angelegte, psycholegische Irrgärten
1680 2571 2569 2645 geradezu wahnwitzigen Fülle von Worten, die zu ver¬
762 2599 1651 2649 dem paradox=unglaubhaften Ende zusteuert. Ernst
2631 2607 2745 2673 Im
1675 2619 2563 2674 dauen schwer fällt, bemüht er sich um den Beweis,
766 2638 1651 2702 beabsichtigte Situationen und Aussprüche erhielten so,
2573 2635 2775 2715 es gestern
1677 2664 2575 2726 daß er ein Verbrecher ist, weil er die Menschen haßt.
779 2685 1657 2747 auch noch unterstützt durch eine wenig glückliche
2577 2695 2777 2753 „Hänse
1688 2711 2561 2777 Man kann auch das Umgekehrte annehmen denn
2578 2734 2797 2799 führt wur
772 2719 1658 2797 Rollerbe#tung, etwas ungen Komisches und der
1689 2744 2557 2812 an keiner Stelle spricht der Autor klar aus, was er
2574 2778 2791 2836 ganz unpo
776 2778 1661 2837 Humor der Dichters, der diesmal ganz der vorzüglich
1679 2791 2565 2875 eigentlich will. Und da die Menschen auf der Bühne
2581 2810 2777 2869 hat, trotze
776 2819 1674 2884 gelungenen Gestalt eines geistreichen Librettisten ge¬
1680 2830 2564 2911 ihn ebensowenig verstehen wie die im Parkett, so be¬
2582 2853 2768 2916 durchaus
780 2857 1670 2910 widmet war, wurbe leider auch in anderen Dingen
1680 2873 2563 2944 wundern und umschmeicheln sie ihn natürlich und machen
2592 2894 2758 2947 zweifeln,
767 2906 1663 2971 vermutet; schließlich muß sich die Unsicherheit des
2586 2934 2785 2984 Bildern, r
1686 2920 2567 2998 große Augen, wenn er nur den Mund auftut, d. h.
782 2946 1665 3006 Dichters in der Durchführung seiner Absichten auch
2587 2967 2792 3024 oder „Der
1681 2966 2572 3032 das war im Parkett doch anders. Die Herrschaften
784 2995 1667 3066 einer zuerst willig auf alles eingehenden Hörerschaft
2581 3008 2747 3062 Theater
1677 3016 2578 3085 bewunderten den Grafen nicht, und machten eher
786 3035 1677 3113 mitteilen, und so wäre denn die gestrige Premiere
2582 3036 2794 3100 aber ui
1692 3053 2575 3121 kleine wie große Augen, denn das ganze Stück wirkte
2593 3082 2807 3148 alles Dei
782 3080 1671 3155 als ein Abend der kleinen Mißverständnisse
1694 3100 2562 3163 bleiern und einschläsernd. Nur die junge Tochter
2597 3116 2810 3180 zu schicken
776 3124 1071 3199 zu registrieren.
1690 3144 2573 3220 des Kommerzienrats, die wurde von den geheimnis¬
2597 3161 2803 3215 und Geeté
835 3149 1664 3231 Völlig klar ist sich wohl der Dichter über das
1681 3188 2568 3260 vollen Philosopbien des „Herrn“ — was man schließ¬
2588 3194 2815 3251 Rennie¬
787 3196 1680 3275 Liebesschicksal des Musikers Amadeus Adams und das
2600 3241 2781 3292 lassen, u
1682 3238 2576 3302 lich auch verstehen kann — ganz umnebelt. Sie ist
784 3245 1682 3311 seiner Frau, der schönen Opernsängerin Cäcilie
2587 3270 2781 3334 wandern.
1690 3275 2570 3351 ja die irdische Königin, die ihn erretten soll! Aber
788 3291 1677 3354 Adams=Ortenburg nicht gewesen. Die Endkonsequenz
2592 3316 2809 3384 recht komi¬
1689 3312 2577 3395 Gott sei Dank, sie tut es nicht. Sie erfährt von
787 3340 1680 3401 ist eine psychologische Verlegenheitsstammelei, die
2594 3359 2806 3413 „Jung=Be¬
1704 3362 2574 3431 seinen Großtaten und sie rettet sich durch eine andere
792 3378 1675 3446 durch keinerlei sie begleitende Reden glaubhafter wird.
2604 3392 2808 3451 stellern sir
1690 3418 1903 3481 Verlobung.
793 3427 1673 3487 Amadeus Adams, der seiner Frau überdrüssig ge¬
2599 3416 2809 3499 und Euges
1741 3420 2579 3509 Der Vergleich mit Manolesku liegt also wirklich
2594 3466 2770 3531 wähnen.
790 3472 1683 3517 worden ist, schließt mit ihr einen Pakt. Sie wollen
1690 3491 2581 3558 nahe, nur tut man dem lebenden Unrecht. Denn der
2604 3507 2804 3577 kleine Wei¬
796 3511 1685 3581 ihr Liebesleben als etwas Vergangenes ansehen und
1692 3538 2580 3597 ist nirgends so langweilig, so umständlich und unklar
797 3560 1684 3616 sich nichts weiter sein als zwei gute Freunde. Sie
2648 3561 2779 3626 Ein
1692 3579 2591 3663 wie der „Froschkönig". Matkowsky spielte ihn
793 3582 1684 3658 stört ihn nicht in seinen Beziehungen zur Gräfin
2601 3591 2793 3674 Teutschen
1698 3624 2581 3694 gestern. Er bemühte sich um ihn mit seiner großen
793 3645 1679 3696 Moosheim, er findet nichts dabei, daß der junge
2605 3660 2792 3720 Bahrs
1698 3667 2591 3734 Kunst. Aber die klare Ruhe, mit der er ihn zum
790 3694 1680 3744 Prinz Lohsenstein seiner Frau den Hof macht. Und
2598 3694 2818 3759 wurde, gal
1690 3712 2589 3793 Menschen machen wollte, stand in Widerspruch mit der
801 3722 1684 3798 sie behalten auch die Wohnung und erziehen gemeinsam
2603 3743 2815 3800 mitteilt, er
1702 3757 2588 3826 Tat des Autors. Die „Königin“ lag in den Händen
787 3770 1685 3839 ihr Kind. Was die Welt dazu sagt, soll ihnen
2600 3790 2800 3845 Publikum
1698 3794 2593 3869 des Frl. Eschborn. Auch sie konnte der mond¬
797 3814 1672 3880 gleichgültig sein. „Was uns verbindet,“ sagt Amadeus,
2603 3829 2805 3888 den Saal,
1701 3843 2589 3917 umflossenen Gestalt nur an wenig Stellen Leben ein¬
793 3837 1679 3922 „ist so stark, daß alles andere, was uns in unserer
2606 3874 2780 3928 wurden.
1701 3883 2584 3952 hauchen. Recht gut war Frau Butze als eitle Kom¬
795 3902 1683 3960 Freiheit bevorstehen mag, dagegen unwesentlich er¬
2607 3907 2818 3965 Seiten W
1710 3924 2590 3998 merzienrätin, sehr einfach und echt Krausneck als
801 3933 1697 4010 scheint. Auf die Leute brauchen wir keine Rücksicht
799 3963 2836 4058 zu nehmen. Wir gehören doch schließlich noch immer 1 getreuer Onkel. In kleineren Rellen gut am Platz] Bahrs ver
