3436 4352
604 174 1580 221 Und doch ist die spröde Komödie mit all ihren
614 214 1587 259 Fehlern eine interessante Arbeit, die das Unter¬
600 241 1593 308 haltungsbedürfniß der Klein Dorrit=Schwärmer nicht
602 297 1592 341 ohne Schadenfrende unbefriedigt läßt. Wenn
596 339 1590 391 Arthur Schnitzler auf der Bühne erscheint,
601 381 1596 436 hat er immer etwas, manchmal sogar zu
598 413 1583 463 viel zu sagen. Das ist sein Fehler. Am Thore des
609 454 1590 506 Burgtheaters könnte jetzt eine Tafel angebracht
603 507 1586 548 werden: „Dr. Arthur Schnitzler, Sprechstunde von
597 540 1590 614 7 bis 10 Uhr Abends.“ Auf die Gefahr hin, ebenso
598 585 1590 628 redselig zu werden, wie der Dichter und seine Gestalten,
611 626 1598 686 wollen wir den Versuch machen, die dreiactige Debatte
611 671 1590 722 im Auszuge wiederzugeben. Amadeus Adams lebt in
609 705 1592 776 Wien als Kapellmeister, Componist und Neurastheniker.
613 750 1590 808 Er führt mit seiner Frau, der berühmten Opern¬
615 797 1595 852 sängerin Cäcilie Adams=Ortenburg, einen sieber jährigen
621 840 1598 892 Ehefrieden. Er hat einen fünfjährigen Buben als
609 878 1594 921 lebendigen Zeugen seines Glückes. Erst in den letzten
608 917 1598 965 Wochen umwölkte sich der Ehehimmel. Es ist nicht
611 960 1597 1030 mehr Alles so, wie es war. Der Gatte hat was mit
619 1005 1588 1065 einer pikanten Gräfin und mit der Gattin möchte der
611 1050 1604 1119 junge Fürst Sigismund was haben. Es kommt
610 1096 1610 1158 zu einer Spannung zwischen den Ehelenten, aber
619 1115 1615 1198 sie gehen nicht, sie setzen sich auseinander. Diese
614 1178 1615 1229 Auseinandersetzungen füllen die ganze Komödie aus.
619 1216 1622 1277 Mann und Frau, wollen: in Zukunft gute
624 1266 1616 1320 Kameraden sein, keine Geheimnisse haben und
605 1297 1628 1353 sich immer die Währkeit# sagen. Sie wollen
612 1349 1617 1414 miteinander umgehen; aber Zeinen Umgang
610 1377 1618 1467 pflegen. Jede Hälfte soll ihre Freiheit haben,
607 1438 1615 1486 thun können, was ihr beliebt. Er wird auch ferner
624 1485 1628 1528 ihr Correpetitor und sie seine Muse bleiben, mag
618 1524 1617 1577 sich darüber die Welt das Maul zerreißen nach
610 1568 1624 1626 Herzenslust. Sie schließen einen einseitigen Möbel¬
618 1599 1617 1661 pact auf Trennung vom Bett bei Aufrechterhaltung
614 1653 1625 1696 des Tisches. Kann eine solche Art Ehe bestehen? Diese
616 1686 1624 1753 Frage stellt der Dichter zur Discussion. Seine
610 1733 1631 1799 Haupt= und Nebenfiguren sprechen sich darüber
623 1768 1633 1831 gründlich aus. Sie thun das in entzückend geistreicher
620 1813 1619 1866 Weise, freilich nicht wie Menschen von Fleisch und
618 1855 1632 1907 Blut, sondern wie solche von Papier und Tinte.
628 1897 1627 1954 Ehe die endgiltige Antwort auf die Frage erfolgt,
616 1939 1632 2005 wird Alles besprochen, was für und wider das
615 1982 1620 2053 neue Eheverhältniß zu sagen ist. Nur von Handlung
618 2039 1632 2082 ist keine Rede. Wir erfahren alsbald, daß Cäcilie seit
610 2077 1626 2127 jenem Uebereinkommen auf dem Lande war und
618 2119 1634 2169 dann in Berlin große Triumphe feierte, und daß der
618 2156 1629 2203 junge Fürst Sigismund überall auftauchte, wo die
612 2194 1629 2255 begehrenswerthe Sängerin gerade mauerweilte. Wir
608 2256 1632 2302 erfahren weiter, daß sie ihrem Gatten jeden Tag
617 2294 1635 2344 acht bis zwölf Seiten geschrieben, und daß ein
619 2319 1637 2380 Journal plötzlich die Nachricht von der bevorstehenden
614 2369 1641 2419 Vermälung Cäciliens mit dem Fürsten in die Welt
617 2418 1627 2472 posannte. Endlich geht der Stern wieder im Hause
613 2453 1631 2510 des Kapellmeisters auf. Die Sängerin kommt aus
615 2515 1629 2558 Berlin zurück, um einige Zeit mit ihrem Manne
1361 2539 1634 2593 zu leben.
614 2540 1359 2597 laut Abmachung kameradschaftlich
1258 2579 1631 2640 die Enthebungs¬
766 2576 1217 2647 gibt gewissermaßen
619 2592 761 2643 Sie
613 2626 1637 2688 karte von ihren ehelichen Pflichten ab. In einer
619 2671 1641 2722 Unterredung mit dem Gatten dementirt sie die Ver¬
619 2714 1634 2768 mälungsnachricht, gibt aber zu, daß ein Berliner
631 2749 1633 2815 Sänger mit fascinirender Persönlichkeit ihr nicht
626 2795 1630 2855 ganz gleichgiltig war. „Geschehen ist Nichts,“ sagte
623 2840 1624 2907 sie, „aber. wäre ichdortgeblieben, wer weiß!“
632 2882 1637 2939 In diesem Augenblicke erscheint sie dem Manne als
618 2925 1631 2972 eine Andere, in diesem Augenbücke fühlt er nur eins,
629 2961 1641 3017 daß sie schön ist, schön wie sie niemals gewesen,
627 3023 1644 3074 und er will ihr Geliebter sein. Und als sie sich
629 3038 1640 3107 wehrt, will er der Mann sein, der sie einem
625 3085 1634 3155 Anderen nimmt, einer, der ihr Seligkeit und
625 3151 1639 3191 Sünde zugleich bedeutet. Keinem von ihnen wird,
627 3173 1636 3231 so lang er lebt, ein schöneres Abenteuer auf dem
626 3212 1646 3276 Wege blühen. Und er fängt, wie es im Volksmunde
625 3271 1640 3329 heißt, ein Verhältniß mit seiner Frau an. Auf die
637 3304 1642 3368 Nacht des Vertragsbruches folgt der Morgen der
632 3358 1638 3414 Eifersucht. Der Kapellmeister ist plötzlich eifersüchtig
631 3395 1649 3446 auf den Fürsten und läßt ihn zum Duell
625 3435 1643 3495 fordern. Während die Cartellträger unterwegs sind,
627 3494 1641 3530 kommt der Fürst und hält bei dem Gatten um die
633 3519 1644 3576 Hand seiner Frau an. Und nun stellt sich heraus,
626 3554 1647 3630 daß die Sängerin rein geblieben. Wohl haben sie
628 3605 1647 3667 Wünsche durchglüht und in mancher Nähe hat ihr
627 3651 1643 3701 Leib gebebt und geschmachtet, aber sie ist eine Frau und
639 3691 1636 3751 irgend Etwas macht Frauen auch dann noch zögern,
642 3746 1634 3789 wenn sie längst entschlossen sind. Das Abenteuer
632 3772 1650 3839 jener Nacht sei vergessen, denn in jener Nacht
643 3814 1649 3881 hätte sich dasselbe Glück vielleicht auch ein
637 3858 1655 3917 Anderer holen können, wenn er nur dagewesen
643 3903 1647 3953 wäre. „Wir lassen uns nicht scheiden,“ lautet ihr
647 3934 1660 4013 letztes Wort, „wir scheiden. Der Versuch, in Freiheit
1325 3990 1642 4047 mißglückt und
1210 3986 1301 4045 ist
648 3993 1199 4052 nebeneinander zu leben,
1537 4030 1635 4078 Ko¬
1431 4030 1517 4082 die
646 4027 1301 4087 sie gehen auseinander. Das
653 4088 1635 4133 mödie. Vieles, was gegen sie einzuwenden ist,
1259 4114 1646 4176 als Opernlibrettist
650 4119 1249 4183 nimmt der Raisonneur, der
633 4154 1647 4209 durch das Stück geht, der Kritik vorwea. Nur Eines
1607 150 2595 217 Wenn man bedenkt, raß jeder Aet zur gust
1607 210 2611 265 aus Duoscenen der Eheleute besteht, so kann man
1604 247 2612 301 sich beiläufig denken, wie das Künstlerpaar im
1607 282 2614 341 Schweiße seines Angesichts glänzte. Den Fürsten
1613 329 2615 389 Sigismund spielte Herr Korff mit dem nöthigen
1605 374 2606 425 wienerischen Einschlag. Seine elegante Sicherheit
1607 415 2612 474 rettete die Figur vor dem Umkippen. Herr Treßler,
1607 454 2615 505 der uns alle Einwände und Herrn Hartmann die
1612 495 2617 566 Rolle des Raisonneurs wegnahm, zog sich mit Humor
1602 539 2610 595 aus der Affaire. Frau Kallina war als ver¬
1604 579 2612 629 führerische Gräfin sehr gut. Ihren Namen
1609 625 2613 681 hat die Komödie von einem Zwischenspiel, das der
1611 675 2614 724 Kapellmeister componirt. Und ein Zwischenspiel war
1614 701 2623 760 auch das Abenteuer der Nacht, in welcher Mann
1611 745 2611 807 und Frau die selbstgeschiedene Ebe brachen. Schade,
1613 790 2617 856 daß Schnitzler zu der Geschichte ein so ernstes Gesicht
1616 834 2629 896 machte. Mit seiner Kunst des Fabulirens hätte
1616 881 2611 937 er daraus das Lustspiel formen können, das wir
1600 910 2621 976 längst ersehnen. So aber kam eine ausgetüftelte,
1613 958 2630 1022 kalte Sache zu Stande. Und traurig summten wir
1620 1017 1893 1070 vor uns hin:
1780 1041 2393 1102 Es waren zwei Menschenkind¬,
1766 1101 2349 1142 Die hatten einander so lieb;
1775 1130 2519 1185 Sie konnten zusammen nicht kommen,
1773 1179 2354 1239 Der Dichter war viel zu tief!
