3436 4480
1314 191 1756 282 box 25/6
236 196 1157 298 20. Zwischensple.
1380 1195 1685 1263 Nachdruck verboten
688 1200 802 1262 V77
554 1259 1679 1339 Kleine Wiener Theaterplanderei.
523 1334 1703 1375 (Ein etwas überladener Goldsalon, kostbar, aber doch ein bißchen geschmack Ver¬
522 1369 1725 1417 suche, die steiflinige Moderne mit dem geschnörkelten Rokoko in eine unmögliche
584 1396 1653 1435 Harmonie zu setzen. Abschiedssouperstimmung der witzig werdenden Wehmut.)
997 1430 1240 1482 Personen:
635 1468 1594 1531 Hortense, eine unverstandene Frau, 24½ Jahre, sieht aus wie 28¼.
641 1508 1066 1550 Sam, ihr unmöglicher Gatte.
629 1534 761 1577 Egon.
623 1563 1717 1636 Salll (bietet Zigarren in einem flachen Kistchen an): Nehmen Sie, Herr
517 1623 1548 1666 Doktor, nehmen Sie. Henry Clay. Sie sollen sehr gut sein.
625 1664 1527 1702 Egoll (nimmt eine): Danke sehr, Herr Kommerzialrat.
622 1707 1732 1755 Sam: Ein Griff! Nehmen Sie gleich mehr. Geben Sie mir Ihr
523 1734 1340 1799 Zigarrenetui her, damit ich es Ihnen anfülle.
619 1771 1722 1838 Egoll (liebenswürdige Gebärde der Ablehnung): Herr Kommerzialrat
520 1810 791 1874 sind zu gütig.
625 1839 1712 1909 Sam: Ah, Sie wollen sie erst versuchen, ob sie wirklich gut sind.
520 1893 1635 1940 Auch recht. Was ich hab', ist gut. Da können Sie sich verlassen.
887 1930 1356 1976 (Hortense: Vorwurfsvoller Blick).
617 1955 1710 2004 Sam: Meine Frau meint, daß ich das nicht hätte sagen sollen.
514 2002 1720 2041 Meiner Frau kann man es sehr schwer recht machen. Zuerst hab' ich
526 2035 1716 2075 mir alle mögliche Mühe gegeben, jetzt gebe ich das Geschäft auf. Vor
518 2074 1726 2129 Ihnen brauch' ich mich doch nicht zu genieren, da kann ich mich doch
522 2117 1727 2169 geben, so wie ich bin. Sie sind doch ein Freund Sie gehören doch
528 2152 965 2207 sozusagen zum Haus ...
629 2178 1651 2245 Hortense: Sie nehmen doch ein Täßchen schwarzen Kaffee?
616 2234 1725 2287 Sam: Zwei Stück Zucker werden zu wenig sein. Nehmen Sie
523 2274 1718 2316 drei oder vier. Wollen Sie vielleicht ein Kugler=Bonbon oder ein
529 2311 1723 2352 Stück Schokolade von Marquis aus Paris. Langdeschatt mit Gold¬
528 2343 1214 2401 tupfen. Wo steht die Schachtel wieder?
621 2381 1028 2440 Hortense: Aber Sam!
620 2411 1722 2474 Sam: Ich hab' ja nichts gesagt. Hätt' ich das auch nicht sagen
525 2473 1724 2517 sollen? Passen Sie auf, meine Frau wird jetzt gleich anfangen, von
518 2503 1715 2548 der Literatur zu reden. Mir ist alles recht. Also reden wir von der
527 2543 1724 2583 Literatur. Das neue Stück von Arthu=Schnitzler „Zwischen¬
533 2583 1724 2622 spiel“ im Burgtheater war wirklich sehr interessant, Paroll donnöhr.
523 2615 1713 2663 Wenn ich so in meiner Parterreloge sitze, Nr. 35 rechts, können die
530 2658 1717 2714 meinetwegen da droben spielen, was sie wollen, wenn es nur nicht
526 2697 1716 2736 „Wilhelm Tell“ oder, Gott behüte, gar „Don Carlos“ ist. Ich unter¬
523 2733 1726 2773 halte mich immer. Weil ich eine anspruchslose Natur bin. Was will
516 2772 1718 2831 man denn vom Theater? Bekannte sehen und ein bisserl herumnicken,
516 2816 1728 2857 da grüßen, dort grüßen. Und wenn sie spielen, ist es ja meistens
523 2858 966 2906 auch ganz untechaltend.
619 2883 1715 2939 Hortense: Laß doch Egon — pardon, den Herrn Doktor auch
513 2942 1723 2981 zum Wort, lieber Sam. Deine Ansichten kenn' ich ja zur Genüge.
629 2971 1718 3012 Sam: Also bleiben wir bei Egon. Sie erlauben, daß ich
515 3001 805 3059 „Egon“ age?
585 3050 1679 3089 (Hortense: Ein noch vorwurfsvollerer Blick als die beiden früheren zusammen.)
626 3077 1710 3146 Sam (sich entschuldigend: Ich kann doch nicht Herr Ministerial¬
517 3098 1382 3158 vizekonzipist zu ihm sagen. Das ist viel zu lang.
624 3154 1518 3199 Egon: Gewiß, Herr Kommerzialrat, es ist zu lang.
1389 3184 1559 3251 ——
1831 1209 2944 1265 Sam: Also das „Zwischenspiel“ von Schnitzler ist sehr interessant.
1741 1253 2950 1293 Und es ist alles so natürlich. So wie sich die Sachen in der Welt
1747 1291 2947 1337 abspielen, genau so. Nicht anders. Da ist ein Ehepaar. Er ist ein
1744 1333 2944 1392 verrückter, überspannter Musiker, den macht der Kainz großartig,
1740 1373 2941 1417 ganz natürlich, und die Witt ist eine exaltierte Sängerin, seine Frau¬
1737 1419 2952 1457 Ihm gefällt die Kallina, und ihr gefällt wieder der Korff. Was
1738 1446 2940 1488 ist da selbstverständlicher, als daß die zwei Leute zueinander sagen:
1734 1482 2947 1533 Jeder macht, was er will Das kommt alle Tage vor. Aber eine Be¬
1751 1523 2949 1573 dingung ist dabei: Wahrheit! „Er“ muß alles wissen, was „sie“ macht,
1748 1561 2940 1606 und „sie“ muß wieder alles wissen, was „er“ macht. Und sehen Sie, mein
1742 1602 2946 1656 lieber Egon, das ist das Interessante. Ohne das wäre es gar zu
1749 1644 2423 1702 natürlich, und das soll auch nicht sein.
1842 1666 2747 1738 Hortense: So laß doch einmal den Herrn Doktor ...
1842 1718 2425 1778 Sam: Ich laß ihn doch ohnehin.
1833 1758 2950 1811 Egon: Schnitzler! Ich schätze, ich verehr' ihn. Er ist ein ganz
1732 1796 2941 1854 außerordentlich feines Talent. Ein seltener Künstler mit eigener Note
1730 1850 2947 1883 und leichter Hand. Er ist so liebenswürdig wienerisch. Aber er
1734 1877 2935 1927 will graziös über seinen eigenen Schatten springen, sich selbst auf die
1735 1917 2944 1964 Schultern steigen, sein kleines Königreich Anatolien am Lerchenfelder¬
1741 1950 2887 2012 gürtel erweitern, es bis an die Grenze von Norwegen ausdehnen.
1846 1990 2705 2037 Sam: Wie meinen Sie das? Das geb: doch nicht.
1848 2037 2944 2081 Egon: Freilich geht es nicht. Aber es zeugt doch von edlem
1739 2065 2353 2124 Streben, von künstlerischem Ernst.
1846 2106 2933 2150 Sam: Jeder Mensch soll bei dem bleiben, was er kann. Das
1738 2147 2944 2192 soll er fortmachen. Diese übertriebenen und überspannten Sachen sind
1743 2185 2949 2226 nicht nach meinem bürgerlichen Geschmack. Der alte Napoleon ist nach
1743 2224 2932 2268 Rußland gegangen und der Jarno hat das Lustspieltheater genommen.
1740 2269 2658 2325 Haben sie's notwendig gehabt die beiden, frag' ich?
1843 2288 2943 2347 Horteuse: Für mich lag im „Zwischenspiel“ das besonders Feine
1743 2340 2946 2387 darin, daß „er“ so viel Verständnis für ihre Wünsche hat. So viel
1739 2385 2933 2430 vornehme, entsagende Größe und dann die überraschende Schluß¬
1731 2412 2952 2463 wendung! Sie müssen auseinandergehen, weil Cäcilie den Ehebruch
1744 2467 2936 2502 gebrochen hat. Amadeus hält sie für treulos, aber sie ist es nicht. Er
1742 2495 2934 2549 will sich die Unverlorene zurückerobern und betrügt sich dabei nur
1743 2532 2950 2601 selbst. Das ist so wahr. So tief. Das haben nur die ganz wenigen
1745 2569 1959 2630 verstanden.
1837 2600 2940 2649 Sam: Es freut mich, daß wenigstens du es verstanden hast.
1732 2643 2944 2706 Ich hab' mir's übrigens gleich gedacht, daß du es verstehen würdest.
1835 2688 2946 2743 Egon: Unsere gnädige Frau ist so merkwürdig organisiert für die
1744 2728 2950 2778 letzten Subtilitäten. Aber glauben Sie denn nicht auch, daß dem ganzen
1732 2769 2941 2831 eigentlich ein Lustspielmotiv zugrunde liegt, daß die Tragik nur auf¬
1741 2812 2260 2867 gepfropft und eingeimpft ist?
1835 2852 2929 2894 Sam: Ich hab' es interessant gefunden, und der Kainz war
1734 2879 2935 2936 großartig. Von einer großartigen Großartigkeit. Ich hab' doch noch
1743 2923 2949 2967 das ganz alte Burgtheater gesehen, Gott sei Dank, die Negro und den
1747 2964 2944 3012 Arnsburg. Aber so etwas hat's nie gegeben. Und wenn der Kainz
1747 3001 2941 3038 einmal nicht mehr spielen wird, werden alle Leute sagen: ein Kainz
1746 3038 2104 3090 kommt nicht wieder!
1837 3070 2948 3132 Hortense: Die Witt hat mich ein wenig enttäuscht. Sie war mir
1737 3115 2691 3154 nicht seelisch genug. Sie war zu bürgerlich, zu gesund.
1843 3155 2397 3206 Sam: Das ist doch kein Fehler.
1981 3228 2438 3290 .— 1.
