3344 4352
159 242 745 354 2. Cuttings
1902 158 2429 235 —
837 240 1324 339 box 37/4
877 908 2660 1006 ARTHUR SCHNITZLER, DRAM-ITIST OF THE TWILIGHT SOUI. 671
772 1015 1723 1093 alone for the supreme question. Max leaves
1718 1012 2667 1107 fromthe“Thesis-play,? for tho it is based on
771 1087 1723 1139 the room. Anatol opens his mouth and shuts
1727 1092 2667 1148 the problem of the middle-class girl with a
782 1123 1717 1199 it again. Some questions are better left un¬
1724 1134 2658 1189 refinement above her power to satisfy, it con¬
772 1162 1709 1226 asked. He recalls Max and tells him that he
1721 1179 2658 1228 tains in old Weiring the most beautiful single
777 1220 1717 1274 har been perfectly satisfied. But the awak¬
1731 1226 2666 1285 character in Schnitzler’s work. Of late the play¬
781 1270 1723 1331 ened Cora shows a curious anziety as 10 just
1731 1272 2659 1333 wright has devoted himself, not to questions,
782 1317 1107 1373 what she said.
1720 1327 2660 1377 which he cannot present with the vigor of
1718 1357 2651 1424 partisanship, but to the portrayal of individ¬
810 1343 1722 1422 Sparkling and piquant thothe dialog is and
1729 1406 2662 1470 uals. Literature,“ a farce very popular in
771 1409 1711 1466 audacious thothe situations are, only the most
1725 1455 2653 1509 Germany and often given at the German Ir¬
781 1457 1720 1520 casual reader misses the undertone of sadness,
782 1502 1717 1571 one that is always sounded in Schmitzler’s
1729 1505 2662 1573 ving Place Theater in New Vork, is of this
778 1550 1715 1602 most brilliant work. For Anatol’s scarch for
1730 1543 2660 1612 class. A popular lady-novelist is about to
781 1594 1711 1657 happiness is endless because of the dual nature
1729 1599 2657 1656 celebrate her betrothal with a banker, who
781 1636 1716 1690 that he shares with his creator. As Victor
1725 1645 2653 1704 does not like the idca of sharing his adored
1721 1699 2658 1751 with an ink-bottle. The lady is really ready
773 1684 1713 1742 Klemperer points out in Bühne und Welt,
781 1736 1709 1791 Schnitzler is always, even in his gayest mo¬
1726 1732 2661 1793 to give up her career—she is older than she
768 1787 1706 1841 ments, at heart a tragedian, If his humor is
1717 1778 2654 1843 looks, and some former emotional experiments
777 1829 1703 1891 usually free from satire, it is because his capi¬
1720 1827 2666 1895 have made her appreciate the prospect of mar¬
780 1863 1712 1936 tulation before the sadness of life is too com¬
1722 1875 2659 1948 ried repose; but her very last book is on the
772 1912 1721 1966 plete to leave him the satirist’s desire to sting
1731 1921 2659 1984 press and she does want to see it on the stalls.
779 1969 1721 2026 life to better things. For one idea never
1728 1967 2656 2025 It is a love-story of a somewhat hectic nature,
778 2009 1706 2070 leaves him—the image of death.Why do
1727 2015 2655 2062 and based on fact, for with commendable
768 2062 1717 2119 von talk of dving?“ asks somcone inThe
1714 2066 2656 2122 thrift she has kept carbons of all her love¬
774 2108 1712 2168 Lonely Way,“ and the reply is, 'Is there a
1721 2107 2651 2157 letters to one of the “experiments,'’ and, be¬
777 2146 1709 2210 reasonable creature that at the bottom of his
1722 2156 2660 2214 coming lazy in the course of seven years, has
1720 2195 2655 2268 made a book by the simple process of chrono¬
768 2212 1719 2269 soul, in any good hour, thinks of anything
1716 2243 2653 2309 logical arrangement, with names changed.
770 2243 1717 2295 else?' His passion is like Rossetti's ideal,
763 2290 1710 2367 always “to feel the first kiss and forebode the
1719 2291 2656 2366 This, of course, the betrothed knows not; he
764 2341 910 2404 last.“
1719 2332 2651 2395 has not even read the book as yet, and the
810 2366 1715 2446 After his first period—dialogs, fer which his
1726 2389 2654 2448 lady’s plight can be imagined when her former
771 2432 1716 2479 nature, always seeing both sides, especially fits
1726 2434 2651 2486 correspondent turns up to congratulate her
764 2481 1706 2544 him—he entered upon a series of problem
1725 2482 2660 2540 upon her betrothal and present her with a
777 2518 1708 2586 plays. The most celebrated of these was
1727 2527 2655 2574 copy of his new book, for he, being also pos¬
790 2571 1709 2632 Freiwild,“ an attack on the duel, that re¬
1722 2566 2659 2632 sessed of a literary sense, has kept carbons
775 2601 1710 2672 ceived enormous advertizing from the strange
1721 2614 2661 2680 and made use of them. The two will exactly
764 2660 1711 2706 coineidence that, while the play was in re¬
1724 2666 2659 2724 dove-tail. At this anguished moment reenters
768 2703 1708 2764 hearsal, Lieut. von Brüsewitz, by the brutal
1716 2706 2658 2761 the flancé with the announcement that he will
762 2745 1709 2800 killing of a civilian in a Carlsruhe restaurant,
1715 2759 2659 2813 put the devotion of his betrothedto a supreme
767 2798 1711 2841 vindicated his 'military honor' exactly as the
1722 2799 2657 2856 test. He has bought out the entire edition;
774 2840 1711 2904 play had forctoil an oflicer would be obliged
1718 2846 2649 2894 may he have it withdrawn from circulation?
776 2891 1704 2943 to do. The excitement over the Carlsruhe
774 2934 1712 2996 incident rushed the play to such a huge popu¬
1716 2932 2656 3000 has a little surprize: he has reserved one copy
756 2973 1712 3033 larity that one of the German comic papers
1716 2984 2646 3035 that they arc to read together beside the fire.
775 3029 1712 3079 showed a cartoon of Manager Brahm, of the
1720 3031 2646 3094 Here it is in his pocket. My own,' says the
776 3075 1701 3127 Deutsches Theater, paying out royalties tothe
1716 3072 2635 3137 heroic lady, “my sacrifice shall be complete,?
773 3115 1703 3181 leading playwrights of the season, when Lieut.
1723 3124 2646 3197 and the book goes into the fire as she falls into
775 3170 1701 3212 Brüsewitz enters saying:"ve come for my
1721 3168 1935 3227 his arms.
1748 3200 2646 3275 Vet the same Schnitzler has evolved the
770 3208 1703 3269 share of the royalties on Freiwild'!“."The
1715 3259 2650 3323 noble definition: Love means, to be in the
772 3257 1705 3330 Legacy,' which appears in English in the cur¬
1711 3309 2643 3369 world for the sake of another,“ and in The
765 3314 1709 3374 rent number of Poet-Lore, has perhaps the
1707 3352 2637 3411 Lonely Way has made his men and women
767 3358 1547 3415 finest first act in Schnitzler’s theater.
1710 3400 2645 3466 who love for anything else than the sake of
822 3386 1698 3464 Liebelei.“ produced in America a decade
1715 3444 2645 3507 loving and giving the followers of a life-path
770 3445 1714 3506 since by the Progressive Stage Society and
1712 3491 2640 3555 that will always be lonely. This is a long
760 3492 1688 3549 later by Katherine Grey, is probably Schnitz¬
767 3549 1702 3601 ler’s best-known play, for it is not only a
1712 3533 2645 3590 way from Anatol. Indeed, with all his up-to¬
762 3588 1714 3644 repertory piece all over Europe, but has been
1711 3589 2645 3641 date sparkle. Anatol is really behind the times;
759 3633 2660 3713 given in England. It is his point of departure he is a fin-de-siecle product, a document from
