3344 4352
130 347 1276 466 2. Cuttings box 37/4
1624 1067 2479 1152 ES FORTSCHRITTS MARZ 1909
1270 1086 1612 1159 DOKU MENTE
891 1093 1007 1174 220
2251 1134 2479 1214 —
884 1166 981 1241 □
1001 1215 2465 1308 nicht zu intensiv leben wollen, muß mehr Beobachter als Mit¬
893 1250 989 1305 nur
884 1294 1198 1355 kämpfer sein.
972 1292 2469 1384 Die alten romantischen Fragen und Klänge ziehen sich durch seine Dich¬
884 1361 2477 1427 tung, aber sie sind ihrer abgrundtiefen Sehnsucht entkleidet. Hinter seinen
892 1406 2476 1487 Gestalten liegt ein Geheimnis; ihnen ist, als kämen sie von einer Reise und
890 1459 2481 1544 hätten in ihrem Hause nur ausgeruht; sie erscheinen sich und uns, als hätten
894 1513 2482 1591 sie schon einmal anderswo gelebt, als sei ihr jetziges Leben nur eine von
899 1554 2482 1632 vielen Erscheinungsformen. Aber es ist ein Geheimnis, das nicht der
890 1600 2482 1688 Dämmerung bedarf, und Tageshelle herrscht auch in allen Dichtungen
889 1660 2487 1725 Schnitzlers. Er teilt mit der Romantik das Bedürfnis nach dem Leben, aber
892 1705 2476 1778 es ist bei ihm mehr das Anklammern des Materialisten ans Dasein des Materia¬
884 1745 2491 1826 listen, der weiß, daß mit dem Tode alles zu Ende ist: wie denn überhaupt
894 1836 2488 1875 in Schnitzler beständig der Materialist auf seltsame Weise den Romantiker
895 1881 1101 1947 ergänzt.
994 1911 2483 1973 In der Form ist er ganz Romantiker; seine Dichtung besteht aus einem
897 1967 2483 2037 beständigen Durcheinander von Traum und Wachen, Spiel und Wirklichkeit,
896 1994 2489 2071 Kunst und Leben. Häufig auch sieht der Dichter seinen Personen lächelnd
909 2053 2487 2132 über die Achsel; was aber in der Romantik als „romantische Ironie“ nur
910 2106 2494 2170 zuoft alle Wirkung vernichtete, bildet bei ihm, der dieses Kunstmittel mit
916 2160 2241 2222 Maß zu handhaben weiß, einen eigenen Reiz der Darstellung.
1007 2188 2494 2273 Obwohl von denselben Grundanschauungen ausgehend, bilden Hermann
915 2256 2495 2318 Hesse und Ricarda Huch doch die stärksten Gegenpole zu Hofmannsthal
917 2294 2492 2372 und Schnitzler. Wie diese trotz der Reichtümer und Glücksmöglichkeiten,
916 2341 2499 2413 die das Leben vor ihnen ausbreitet, es nicht in ihre Arme nehmen können,
921 2390 2498 2483 so müssen es jene trotz der Kämpfe und Schmerzen, die es vor ihnen auf¬
915 2435 2508 2517 türmt, ganz ans Herz drücken. Ihnen ist die Natur das Süßeste und Schönste,
913 2488 2507 2568 das Erste und das Letzte. Wie Hofmannsthal und Schnitzler am stärksten
918 2543 2504 2604 aus dem Geist herausleben, leben Hesse und Huch am stärksten aus dem
918 2590 2500 2667 Gemüt heraus, und wie jene der Kunst am nächsten stehen, stehen diese
913 2656 1485 2722 dem Leben am nächsten.
1014 2690 2499 2761 Hesses Dichtung ist die Dichtung eines Wanderers. Er gibt sich ganz
921 2736 2510 2809 der Natur hin, der Mensch kommt ihm erst in zweiter Linie. Er ist ganz
919 2798 2511 2872 mit ihr verbunden; was sie will, dem fügt er sich, das ist sein Glück. Das
915 2829 2507 2916 Schicksal tritt dagegen zurück; darum entbehrt seine Dichtung der lauten
915 2874 2506 2970 Kämpfe, der vielen Menschen, der starken Konflikte. Die romantische Sehn¬
920 2928 2508 3009 sucht, die auch er kennt, ist keine Sehnsucht nach dem Leben, sondern Sehn¬
920 2978 2506 3051 sucht nach der Natur, in die er sich ganz einhüllen, versenken, begraben
926 3023 2513 3113 möchte. Auch er fühlt seine Endlichkeit und Vergänglichkrit, aber nicht
923 3073 2507 3155 mit Empörung, nicht einmal mit Schmerz. Denn wenn er als Endliches
923 3138 2513 3187 vergcht, dann geht er im Unendlichen auf, kehrt dorthin zurück, wo er ehe¬
934 3169 2508 3262 mals war, wohin er heute sich sehnt, und ruht friedlicher als jetzt im Schoß
933 3218 2515 3293 des geliebter Alls. Von allen Seiten schildert er die Natur; zu jeder ihrer
925 3273 2512 3351 Erscheinungsformen steht er im Verhältnis der Liebe; nicht bloß dem Wald
924 3333 2522 3405 und den Wolken weiß er ihre Schönheit abzulauschen, sondern auch den
930 3400 2177 3472 Elementen, denen er sich geheimnisvoll verbrüdert fühlt.
1034 3416 2515 3508 Seine Helden erfüllt süße Sehnsucht, die nicht nach Befriedigung ver¬
938 3469 2508 3568 langt. „Wandernd, überall fremd, schwebend zwischen Zeit und Ewigkeit“
932 3524 2518 3597 ruhen diese schönen Kinder der Neuromantik auf der Erde, während ihr
949 3594 2036 3662 Wesen doch nicht ganz in der Erde beschlossen ist.
1019 3609 2520 3711 Lebendiger, heißer, stürmender ist Ricarda Huch. Unter den Neu¬
928 3678 2523 3749 romantikern ist sie die aktivste Natur. Sie hat bitter und heiß gekämpft,
2101 3980 2638 4084 e
2550 4231 2708 4294 Aee e e
2928 4220 3134 4288 REAET
