3344 4352
816 187 1302 272 box 37/4
133 187 717 288 2. Cuttings
399 1046 991 1287 e
1104 1200 1505 1288 Telephon 12.801.
890 1279 1051 1335 Fan
553 1326 1303 1430 JSSSENVEN
387 1413 1472 1499 I. österr. beh. konz. Unternehmen für Zeitungs¬
605 1465 1272 1522 Ausschnitte und Bibliographie.
558 1510 1340 1602 Wien, I., Concordiaplatz 4.
786 1593 1115 1654 Vertretungen
394 1642 1488 1697 in Berlin, Brüssel, Budapest, Chicago, Cleveland, Christiania,
393 1687 1498 1745 Genf, Kopenhagen, London, Madrid, Mailand, Minneapolis,
399 1717 1495 1771 New-Vork, Paris, Rom, San Francisco, Stockholm, St. Peters¬
792 1757 1089 1813 burg, Toronto.
758 1789 1141 1867 Qnellenangabe ohne Gewähr.)
384 1844 787 1927 Ausschnitt aus:
741 1884 1446 1982 Neue Freie Presse, Wien
391 1937 1248 2050 vom: gf. Unnen Abendblatt
439 2097 1546 2186 [Was lesen die Blinden?] In der Leihbibliothek
353 2155 1542 2226 für Blinde am k. k. Blindenerziehungsinstitut im Prater
359 2212 1532 2271 wurden im abgelaufenen Jahre 2377 Werke mit 6207 Bänden
364 2251 1528 2312 entlehnt, das ist um 1500 Bände mehr als im Vorjahre,
365 2292 1542 2348 was vor allem der Portoermäßigung für Blindenbücher zuzu¬
374 2351 1543 2398 schreiben ist, die am 1. November 1909 in Kraft trat. Bei
369 2380 1529 2436 diesen Zahlen sind die laufenden Zeitschriften für Blinde —
366 2433 1539 2482 und deren besitzt die Bibliothek etwa zwanzig verschiedene in
363 2470 1543 2524 deutscher, italienischer, französischer, englischer, holländischer und
369 2510 1532 2563 russischer Sprache, sowie in Esperanto — die gleich nach Er¬
373 2541 1544 2613 scheinen heftweise verliehen werden, nicht mitgezählt. Diese
366 2602 1543 2657 Blindenbibliothek zählt nahezu 8000 Bände, von denen über
357 2631 1530 2706 4500 — mehr als bei allen deutschen Blindenbibliotheken —
353 2664 1544 2742 handschriftlich aus dem Schwarzdruck in die Blinden¬
362 2712 1536 2792 punktschrift übertragen und belletristischen wie auch wissen¬
357 2765 1542 2832 schaftlichen Inhalts sind. An dieser Uebertragung arbeiten
363 2801 1542 2878 zweiundsiebzig Damen und Herren, vor allem in Wien, in der
357 2850 1536 2915 uneigennützigsten Weise und liefern der Bibliothek jährlich
360 2909 1542 2964 gegen 400 Bände. Interessant ist auch, was die Blinden
359 2937 1532 2997 lesen. Es wurden verlangt: Anzengruber 37mal,
356 2980 1529 3036 Gaughofer 35mal, Schiller und Dahn je 33mal.
376 3015 1543 3080 Heyse 29mal, Grillparzer und Freytag je 25mal,
371 3066 1546 3130 Ibsen 23mal, Goethe, Hesse und Wildenbruch
365 3105 1539 3185 je 22mal. Die höchste Zahl an entliehenen Bänden er¬
367 3152 1539 3211 reichte Dahn mit 263 Bänden, ihm folgen Ganghofer
363 3177 1540 3259 mit 251, Freytag mit 164, Schiller, Anzen¬
356 3252 1544 3316 gruber, Frenssen, Wolff mit über 100 Bänden. Von
364 3277 1545 3345 modernen Autoren wurden entlehnt: Ebner=Eschen¬
365 3306 1537 3393 bach 18mal, Rosegger 16mal, Hauptmann 14mal,
361 3370 1538 3443 Bartsch und Frenssen je 12mal, Schönherr und
367 3399 1538 3472 Bahr je 6mal, Rostand und delle Grazie je
361 3466 1547 3526 5mal, Schnigler, Hofmannsthal und Tol.stor¬
363 3499 1547 3572 je 2mal, Lagerlöf und Fulda je Imal. Von Musik¬
354 3550 1542 3614 werken wurden am meisten Beethoven, Bach, Mozart (und
358 3589 811 3676 Schumann entliehen.
2519 1333 2892 1415 Telephon 12.801.
1971 1414 2706 1578 „OBSERVER
1822 1552 2895 1627 I. österr. beh. konz. Unternehmen für Zeitungs¬
2016 1596 2684 1669 Ausschnitte und Bibliographie.
1990 1650 2759 1742 Wien, I., Conoordlaplatz 4.
2204 1730 2553 1789 Vertretungen
1824 1770 2912 1830 in Berlin, Brüssel, Budapest, Chicago, Cleveland, Christiania,
1826 1815 2910 1873 Genf, Kopenhagen, London, Madrid, Mailand, Minneapolis,
1815 1862 2911 1924 New-Vork, Paris, Rom, San Francisco, Stockholm, St. Peters¬
2217 1896 2509 1953 burg, Toronto.
2163 1937 2558 2000 (Quellenangabe ohne Gewühr.)
1819 2000 2229 2083 Ausschnitt aus
2023 1987 2872 2109 Ostert. Volks Zeitung, Wien
1840 2095 2458 2210 vom: 1. PEu teIr
1890 2172 2588 2302 allerding##nie sehr zuverlässig geweict
2025 2235 2896 2315 Die meist aufgeführten VDichter und
1884 2275 2889 2364 Komponisten auf den deutschen Bühnen waren im
1891 2345 2889 2408 Jahre 1910: Richard Wagner mit 1994 Abenden,
1893 2391 2883 2475 Verdi 724, Puccini 776, Lortzing 681,
1896 2419 2889 2509 Mozart 500, Weber 316, Mascagni 258,
1898 2481 2890 2556 Meyerbeer 215, Beethoven 191. Von
1900 2527 2889 2622 Operettenkomponisten hält Fall den Rekord mit
1898 2574 2897 2665 3889 Vorstellungen in einem Jahre! Lehar 2200,
1905 2633 2894 2712 Johann Strauß 1305, Georg Jarno, der Kom¬
1906 2672 2901 2759 ponist der Tuchbinderschen Operetten, 1217, Oskar
1911 2720 2907 2817 Straus 748, Offenbach 578. — Im rezitierenden
1907 2767 2907 2847 Drama steht Schiller mit 1909 Vorstellungen an
1918 2819 2913 2906 der Spitze. Dann folgt Sudermann 1026, Shake¬
1929 2879 2900 2955 speare 961, Kabelburg 957, Bahr 850,
1917 2927 2904 3007 Schönthan 784, Blumenthal 723.
1915 2958 2904 3062 JIbsen 725, Goethe kommt an neunter Stelle mit
1922 3009 2901 3112 589 Abenden, dann folgen Hauptmann mit 579,
1925 3070 2900 3156 [Björnson 465, L'Arronge 437. Anzen¬
1923 3104 2900 3206 sgruber 369 Abende. Gustav v. Moser 353,
1918 3144 2913 3252 [Lessing nur mit 317 und Schnptl-307. Von
1927 3207 2923 3290 den übrigen die bedeutendsten: Hebihek Restroy!
1935 3258 2915 3342 151, Sarbou 154, Shaw 186, Benedix 193,
1933 3300 2916 3379 die Birch=Pfeiffer 238, Fulda 223, Gustah
1928 3346 2923 3443 [Freytag 153, Halbe 177, Heyse 109, Kleist
1937 3394 2933 3485 214, Wildenbruch 459, Schönherr 78. Schön=
1933 3443 2938 3530 herrs Rekord wird sich im Jahre 1911 wesentlich ver¬
1911 3498 2930 3592 1bessern, da „Glaube und Heimat“ alle Bühnen erobert.
2460 3546 2679 3636 SR
3050 4063 3100 4117 anür
