3344 4352
818 252 1325 365 box 37/4
152 271 801 390 2. Cuttings
1529 628 1655 718 484
1615 679 2805 779 Gelegenheit, so noch neulich gegen das geliebte Hamburg
391 715 1594 798 Wedekind Christen (nebenbei bemerkt, das ist nicht nur
1601 762 2798 843 Heines, heraufbeschwört, und seine Mitarbeiter sind eben Jnden
387 783 1607 887 Irreleitung, sondern auch geschmacklos, der Unterschied ist
1611 814 2810 897 und Judengenossen. Ludwig Thoma hat zwar auch deutsche
396 852 1598 926 Jude und Deutscher, nicht Jnde und Christ, das Deutschtum
1601 875 2815 952 Züge, aber die Art, wie er beispielsweise den denunzierenden
385 906 1590 985 der „Staatsbürger israelitischer Konsession“ ist nach allem,
1601 930 2812 1006 Otto Wasner in seiner „Moral“ äußerlich zum Germanen prägt
381 955 1593 1048 was vorgefallen, nicht mehr zu retten) — nun, ich bin nicht
1604 989 2789 1054 (man erinnert sich an das „Klagelied des altteutschen Jünglings“
383 1024 1598 1113 ganz sicher, ob nicht doch jüdisches Blut, vielleicht ihnen
1607 1046 2815 1122 bei Heine) beweist klar, daß er allmählich für unser Volkstum
397 1063 1606 1161 selbst unbewußt, in ihnen mitwirkt, zum Teil sprechen ja
1597 1103 2799 1178 vollständig verloren ist, Roda=Roda ist, wie sein charakte¬
387 1125 1596 1227 selbst die Namen (der bekannte englische Schauspieler
1602 1161 2814 1226 ristisches Antlitz zeigt, unzweiselhaft Semit. Thomas Mann,
399 1187 1601 1263 Beerboom=Tree ist Jude) nicht dagegen. Wir dürfen nicht
1610 1217 2821 1290 der frühere Redakteur des „Simplicissimus“, hat mir den
395 1255 1607 1325 vergessen, daß wir in Deutschland, leider, leider,
1611 1274 2822 1361 jüdischen Einschlag zwar direkt bestritten und nur einen
382 1299 1612 1388 ziemlich viele deutsch=jüdische Mischungen haben. Aber,
1615 1327 2806 1405 kreolischen zugegeben. Aber die natürliche Wahlverwandt¬
388 1356 1611 1449 wären die drei auch Germanen, Hofmannsthal,
1624 1388 2809 1468 schaft beweisen doch seine Parteinahme für das Halbjudentum
399 1431 1602 1508 Wassermann usw. sind Jnden. Von den Frauen,
1620 1454 2819 1515 den alteingesessenen deutschen Buddenbrooks gegenüber und
387 1471 1602 1554 die dann angeführt werden, ist mir Marie Madeleine
1608 1493 2814 1586 seine Ehe, ganz abgesehen davon, daß ich an „Kreolinnen“.
393 1529 1614 1607 stets als Jüdin genannt worden, Gabriele Reuter gehört
1608 1577 2819 1644 eigentlich nicht mehr recht glaube, seitdem man mir hier
400 1593 1615 1671 doch nicht in diesen Zusammenhang, wohl aber wären noch
1614 1623 2825 1690 in Weimar einmal die Gattin des Literaturhistorikers
393 1652 1604 1722 Ernst Rosmer (Elsa Bernstein) Marie Eugenie della Grazie,
1623 1685 2828 1753 R. M. Meyer als Kreolin gezeigt hat. Also bleiben wir
391 1724 1608 1778 Juliane Dery, Else Lasker=Schüler und einige andere zu
1614 1727 2831 1809 beim „jüdischen“ Simplicissimus! Stark jüdisch ist auch die
396 1758 1602 1845 nennen gewesen, die doch zum Teil entschieden die De¬
1626 1806 2825 1878 „Jugend“, die zwei jüdische Redakteure hat, und weiter stehen
412 1815 1605 1901 cadence repräsentieren — selbst Ilse Frapan gehört mit
1626 1865 2825 1926 von allen deutschen liberalen Zeitungen die „Münchener
409 1876 1606 1966 einigen ihrer Werke hierher. Daß München die ausge¬
1624 1907 2826 1982 Neuesten Nachrichten“ dem Judentum wohl am nächsten. So
400 1935 1609 2028 prägte Neigung zur Deradence und Bohéme=Wirtschaft zeigt,
1620 1968 2828 2054 ist es doch nichts mit dem judenfreien und trotzdem dekadenten
406 1995 1619 2081 führe ich wesentlich mit auf jüdische Einflüsse zurück: die
1613 2024 2821 2104 München. Ich könnte hier nun gleich eine Abhandlung
405 2056 1611 2137 Juden sind dort ziemlich mächtig, wie es die Unterschriften
1627 2071 2823 2161 über die deutschen Zeitungen und Zeitschriften überhaupt
406 2108 1612 2209 unter einem Aufruf zu Gunsten einer Veranstaltung für ein
1630 2147 2829 2219 und ihr Verhältnis zum Judentum anschließen, aber man
401 2165 1616 2255 Heine=Denkmal, den ich in meinen „Heinegenossen“,
1619 2207 2830 2290 wird mir ohne weiteres glauben, daß ich mich da notgedrungen
411 2228 1622 2300 2. Aufl., veröffentlicht habe, zeigen: Max Monheim,
1618 2255 2824 2335 gut orientiert habe. Man kann es schon, wenn man die
413 2289 1607 2358 Lion Feuchtwanger als Präsidium des Vereins Phöbus,
1626 2316 2828 2414 Inhaltsangaben der Zeitschriften in Blättern wie dem
408 2340 1619 2416 dann Kommerzienrat Dr. Martin Arendt, Justizrat Max
1626 2371 2600 2467 „Literarischen Zentralblatt“ regelmäßig verfolgt.
413 2393 1625 2470 Bernstein, Oberbürgermeister Dr. Casselmann, Prof. Anton
1716 2411 2833 2511 Die Verjudung der Kritik und die Schwächen der
412 2433 1639 2537 Fuchs, Emil Gutmann, Abgeordneter Dr. J. Goldschmidt,
1626 2482 2826 2576 jüdischen Kritik werden in der „Kölnischen Zig.“ loyal zu¬
406 2516 1612 2579 Prof. Hugo von Habermann, Schriftsteller Korfiz Holm,
1626 2540 2831 2638 gegeben, nur meint sie dann wieder, daß doch die Kritik
408 2565 1614 2651 Prof Max Manuel, Generalintendant Ernst von Possart,
1626 2607 2828 2685 nicht die moderne Literatur geschaffen habe, und daß die
408 2617 1607 2690 Oberregisseur Siegfried Raabe, Direktor Rudolf Rosa,
1641 2666 2831 2744 schaffenden Künstler überwiegend „Christen“, übrigens auch
407 2683 1604 2774 Direktor J. G. Stolberg, um nur einige „verdächtige“
1632 2729 2831 2809 sympathische Juden wie Schnitzler unter ihnen seien.
414 2739 1626 2826 Namen zu nennen. Auch Schriftsteller Thomas Mann
1637 2778 2828 2859 Gewiß hat die Kritik die moderne Literatur nicht geschaffen,
408 2806 1620 2873 und Schriftsteller Alexander Roda=Roda stehen unter dem
1634 2839 2834 2912 aber sie ist ihr, wie seit Lessings Tagen jeder neuen Richtung,
417 2852 1620 2945 Aufruf, und das führt uns zum „Simplicissimus“, dem in der
1635 2888 2829 2972 vorangegangen und dann hat sie im großen Ganzen die
415 2930 1629 2997 „Köln. Ztg.“ der jüdische Charakter abgesprochen wird. Um
1632 2951 2828 3023 Geltung und den Erfolg der schaffenden Künstler bestimmt,
422 2969 1624 3052 Gottes willen! Der Verleger des „Simplicissimus“ ist
1633 3011 2830 3091 in diesem Falle nicht eben zum Heil unseres Volkstums;
421 3032 1617 3096 Albert Langen, den der bekannte Karl Paasch, für mich
1622 3069 2839 3150 denn nicht nur sind ausländische Größen wie Zola, Ibsen,
420 3083 1620 3173 allerdings keine absolute Autorität, aus persönlicher Bekannt¬
1637 3138 2848 3195 Tolstoi, selbst untergeordnetere und dekadente Größen wie
424 3147 1623 3223 schaft als Juden geschildert hat, und der eigentliche In¬
1634 3183 2831 3259 Wilde, D'Annunzio, Shaw, Heyermans, Gorjki weit besser
422 3215 1631 3280 spirator, geistige Schöpfer des Blattes war kein anderer als
1633 3237 2835 3307 weggekommen als unsere einheimischen Talente, auch die
425 3258 1625 3328 der jüdische Maler und Zeichner Th. Th. Heine, der meiner
1635 3301 2829 3373 Abstufung bei diesen ist selten nach den Grundsätzen der
417 3315 1623 3390 Ansicht nach dem deutschen Leben nicht viel weniger schädlich
1643 3355 2840 3438 Gerechtigkeit, sondern mehr nach der Stellung der Einzelnen
425 3380 1625 3456 und gefährlich geworden ist als sein Namensvetter, der
1642 3430 2832 3496 zum Judentum erfolgt. Ferner ist auch die Zahl der zur
430 3434 1633 3510 Dichter. Ich entsinne mich wohl, wie mir einst in der
1640 3470 2833 3550 Anerkennung gebrachten jüdischen Talente weit größer, als
416 3500 1621 3567 Bibliothek Ferdinand Avenarius' ein Band Heinescher Sim¬
1644 3522 2837 3609 es die Angaben in der „Kölnischen Ztg.“ vermuten lassen.
414 3551 1626 3630 plicissimus=Zeichnungen in die Hände fiel und wie ich wahr¬
1627 3577 2832 3649 Man wird nicht behaupten wollen, daß ich ein jüdisches
425 3607 1634 3671 haft erschrak über die ätzende Schärfe und das tödliche Gift,
1636 3642 2833 3737 Talent anders als notgedrungen in meine literaturgeschicht¬
419 3665 1619 3743 das in diesen steckt und in Deutschland leider zu spät er¬
1630 3704 2830 3779 lichen Werke aufnehme — in der neuesten Auflage
418 3723 1626 3802 kannt worden ist. Da wir nun aber diese Schärfe und dieses
1641 3759 2817 3844 meines „Handbuches zur Geschichte der deutschen Literatur“.
423 3795 1637 3859 Gift schon von Heinrich Heine her als jüdisch kennen, so
1647 3813 2838 3896 habe ich nun unter etwa 350 Dichtern der Moderne
431 3847 1624 3920 wollen wir uns auch durch die Redensart, daß dem „Sim¬
1629 3868 2832 3958 doch etwa 70 Juden verzeichnen müssen, das sind
427 3899 1626 3976 plicissimus“ das besondere Gepräge des jüdischen Witzes
1640 3925 2831 4018 rund 20 v. H., obgleich die Juden unter der
433 3964 1638 4032 (es wird hier wohl an die harmlosere kalauernde Abart
1639 3990 2827 4063 Bevölkerung Deutschlands nur reichlich 1 v. H. ausmachen.
434 4014 1633 4085 gedacht) und der jüdischen Kritik fehle, nicht irre machen
1651 4042 2839 4129 Nimmt man nun noch dazu, daß diese dichtenden Juden in
424 4073 1629 4146 lassen. Nein, das Blatt steht unter dem frechsten und gistigsten
431 4098 2842 4191 Geiste des seligen Heinrich Heine, den es auch bei jeder] der Regel dekadente Virtnosen oder reine Geschäftstalente sind,
2997 1847 3072 1921 800
