3436 4352
1258 514 2113 694 Monatliche Beilage
1609 662 1710 737 für
558 871 2009 971 Literatur und Wi
1998 724 2753 984 ssenschaft
1118 990 2168 1125 „Mannheimer General=Anzeiger“
876 1122 2383 1299 „Badische Neueste Nachrichten“
2636 1323 2865 1401 1911.
1559 1329 1750 1414 Mai
446 1335 713 1414 Nr. 5.
409 1432 2906 1491 Inhalt: Dr. Erich Sieburg (Herne): Artbur Schnitzler. — Paula Schneidweiler (Mannheim): Moderne deutsche Lyrik. — Prof. Th. H.: Von
1019 1483 2905 1518 W. P. Schleiermacher: Der Philosoph des Glaubens. — Rundschau: Theologie, Philosophie) Musik, Theater,
578 1479 1035 1538 Kunst und Künstlern. —
585 1521 2906 1561 Deutsche Literatur, Neuigkeiten für Bücherfreunde, Ausländische Literatur und Sprache, Neue Romane, Zeitschriften, Schundliteratur
573 1558 946 1610 und Volksbildung.
1675 1630 2910 1714 zu sein. Darin war ihm nur ein großer Erfolg beschieden. Sein
738 1666 1328 1773 Artur Schnitzler,
1665 1693 2915 1767 1895 zuerst aufgeführtes Schauspiel „Liebelei“ wird auf der Bühne
420 1697 536 1779 1#
1681 1745 2906 1808 fortleben, wenn der „Anatol“ längst einer unverdienten Ver¬
413 1743 1660 1841 * Artur Schnitzler ist der Dichter der melancholischen Skepsis.
1671 1783 2912 1858 gessenheit anheimgefallen ist. In der „Liebelei“ gibt Schnitzler
411 1803 1658 1890 Oesterreichs stagnierendes politisches Leben, Wiens altehrwür¬
1666 1834 2916 1901 etwas spezifisch Wienerisches, aber dieses Trauerspiel des Mädels
405 1865 1667 1936 dige, aber mit Raffinements gesättigte Kultur, dis der Genußfä¬
1673 1876 2917 1947 aus dem Volke, das sich von dem einer höheren Kaste angehörenden
421 1919 1665 1972 higkeit, nicht der Tatkraft seiner Bewohner zugute kommt, viel¬
1675 1919 2919 1992 jungen Manne geliebt wähnt, nachdem er aber einer vornehmen
411 1971 1667 2025 leicht auch ein aus Schnitzlers Herkommen resultierender semiti¬
1666 1978 2919 2034 Dame wegen im Duell gefallen ist, erfahren muß, daß sie ihm
410 2012 1655 2086 scher Einschlag, das alles machte ihm zum Dichter der Lebens¬
1669 2018 2907 2088 nichts war, gut genug höchstens für eine flüchtige Liebelei, und an
416 2060 1663 2119 freude, die immer in der verdrossenen Frage endet, wozu das
1665 2067 2919 2136 dieser Enttäuschung zu Grunde geht, diese Geschichte versteht man
411 2098 1661 2153 alles? Das verdarb ihm den Geschmack und auch wohl den rich¬
1674 2127 2921 2184 auch, ohne von Wiener Leichtsinn und Sentimentalität etwas Be¬
414 2143 1659 2204 #tigen Chick für die normale bürgerliche Ehe, sodaß er die Bezie¬
1671 2151 2908 2233 sonderes zu wissen. Schnitzlers spätere Probleme, die in ihren
409 2187 1657 2268 hungen zwischen Mann und Weib fast nur vom Standpunkt des
1672 2207 2910 2271 technischen Ausführungen gewissenhafte Arbeit und strenge Selbst¬
407 2246 1657 2315 sogenannten Verhältnisses aus betrachtet, das bringt ihn endlich
1674 2249 2925 2319 kritik nie verleugnen, sind, wie etwa das der reizvollen Künstler¬
414 2292 1659 2352 zum Zweifel an Wert und Wirklichkeit des Daseins überhaupt,
1670 2303 2927 2372 komödie „Zwischenspiel“ nicht greifbar genug, mitunter auch zu
413 2339 1667 2407 und Shakespeares Work: „Das Lehen ist ein wandelnder Schatlen
1671 2344 2918 2413 erkfügelt, um Dauererfolge zu erzielen. So bielel auch das Ver¬
404 2376 1664 2460 mur, ein armer Spieler, der auf der Bühn' sein Stündchen
1673 2391 2921 2465 ständnis seines großzügigsten Werkes des Renaissancedramas
407 2425 1663 2504 prahlt und lobt und dann nicht mehr gehört wird,“ gäbe ein pas¬
1672 2438 2923 2511 „der Schleier der Beatrice“ mancherlei Schwierigkeiten. Auf die
415 2470 1665 2543 sendes Motto für die meisten seiner Dichtungen. Sicher ist am
1672 2494 2910 2553 Renaissance sah sich Schnitzler als Dichter des Wien von heute,
414 2530 1664 2587 Ende nur: daß wir leben und einmal sterben müssen. Um Leben
1673 2528 2917 2600 von dem vieles hinübergreift auf das Florenz oder Bologna des
407 2567 1664 2632 und Tod bewegt sich Schnitzlers Schaffen. Den Beginn freilich
1670 2577 2917 2639 16. Jahrhunderts, bei der Wahl eines geschichtlichen Stoffes na¬
412 2613 1668 2678 bezeichnet die graziöse Leichtigkeit der sieben Einakter des „Ana¬
1677 2620 2915 2691 turgemäß verwiesen. Im Zeitkolorit ist das Stück von bewun¬
407 2660 1663 2719 tol“, der aber, wie Schnitzlers Freund, Hugo von Hofmannsthal,
1663 2664 2907 2745 dernswerter Echtheit, aber die Art jener Beatrice Nardi, die in
411 2712 1664 2769 in der Vorrede sich ausdrückt, kaum etwas anders gibt als „böser
1671 2706 2916 2800 einer Nacht die Geliebte eines Dichters, die Gemahlin eines Her¬
421 2755 1669 2817 Dinge hübsche Formeln“. Sehr hübsche Formeln. Aus dem Stil
1673 2755 2916 2838 zogs, die Braut eines Handwerkers ist und alle zum Narren
422 2800 1663 2858 dieses Erstlingswerkes spricht eine erlesene Wortkunst, in selbstver¬
1669 2812 2917 2884 hält, um zuletzt an einem Dolchstoß zu sterben, und in der Schnitz¬
408 2848 1667 2910 ständlicher Nonchalance gleitet Rede und Gegenrede dahin, ohne
1672 2856 2916 2935 ler wohl den Geist jener Zeit in seiner Schönheit, Wandelbarkeit
420 2891 1664 2959 ein Zuviel, ohne Gemeinplatz und geistvoll auch im Gewöhnlichen.
1671 2897 2913 2992 und seinem Lebenshunger darstellen wollte, diese Art kann man
406 2941 1666 3023 Anatol ist der philosophierende Lebemann, seine erotischen Ge¬
1661 2953 2907 3034 eben nur auf Treu und Glauben hinnehmen; sie überzeugt nicht.
411 2995 1664 3064 nüsse und Abenteuer hinterlassen getäuschte Hoffnungen, Schmer¬
1661 3005 2912 3090 In einem zweiten historischen Stück dagegen, dem Einakter „Der
417 3034 1659 3097 zen und einen Rest jener nach Dauer im Wechsel tastenden Sehn¬
1664 3037 2917 3114 grüne Kakadu“, gibt er ein Vorspiel zur französischen Revo¬
420 3085 1658 3152 sucht des besser gearteten Menschen. Und wenn somit in den Ge¬
1670 3099 2908 3163 lution von packender Gewalt. Wieder handelt es sich um das Le¬
422 3127 1664 3195 sprächen zwischen Anatol, seinem blasierten Freunde Max und der
1672 3143 2911 3211 ben und seine Wirklichkeit, die den in frivolem Schein tändelnden
422 3174 1657 3247 jeweiligen Geliebten, sei es eine Frau der Gesellschaft, eine Schau¬
1669 3178 2916 3250 Aristokraten des Paris von 1789 im Weinkeller des ehemaligen
413 3223 1666 3293 spielerin oder ein süßes Mädel aus der Vorstadt, wenn darin die
1677 3226 2909 3312 Schauspieldirektors Prospere auf's surchtbarste zum Bewußtsein
420 3265 1664 3342 Tatsachen an sich auch weiter nichts bedeuten als die herkömmlichen
1672 3267 2920 3365 gebracht wird. Die blasierten Damen und Herren finden einen
408 3325 1665 3383 Banalitäten der Liebe, die Melancholie der Unzufriedenheit, die
1675 3327 2925 3401 ästhetischen Kitzel darin, sich das Elend des armen Volkes von den
412 3361 1663 3431 über dem Buche liegt, erhebt es hoch über die Chambre=separée¬
1673 3375 2917 3442 Schauspielern Prospères vorspielen zu lassen und sich ungefährdet
422 3410 1666 3479 Erinnerungen verwandter Art und empfiehlt es für stille Stun¬
1674 3409 2918 3498 zwischen Gaunern und Strolchen zu bewegen. Einer von diesen
413 3452 1667 3521 den. Allerdings setzt es einen gewissen Grad des weltmännischen
1674 3466 2918 3554 jedoch macht das Spiel zur Wirklichkeit, indem er einen Herzog
415 3496 1669 3571 Empfindens veraus, über das Schnitzler selbst verfügt. Diese
1677 3517 2921 3591 ersticht, der ihm die Frau verführte. Zugleich dringen die Ba¬
407 3555 1664 3628 seine chevalereske Art zu denken, seine Diskretion im Heikelsten,
1674 3560 2922 3653 stillenstürmer in den Kelier. Mit dem alten Frankreich, dem
416 3599 1672 3666 berechtigen ihn, ein Buch wie den „Reigen“ zu schreiben, eine an
1675 3608 2909 3680 alten Europa ist es vorbei. Die wuchtige Gedrungenheit dieses
422 3641 1666 3721 zehn Menschenpaaren illustrierte Physiologie der Liebe in Dialog¬
1675 3648 2910 3734 in seinen Kontrasten genial gegebenen Stücks Geschichte hat
408 3689 1673 3779 form, die, um einen Ausdruck Hebbels zu gebrauchen, den letzten
1682 3691 2922 3772 Schnitzler nicht wieder ereicht. Das Nachdenkliche überwog fortan
409 3731 1666 3807 zwischen den Geschlechtern angängigen Prozeß behandelt. Selten
1665 3740 2916 3813 l bei ihm. Mit dem den Kunstdünkel gewisser Literatenkreise per¬
422 3777 1670 3853 sind über die Nachtseiten menschlichen Trieblebens treffendere
1675 3785 2918 3868 siflierenden Schwank „Literatur“ tat er noch einmal einen lustig
425 3828 1670 3899 Worte gesprochen worden. Der wissenschaftlich beobachtende
1677 3823 2927 3918 flotten Wurf, in den anderen drei Stücken des Einakterzyklus
422 3874 1669 3949 Arzt und der die Seele durchschauende Dichter vereinigen sich hier,
1683 3876 2918 3968 „Lebendige Stunden“, die 1901 mit Ehren aufgeführt wurden,
420 3918 1670 3982 letzte Erkenntnisse zu fördern, nicht aber durch Pilanterie zu un¬
1676 3927 2914 4005 vertiefte sich der melancholische Humor Anatols zur Trauer, und
416 3966 1676 4035 terhalten. Daß sich das zunächst nur für Schnitzlers engeren
1680 3978 2924 4059 die Frage: Wozu das alles? wird zur resignierten Klage. „Wie
419 4011 1670 4101 Freundeskreis bestimmte Buch an reise Menschen wendet, versteht
428 4016 2924 4151 sich von selbst, es ist überhaupt nicht Schnitzlers Manier, populärj armselig sind doch die Leute, die auch morgen noch leben müssen.“
