3296 4352
141 140 655 218 — aber es ist auch seine
57 167 648 250 rtrefflichste Erzähler, der
60 232 641 297 e Beobachter physischer und
68 266 647 338 Vorgänge. Aber Seelisches,
68 315 647 374 wird man bei ihm nicht
69 357 641 420 ufhin Maupassants Dar¬
76 385 645 456 uenporträts. Liebe ist ihm
68 441 644 506 oment, und wie ihm das
72 484 528 544 ist, so sieht er in der ##
554 551 3044 660 zu verspüren. Auch der Autor des „Anatol“ lächelt — aber Betrachtung feelischer Zustände. Man könnte geradezu sagen,
72 579 564 665 ehrte oder Begehrende,
1790 576 3036 663 wie Maupassant durch seine Krankheit immer wieder zur Be¬
562 628 1798 694 ganz anders als Maupassant, immer sehr wehmütig und
74 642 563 707 fisch und unberechenbar
1798 635 3034 712 trachtung des Erotischen geführt werde, so zwinge den öster¬
568 651 1799 731 manchmal recht bitter. Man hat im allgemeinen viel
92 685 566 741 unerhört reich in der
1803 672 3048 753 reichischen Dichter seine seelische Zerrissenheit immer wieder
561 709 1785 773 zu einseitig auf die ironischen Töne in diesen Szenen ge¬
64 721 550 783 iedenheiten der Frau —
1796 733 2463 814 zum Ergründen des Psychischen.
71 750 1792 817 er bietet. Hier hat selbst lauscht, hat sein Urteil zu sehr auf die beiden völligen
1847 743 3040 835 Zu solchem seelischen Mehr scheint mir bei Schnitzler noch
567 793 1794 875 Satyrspiele „Abschiedssouper" und „Hochzeitsmorgen“ ba¬
71 803 567 866 gegen Maupassant er¬
1793 800 3039 877 ein anderes zu kommen. Er beginnt allmählich ein Gebiet zu
577 817 1785 890 siert. Und doch ist schon reichlich viel Tragik in diesem
77 843 564 910 keine Gestalt, welche die
1794 837 3039 912 erobern, das der Franzose nie betreten hat. Ich hielt es in
562 880 1798 933 Erstlingswerk angehäuft. Anatol ist erfüllt von all
65 888 548 946 lechtes ausschöpfte...
1797 880 3046 949 dieser Vergleichung für unangebracht, den Dramatiker
562 927 1801 978 dem Lebenssehnen seines jungen Dichters und belastet
77 935 560 995 dem man auf Tod und
1812 919 3039 1004 Schnitzler gegen den Novellisten Maupassant auszuspielen, weil
570 956 1796 1017 mit all der Grübelei, all dem zerfasernden Beobachten
81 975 555 1040 t, dem gegenüber das
1803 965 3030 1039 sich im letzten Grunde Schnitzlers Dramen nicht gar so weit
570 1005 1797 1059 des eigenen Selbst und seiner Umgebung, die auf Schnitzler
1798 991 3040 1089 von mehr novellistischem Gestalten entfernen. Ich habe es
76 1006 562 1071 wird, dem gegenüber
572 1040 1793 1101 selber drücken. Anatol ist ein gequälter glückloser Glücksucher,
1911 1053 3045 1111 — vielleicht zu Unrecht — unterlassen, neben den Gegen¬
65 1056 566 1115 ehens und Empfindens
1808 1070 1924 1123 auch
565 1074 1795 1144 der eigentlich bei den einzelnen Frauen, die ihn nicht dauernd
1809 1089 3054 1159 wartsdichtern Maupassant und Schnitzler den Märchendichter:
84 1092 567 1164 die so ganz den Kern
565 1121 1801 1183 zu beglücken vermögen, kleine Tragödien erlebt — und diese
1806 1133 3060 1198 Schnitzler zu nennen; denn schließlich findet sich auch in den
78 1136 561 1201 durch anfechtbarste Lob¬
560 1154 1793 1239 Trauerspiele sind nur ins Tragikomische abgebogen, weil der
1800 1167 3052 1253 Märchen des Oesterreichers die freilich groß gesehene und von
112 1181 568 1246 der Biograph nicht
564 1199 1803 1274 junge Schnitzler noch nicht den Mut seiner eigenen Tragik hat
91 1213 571 1285 Vielen. Einen beson¬
1796 1212 3059 1287 allem Tagesgetriebe befreite Gegenwart. Aber es scheint doch,
577 1249 1795 1312 und deshalb in eine Art romantischer Ironie flüchtet, indem
1811 1272 3047 1330 als stecke in diesem vielleicht reichsten Dichter des Heute auch
127 1261 566 1330 Novellist erworben
565 1288 1801 1348 er dem Schwärmer Anatol den robusteren kälteren Freund
1802 1298 3035 1370 ein historischer Gestalter. Man atmet im „Grünen Kakadu“
114 1312 557 1369 den Namen eines
564 1323 1803 1397 Max beigesellt sodann auch, indem er einen Teil seines
1802 1324 3054 1412 wahrhaft die Luft der französischen Revolution, und im
73 1333 562 1413 nt durch die tragischen
575 1367 1793 1431 Wesens, das Weiche, Verschleiernde der Wiener Gemütsart.
1806 1382 3048 1459 „Jungen Medardus“, der als dramatische Ballade einiger¬
87 1397 560 1450 Geistes handeln. Hier
565 1420 1180 1488 in den Vordergrund drängt.
1813 1417 3052 1491 maßen mißlungenen Schöpfung, steht die österreichische Haupt¬
70 1432 571 1501 ersten Verfeinerung, die
615 1431 1806 1498 Und schon zwei Jahre nach diesem Erstling zeigt es sich
1805 1461 3060 1548 stadt von 1809 mit staunenswerter Deutlichkeit vor den Augen
76 1472 571 1538 Darstellungskunst; und
569 1491 1811 1553 evident, daß Schnitzler mehr zu geben hat, als die Schilderungs¬
1822 1501 3061 1566 ## Lesers. Vielleicht ist Schnitzlers „Weg ins Freie“ — ich
74 1513 564 1582 aus dem Stoffe selber
564 1530 1809 1605 kunst des Franzosen und die Stimmungskunst des Wieners.
1817 1543 3054 1618 meine den Weg aus der Enge des Allzuindividuellen — der
76 1560 559 1619 er Deutsche nun einmal
570 1580 1806 1646 Im „Sterben“ findet er zum erstenmal sein mächtigstes,
1813 1571 3064 1663 Weg ins Historische. Man sollte sich hüten, diesen rastlos
92 1604 566 1663 Doch man betrachte
568 1614 1816 1681 das Todesmotiv. Einer wird vorwärts gepeitscht von
110 1643 571 1711 ist das Wahngebilde
1808 1633 3059 1709 Strebenden durch ein spöttisches Schlag= oder nur scheinbar
572 1660 1814 1727 der sicheren Nähe des Todes. Das wird nun für die Tragik
81 1685 579 1751 hes und doch seiendes,
1817 1676 2761 1768 ehrendes Vergleichswort zu kennzeichnen.
576 1702 1809 1766 und Größe des Schnitzlerschen Schaffens bestimmend. Er ist
74 1723 576 1794 des zweites Ich. Der
569 1744 1809 1811 Arzt und sieht viele Menschen sterben: der Gedanke an das
78 1762 574 1834 ist des Leidenden, „Er“
570 1782 1816 1862 Nachher — denn weder Glaube noch Wissenschaft geben ihm
71 1812 573 1874 eiben, „Er“ trinkt, wäh¬
559 1830 1808 1893 zuverlässige Auskunft — ersüllt ihn mit neuen Schauern.
88 1849 577 1911 Milchflaschen leer, „Er“
574 1877 1814 1935 „Warum reden Sie vom Sterben?“ heißt es im „Einsamen
86 1894 575 1954 Spiegelglas, so daß kein
566 1910 1820 1967 Weg“ und die Antwort lautet: „Gibt es einen anständigen,
70 1935 579 2000 u vernichten, zündet der
568 1955 1822 2028 Menschen, der in irgend einer guten Stunde an etwas anderes
82 1973 575 2033 hn“ mit vieler List ein¬
575 2008 748 2073 denkt?“
81 2015 586 2077 ie kann ein wesenloses
625 2019 1818 2119 Wer so vom immer gegenwärtigen Todesgedanken gepackt
93 2053 586 2110 Und so wird denn der
567 2074 1819 2145 ist, für den gibt es kein heiteres und lässiges Erfassen des
86 2100 585 2163 apitulieren, wird Hand
91 2116 1816 2197 rschütternd meisterhafte Lebens, er muß krampfhaft dem heißesten völligen Lebensgenuß
94 2153 1831 2236 Wahnes — aber es ist zustreben, dem gänzlichen Erwerb des einzigen ihm sicheren
577 2199 1819 2267 Besitzes. Schnitzler tut das und sieht sich im wirklichen Ge¬
89 2222 578 2293 Kein ärztlicher Bericht¬
1816 2223 1909 2297 se
580 2229 1828 2310 nießen doppelt gehemmt. Aus dieser Aufpeitschung, diesen
75 2266 571 2334 oll in so wundervolles
576 2285 1830 2350 Hemmungen ergibt sich die nicht Wienerische, nicht Mau¬
72 2304 574 2371 end gestalten, aber im
580 2342 1822 2392 passantsche, sondern schlechthin Schnitzlersche Tragik einer
72 2346 578 2421 elle doch nur ein Krank¬
76 2367 1828 2455 hter eine Anstrengung, Reihe tiefer Schöpfungen, denen jene eingangs genannten
81 2412 1449 2492 kommen; aber sie bleibt Schlagworte nicht entfernt gerecht werden.
630 2441 1832 2528 Was den Dichter vom Lebensgenusse fernhält, ist einmal
79 2468 590 2542 Klage über die Plump¬
581 2504 1824 2565 dies. Der scheinbar sichere Besitz des Lebens, des bewußt er¬
86 2516 526 2582 nSchlußgebanken. d
78 2539 1831 2624 ufe nach dem Menschen lebenden Ichs erscheint ihm gar nicht als etwas so unbedingt
578 2581 1836 2645 Sicheres. Schnitzler, der moderne Arzt und Naturforscher,
90 2604 585 2658 Aber worin zeigt sich
578 2628 1839 2696 hat auch an dem zweifeln gelernt, was einfachere Naturen für
90 2642 589 2701 ur in ebenso unsinnigen
585 2667 1824 2738 sicher hinnehmen. So beunruhigen ihn die Seltsamkeiten der
87 2686 582 2738 em es den von ihm Be¬
581 2702 1839 2776 Hypnose, die einen Menschen zu einer ganz anderen Persön¬
90 2720 582 2786 Wasserflasche leert sein
578 2770 1838 2816 lichkeit machen kann. Und noch merkwürdiger fast als solch
96 2754 579 2832 st Mahns Urteil charak¬
575 2793 1842 2863 ein hypnotischer Traum erscheint ihm das Träumen im natür¬
98 2807 578 2872 Es heißt von dieser
585 2838 1840 2900 lichen Schlaf. Da werden Schicksale durchlebt, werden
91 2847 584 2904 wird dies Wahngebilde
594 2875 1830 2940 Wünsche rege, die dem Wachen durchaus fremd sind. Und wo
83 2890 588 2956 eht mit dem einen Bein
585 2919 1809 2983 ist nun wahre Natur, wahres Leben, wo ist die Wahrheit —
83 2933 585 2999 rster Menschenmöglich¬
579 2962 1830 3025 im Wachen oder Träumen? Und wo ist die Grenze zwischen
94 2981 586 3036 anderen mitten im er¬
589 2996 1842 3068 Traum und Wachen, und welche Weltleitung schafft solche
86 3022 585 3082 die der Kausalität ent¬
591 3044 1843 3108 Wirrnis, und welch ein seiner selbst unbewußter Spielball in
90 3060 588 3119 ß dem Künstler taugen,
590 3085 1842 3164 fremder Hand ist der einzelne? Gewiß, hier streift Schnitzler
89 3105 588 3165 nschheit hinaus zu deu¬
599 3126 1841 3194 an das Psychiatrische, als dessen Meister sich Maupassant er¬
119 3142 587 3205 Mensch, war ein sehr
593 3162 1838 3232 wies. Aber wo Maupassaut nur die Krankheit beschreibt, da
110 3179 590 3238 nschönen Gaben, die er
593 3212 1829 3266 schildert Schnitzler das Leiden der im Dunkeln tastenden Seele,
92 3220 591 3289 hönste hinzu; er gilt als
589 3253 1838 3314 die Qual des Menschen, den so äußerste Unsicherheit an allem
88 3261 599 3331 ellen des Physischen, sie
593 3285 1829 3356 Auskosten des ersehnten Genusses hindert. Man kann diesen
89 3307 492 3362 ufwärtsentwickler. —
591 3338 1839 3400 Unterschied zwischen Schnitzler und Maupassant ganz erkennen,
163 3347 591 3409 dessen künstlerische
591 3367 1843 3451 wenn man unter dem angegebenen Gesichtspunkt den „Para¬
104 3379 599 3447 n begann, ist es nicht so
590 3408 1848 3474 celsus“ neben den „Horla“ stellt. Dort Seelisches hier Nerv¬
103 3426 593 3500 nicht so gut zu werden,
588 3442 1855 3525 liches — sicherlich zwei Kunstwerke, aber nur das Schnitzlersche
95 3474 594 3532 bedarf. Das Beiwort,
598 3498 1855 3563 ist in letzter Hinsicht mit dem vollen Ehrentitel „Dichtung“ zu
94 3507 599 3588 r Schnitzler sogleich mit
599 3530 1847 3611 belegen, einem Titel, den der Deutsche, der moderne wie der
90 3558 598 3614 Suite. Diese Gespräche
606 3579 1836 3648 unmoderne, doch wohl nur den vom Seelischen handelnden
98 3603 588 3656 sen, sie spielen aufs an¬
593 3638 1024 3700 Kunstwerken beilegt.
111 3642 601 3704 alles und bleiben doch
655 3643 1845 3725 Und das zweite das sich zwischen Schnitzlers Lebenssehn¬
95 3678 597 3743 im die ganze Schärfe im
607 3699 1846 3771 süchtige und den Genuß des Lebens drängt, trennt diesen
100 3722 595 3795 auch so verschwimmen¬
603 3744 1842 3820 Dichter noch entschiedener von Maupassant, macht ihn vielleicht
141 3764 596 3824 Und später wird sich
600 3787 1836 3840 zum geringeren Künstler, sicher zum bedeutenderen Dichter.
100 3792 596 3873 nt bei Schnitzler finden.
603 3827 1840 3893 Schnitzler ist so unfähig zu jedem starken Lebensgenuß weil
108 3848 597 3924 schen in „Frau Bertha
608 3862 1845 3941 ihm alles naive Empfinden, alle Einheitlichkeit im Lieben
145 3893 598 3946 wo der hanebüchene
604 3904 1846 3983 und Hassen versagt ist. Ohne solche kraftoolle Einheitlichkeit
88 3923 593 3986 n ihrer vollendet künst¬
609 3949 1861 4026 aber, die sich oft genuo als Einseitigkeit darstellt, die mit!
88 3970 599 4039 Den französischen Meister
606 3988 1852 4065 ruhiger Sicherheit zwischen Freund und Feind, Recht und Un¬
97 4023 599 4085 fr. so steht doch schon der
598 4023 1844 4100 recht unterscheidet, ist ein kraftvolles Zugreifen eben nicht
96 4055 604 4112 kilenfern. Hinter Mau¬
605 4063 1856 4166 denkbar. Doch gerade aus diesem Mangel erwächst die bohrende
98 4098 597 4175 ein behagliches Lächeln
204 4156 335 4217 MKEK WEE
