3344 4352
803 292 1303 399 box 37/4
127 297 739 433 2. Cuttings
1537 541 1670 654 482
1604 610 2819 714 in der deutschen Literatur hätten, als sie der Verfasser
383 638 1603 740 aber trotz der starken Betonung der Kritik von jüdischer
1610 710 2812 784 von „Judentum und Literatur“ bei uns voraussetzt. Ich
392 703 1593 804 Seite, namentlich in Berlin, hat aber doch nicht die Kritik
1609 748 2814 839 will ihm hier von vorne bis hinten und gründlich falgen
402 769 1608 858 die moderne Literatur geschaffen, und was die schaffenden
1609 816 2824 881 und zeigen, wie schlecht es um die Begründung seiner An¬
393 823 1613 934 Künstler angeht, mögen diese vielleicht auch zu laut, wie
1615 873 2749 959 schauungen bestellt ist, mögen sie auch ganz ehrlich sein.
406 873 1600 995 z. B. Hauptmann, von jüdischen Freunden angepriesen
1706 937 2819 1009 Zunächst spricht er von meiner nicht zu billigenden
392 937 1605 1031 worden sein, so waren es doch überwiegend Christen, und
1620 990 2823 1056 Schärfe gegen die Berliner Salons im Zeitalter des jungen
399 995 1608 1092 manchen unter unsern jüdischen produktiven Schriftstellern,
1616 1055 2819 1138 Deutschlands und gegen dieses selbst. Ich verstehe es natürlich
341 1054 1609 1135 „wie z. B. den Wiener Schnitzler, möchten wir wahrlich nicht
1618 1104 2824 1188 sehr gut, wenn eine liberale Zeitung für das mit dem Liberalis¬
402 1120 1606 1206 entbehren. Allein noch etwas ganz anderes, Entscheidenderes
1611 1171 2817 1253 mus intim verbundene junge Deutschland Partei nimmt,
400 1171 1618 1266 ist gegen den Standpunkt von Vartels einzuwenden, das
1616 1231 2822 1309 glaube aber, daß die scharse Kritik dieser Literaturrühtung,
399 1222 1617 1315 ist die außerordentliche Bedeutung des jüdischen Publikums
1621 1293 2830 1351 die sich schon bei ihren Zeitgenossen Friedrich Hebbel und
396 1285 1618 1377 für die deutsche Literatur christlicher Herkunst so
1621 1352 2824 1418 Otto Ludwig findet und später von Heinrich von Treitschle
403 1343 1620 1434 gut wie jüdischer. Es wäre eine große Täuschung, wenn
1624 1392 2788 1476 wieder ausgenommen worden ist, ihre Berechtigung hat —
413 1393 1620 1506 man glauben wollte, das rege literarische Leben Berlins
1632 1444 2826 1541 unbedingt verdanken wir dem jungen Dentschland den
406 1466 1618 1550 sei eine allgemeine, durch die ganze Gesellschaft gehende
1620 1522 2829 1606 oberflächlichen Feuilletonismus und die meisten Schwächen
423 1518 1627 1600 Erscheinung. Es gibt dort eine große Menge hochstehender,
1630 1559 2833 1655 unseres Zeitungswesens, das hat selbst ein Jude wie Emil
419 1574 1622 1659 hochbetitelter Persönlichkeiten, denen Theaterpremieren oder
1632 1618 2827 1701 Kuh zugegeben. Aus den Berliner jüdischen Salons im
413 1629 1619 1723 ein aufsehenerregender Roman höchst gleichgültig sind, und
1630 1690 2844 1757 besonderen ist uns Deutschen wenig Gutes gekommen:
423 1686 1621 1770 die davon trotz alles Zeitungslärms keine Kunde bekommen.
1629 1736 2832 1807 Schon, daß Friedrich Schlegel, ein von Haus aus be¬
416 1757 1631 1830 In den Provinzstädten macht sich diese Erscheinung noch
1630 1783 2848 1883 deutender Geist, dann so völlig versumpfte, ist vielleicht mit
418 1808 1628 1888 viel deutlicher geltend. Wenn nun trotzdem sich seit einer
1628 1869 2839 1931 auf jene Salon=Atmosphäre zurückzuführen, sicher ist aber,
424 1864 1636 1943 Reihe von Jahren überall das Interesse für das ernste
1628 1910 2840 1996 daß Hebbel recht hat, wenn er in seiner Besprechung des
431 1933 1629 2010 Schauspiel erheblich gesteigert hat, wenn das früher dem
1639 1974 2851 2051 Schmidt=Weißenfelsschen Rahel=Buches meint: „Es heißt
436 1976 1639 2066 Deutschen ganz fremd gewesene Kaufen belletristischer Werke
1638 2028 2844 2100 bis ins Lächerliche übertreiben, wenn man die Rahel, deren
439 2015 1638 2126 mmer mehr zugenommen hat und die Werke beliebter
1631 2085 2843 2164 pikante Begabung niemand bestreitet, zum Zentralpunkt
430 2097 1630 2168 Autoren zahlreiche Auflagen erleben, so ist das unbestreit¬
1642 2146 2843 2237 alles „schöngeistigen“ Lebens in Berlin, ja in Deutschland
438 2154 1639 2222 jar nach Beobachtungen jedes im literarischen Leben
1642 2206 2854 2278 erheben und selbst Goethes Stellung auf ihre Bemühungen
435 2210 1632 2291 tehenden Menschen zunächst dem regen Interesse der jüdischen
1638 2267 2856 2351 zurückführen will, obgleich es vollkommen richtig, aber auch
445 2272 1643 2343 kreise zu danken, die auch bei allen Gelegenheiten, wie
1642 2334 2845 2399 ebenso bekannt und begreiflich ist, daß er die Anerkennung
450 2341 1641 2410 Vorträgen literarischer Art, das Hauptkontingent stellen,
1642 2377 2845 2469 seiner olympischen= Ueberlegenheit erst sehr spät, und nicht
447 2388 1638 2483 ind die intelligente jüdische Jugend ist es gewesen, die im
1641 2448 2843 2543 etwa, wie mancher glauben mag, der ihn jetzt bewundert,
440 2447 1628 2520 Laufe der Jahre auch die christliche mit fortgerissen hat,
1647 2484 2844 2572 gleich durch den Götz und den Werther errang. Es heißt
432 2498 1638 2583 so daß wir allerdings, was eine künftige Generation an¬
1643 2547 2849 2633 jedenfalls auch zu weit gehen, wenn man Heinrich Heines
448 2559 1638 2637 geht, erwarten dürsen, daß das Interesse an der Literatur
1655 2607 2854 2688 Dichterruhm zu einem Topsgewächs des Rahel=Kreises macht,
438 2614 1638 2703 sich gesellschaftlich immer mehr ausbreiten wird. Die Pionier¬
1649 2687 2858 2748 so unzweiselhaft es auch zu sein scheint, daß die grenzenlose
446 2685 1634 2755 dienste hat die besondere jüdische Gesellschaft geleistet.
1648 2734 2854 2805 Ueberschätzung dieses Talentes, die so wenig ihm selbst wie
441 2727 1644 2813 Wenn nun Bartels es als eine unmittelbare Aufgabe der
1651 2785 2850 2858 seinen Zeitgenossen zum Segen gereichte, ven dort ausging.“
445 2799 1639 2878 deutschen Intelligenz betrachtet, das Judentum von der Literatur
1647 2858 2855 2930 Wir sehen in diesen Dingen ja nun allmählich klar, wissen
439 2845 1648 2926 zurückzudrängen, so werden sich alle deutschen Dichter und
1652 2902 2840 2980 beispielsweise genau, daß neben der Heine= auch die Börne¬
446 2907 1640 2980 Schriftsteller eifrig dagegen wehren müssen, daß ihnen der
1654 2965 2857 3035 Ueberschätzung auf den Rahelkreis zurückzuführen ist, und
455 2974 1637 3039 Ast abgesägt wird, auf dem sie sitzen. Gewiß entstehen da¬
1645 3026 2859 3095 daß da jüdisches Gemeinsamkeitsgefühl sicherlich mitspielt.
447 3018 1641 3098 durch mancherlei Einseitigkeiten, es leidet die nationale
1647 3088 2853 3145 Wie verwüstend aber Börne und Heine in unserer Literatur
447 3081 1656 3153 Tiese unserer Literatur, und die Großstadt gibt zu einseitig
1643 3125 2858 3219 und unserem Leben gewirkt haben, das braucht man nach
452 3139 1649 3205 den Ton an, aber dieses Uebel ist jedenfalls geringer als
1657 3202 2860 3270 Treitschke nun doch wohl nicht mehr des Näheren auszu¬
441 3200 1650 3262 dasjenige, an dem die deutsche Literalur früher gelitten hat,
445 3255 1639 3321 daß der Deutsche es überhaupt als eine frevelhafte Ver¬
1655 3252 2858 3333 führen, sieht's von Heine auch noch jeden Tag, wenn
1662 3306 2856 3408 man einen Blick in gewisse Witz= und sozialdemokratische
450 3307 1650 3397 schwendung betrachtete, ein Buch um einen Preis zu kaufen,
440 3385 1577 3463 für den man sich eine gute Flasche Wein leisten kann.“
1660 3364 2863 3459 Blätter tut. Das engere junge Deutschland der Gutzkow,
1660 3420 2851 3508 Laube usw. war ja nicht einmal von Haus aus jüdisch,
550 3430 1648 3519 Soweit die „Kölnische Zeitung". Ich will zunächst
1652 3483 2858 3551 aber wie stark es jüdisch infiziert war, das haben u. a.
455 3497 1640 3570 meine Genugtnung darüber aussprechen, daß das Blatt,
1657 3537 2857 3623 wieder die Heine=Laube=Briefe gelehrt, die die „Deutsche
455 3548 1640 3626 das mich gelegentlich meines Heine=Buches als „Vierbank¬
1658 3599 2870 3685 Rundschau“ im verflossenen Jahre veröffentlichte. Ich bin
439 3615 1647 3687 literaten“ bezeichnete, zu einem würdigen Ton zurückgekehrt
1657 3674 2857 3733 nicht eben ein leichtsinniger Geschichtschreiber, man kann
449 3672 1649 3749 ist. Irgend welchen Eindruck können seine Ausführungen
1657 3711 2860 3796 immer annehmen, daß ich zureichende Gründe habe, wenn
447 3729 1650 3811 über Judentum und Literatur freilich nicht auf mich machen,
1659 3774 2871 3862 ich etwas scharf verdamme und, wo etwas nicht klar liegt,
452 3812 1655 3863 nicht, weil ich bereits zu „verbohrt“ bin, wie man ge¬
1660 3842 2055 3934 vorsichtig vorgehe.
446 3850 1655 3917 wöhnlich sagt, sondern weil sie äußerst schwach sind und
1743 3904 2862 3981 So bin ich auch weit entfernt, „die Inden, und nur
441 3898 1659 3974 den wirklichen Verhältnissen, wie sie außer mir auch zahl¬
1658 3947 2870 4036 diese, zu Sündenböcken für alle Schattenseiten in der
450 3962 1647 4031 reichen anderen Deutschen bekannt sind, sehr wenig ent¬
1664 4008 2873 4083 modernen Literatur, für den dekadenten Geist und die
453 4023 1647 4098 sprechen. Es stünde traurig um meine und um die nationale
454 4055 2877 4176 Sache, wenn wir keine gründlicheren Kenntnisse vom Judentum 1 Reklamewirtschaft mit falschen Genies“ zu machen. Band II
3002 4152 3139 4247 1
