3344 4352
2316 362 2817 436 OCroßER 27, 1010.
1390 362 2015 450 THE NEW AGE
612 381 740 448 612
1728 502 2865 576 as it was upon the first evening; inwardly everything is
553 504 1694 587 pastors are Protestant. Hauptmann’s legendary plays
1730 561 2863 617 changed. The man must be free. Conversation grows
546 579 1696 633 are built of German mythology, and even his Silesian
1719 616 2866 661 lame. At last the explanation comes, and the woman
558 636 1699 692 peasant dramas gravitate naturally towards the
1730 651 2867 703 departs; sometimes with frankly outstretched hand and
559 690 1694 738 Northern capital. Wedekind’s laborious introspection
1713 700 2874 753 a glance of understanding, sometimes helplessly in tears
559 734 1587 790 and substantial satire are German to the core.
1724 738 2868 786 or riotously in a storm of indignation. For these latter
603 769 1695 830 Schnitzler is just as distinctively Austrian. Dramati¬
1722 791 2867 840 types the man has only a shrug of the shoulders as he
1717 834 2864 885 lights a cigarette. They offend his sense of decorum
555 838 1694 891 cally Berlin belongs to the bourgeoisie; Vienna is a ciy
1722 871 2862 922 and compel him to regard them as inferiors. For the
547 873 1695 934 of the aristocrats. Schnitzler, like most of the modern
1726 915 2870 967 others he bears a touch of melancholy as a sign of
566 940 1702 991 Viennese playwrights, is content to take as his theme
1723 973 2879 1019 mourning. He will think of them in future twilight
553 981 1694 1058 only a few scenes from life, and even in those few¬
1722 1008 2875 1059 moods. But a few weeks later he will hire a new
552 1035 1702 1095 scenes he recurs continually to a single passage. No
1722 1058 2869 1105 room in another by-way (not the same room, for that
558 1100 1700 1144 wind instruments for him; he is a master of the strings.
1727 1101 2870 1149 would be unbeautiful) for the reception of another mis¬
564 1133 1695 1189 Tothe Northern playwrights he leaves the wild barbaric
1729 1142 2871 1192 tress, and the old light o’ love will pass to a new lover.
551 1177 1705 1243 march, tothe Maeterlinckian symbolists the tone-poem.
1727 1181 2876 1234 There are the Schnitzler hero and the Schnitzler heroine.
560 1222 1697 1268 His dramatic method is the intellectualisation, the re¬
1733 1232 2879 1282 They have most of the vices of their city and the quint¬
551 1263 1697 1306 finement of the Viennese waltz. The most famous of
1735 1274 2877 1336 essence of its charm; frivolity tinged with regret and
1738 1319 2164 1375 intrigue with grace.
548 1302 1703 1380 his plays is Liebelei?’ (in the English version“ Light
1291 1356 1707 1413 But in reality they
1777 1369 2872 1417 I have touched here especially upon the types and
551 1355 1248 1414 o' Love, literally" Flirtation'').
563 1401 1697 1457 are all Liebelei, from Anatol'' to the“ Komtesse
1730 1396 2871 1447 the setting of the one act cycle Anatol'’ because they
563 1443 1694 1498 Mizzi.' The moralist will find“ flirtation?' a euphemism,
1733 1448 2874 1507 convey the Schnitzler atmosphere most clearly. The
564 1487 1692 1552 but Schnitzler has nothing to do with moralists or
1736 1497 2883 1549 situations are not literally rendered; thev change just
565 1530 1703 1595 morality. His subject is always the samenthe lover
1732 1547 2877 1593 as moods change, and are woven into different forms.
555 1578 1704 1636 and a mistress or two. It is treated gracefully enough,
1762 1582 2871 1638 Anatol'' represents the comedy of the lover-mistress
567 1621 1710 1670 with little passion and much gentle melancholy, little
1733 1623 2878 1673 motive,“ Liebelei?' the tragedy. In the former the#
566 1662 1710 1721 humour and much wit. His power lies chiefly in the
1728 1668 2879 1724 man is the central figure; in the latter the woman. In
563 1705 1714 1756 creation of an atmosphere—a dim twilight atmosphere
1768 1722 2878 1771 Liebelei?' Christine meets her philanderer, and makes
566 1760 1704 1812 as of autumn evenings, crowded with reminiscence. It is
1741 1762 2882 1814 a hero of him. She becomes his mistress, and lives on
563 1808 1698 1853 indescribably charming and completely aimless; a dream
1731 1804 2887 1866 in a dream-world of her own. Her hero is killed in a
570 1844 1710 1897 world as magical as that of any symbolist, yet un¬
1734 1846 2884 1900 duel fought on behalf of another woman—and that is
569 1891 1706 1941 symbolic. Tragic problems arise from time to time, as
1734 1896 2875 1952 all. Of Christine it can only be said that she is as
566 1932 1702 1991 in" Der einsame Weg'' or" Der Ruf des Lebens,' but
1729 1944 2883 1996 great a woman as is possible in the Schnitzler world;
552 1976 1713 2023 for the most part Schnitzler moves upon the plane of
1726 1980 2890 2032 a world devised for men as surely as that of Strindberg,
562 2028 1700 2076 comedy. The crisis arrives, the catastrophe occurs;
1729 2026 2878 2090 and in effect, although unconsciously, as contemptuous
555 2067 1700 2116 but it is an intimately personal catastrophe, accepted
1727 2067 2882 2124 of women. The misogynist, indeed, is a lesser
567 2111 1710 2166 with ironical resignation by the aristocrat-hero, and
1739 2117 2875 2185 enemy of feminism than the philanderer. He is only
551 2148 1709 2205 added with a sigh to his repertory of experience. That
1744 2162 2735 2216 the mouthpiecc of ideas, not the arbiter of fates.
567 2205 1710 2253 aristocrat-hero is Schnitzler’s most characteristic figure.
2051 2195 2871 2265 was followed by the longer plays
1818 2210 2000 2267 Liebelei'
566 2241 1714 2304 " New mistresses for old' is his eternal problem, and an
1766 2243 2881 2309 Freiwild“ and" Das Vermächtnis.?' They represent
562 2295 1710 2351 imp is ever at his elbow whispering that the old were
1743 2299 2886 2348 the ncarest approach that Austrian drama has made
552 2334 1703 2384 better. Still he must obey the law of his own nature,
1734 2350 2886 2404 to the social problem play and the modernity movement
560 2373 1707 2424 and he accepts the necessity of change as he accepts all
1741 2383 2880 2433 of other countries. In social problems, however,
1239 2421 1709 2471 The women come and
562 2415 1209 2469 else in his life, good naturedly.
1746 2423 2879 2473 Schnitzler is rcally ouf öf his element TIe has Sätir¬
560 2458 1712 2521 go. They arrive timidly, half-conscious only of their
1747 2466 2883 2525 ised the duel a thousand times more subtly than Suder¬
565 2500 1719 2566 power. They yield, and for a while some tiny raftered
1747 2506 2882 2570 mann in Die Ehre?'; he has ridiculed militarism,
559 2548 1716 2603 room with latticed windows, discreetly hidden in a
1750 2560 2886 2610 semitism and anti-semitism, the government and the
562 2589 1710 2632 narrow by-way of the city, is made the meeting-place.
1740 2609 2888 2666 revolutionary parties. But his interests are not pri¬
557 2633 1716 2687 Freshly gathered flowers are arranged upon the table,
1736 2644 2875 2705 marily political or social, any more than they are
560 2688 1704 2737 set for two. The lamp is lit, the curtains are drawn.
1739 2684 2880 2749 domestic. In“ Reigen?' he returns to the drama of
567 2718 1707 2773 The old housekeeper, discrecter even than her dwelling,
1750 2743 2874 2795 personal moods. Anatol'’ consists of seven scenes,
567 2765 1711 2823 moves noiselessly to serve the dishes and withdraws.
1778 2783 2885 2832 Reigen?' of ten, a complete cyele of duologucs, each
565 2808 1713 2862 The two are left together; a gentleman of upper-class
1750 2822 2887 2880 between a man and a woman. More than duologues,
577 2868 1717 2901 Vienna, a lady of any class or none.“ We have seen
1750 2866 2882 2923 however; scenes from life. They pass consecutively:
1531 2897 1567 2936 #
1572 2892 1712 2952 It is
564 2899 1490 2949 this comedy before,?’ vou say at first.
1752 2908 2890 2961 A prostitute and a soldier. The soldier and a par¬
568 2947 1707 3004 sordid, sensuous, contemptible. It is none of
1738 2954 2876 3006 lourmaid. The parlourmaid and a voung gentleman.
569 2986 1713 3040 these, for Schnitzler is a magician. An honourable
1739 3002 2890 3061 The young gentleman and a young lady. The youtig
574 3035 1715 3094 magician, moreover. His work is never ugly. He
1746 3049 2880 3101 ladv and her husband. The husband and a girl. The
575 3074 1713 3119 avoids sensuality by his honesty as an artist. There is
1746 3086 2887 3155 girl and a poet. The poet and an actress. The
574 3119 1719 3183 nothing unnatural, nothing immoral, nothing even furtive
1739 3139 2875 3197 actress and a nobleman. The nobleman and the prös¬
567 3169 1721 3216 for him in the relationship of lover and mistress. A
1749 3184 1919 3240 titute.
575 3207 1716 3262 certain discretion is preserved—that is all. He traces
1795 3207 2889 3278 There is the chain, stripped of the romance of
1741 3262 1777 3317 1
565 3255 1726 3298 the psychology of the intimacy. Within the limits he
1763 3279 2888 3324 Anatol' and reduced to a vivisection of sex instinct,
575 3304 1726 3353 has chosen for himself, he tells everything that can be
1735 3323 2890 3377 a post-mortem examination of passion. It is the work
579 3341 1714 3406 told, and much that the lesser artist is afraid to tell.
1750 3352 2887 3412 of an artist weary of many adventures, and disposed
578 3388 1719 3438 Details of circumstance are nothing to him, moods every¬
1743 3394 2891 3453 to regard life as nothing but a round of stupid intrigue
579 3431 1721 3491 thing. His drama depends upon a crisis in the lives of
1746 3451 2223 3514 and cynical reaction.
572 3493 1724 3531 two people; the inevitable passing from old relationships
1797 3481 2882 3544 For the rest, Schnitzler has gone no further dra¬
582 3519 1716 3577 to new. No flash of thought escapes him. He records
1753 3544 2888 3593 matically than Anatol' and “ Liebelei.? The one
578 3564 1722 3631 every motive. In the crisis itself there can be no com¬
1748 3574 2864 3640 act cycles“ Lebendige Stunden'' and“ Marionetten?'
574 3607 1716 3678 promise. The break must come when one of the lovers
1749 3623 2870 3676 are new versions of the old story.“ Komtesse Mizzi?
581 3651 1715 3703 desires it, however faintly. As long as Romance spreads
1758 3668 2894 3737 (rooo) has all the old charm and nothing more. One
581 3693 1720 3751 her wings, the intimacy lasts; the instant they are
1757 3713 2885 3765 can have too much of the twilight mood, the Viennese
580 3736 1717 3791 folded it must come to an endat whatever cost of suffer¬
1753 3759 2890 3810 lover and his mistress, the melancholy and the grace.
581 3788 1726 3845 ing. That is the first condition of equality between men
1760 3803 2891 3858 Everything that Schnitzler has written or imagined is
574 3825 1735 3873 and women; a brutal condition, but one which must be
1762 3845 2887 3904 summed up in the six hundred pages of his novel“ Der
576 3871 1726 3936 faced. Inthe moment of parting pity is a dishonourable
1766 3898 2894 3944 Weg ins Freie.' There is the search for the “path of
587 3916 1724 3963 emotion, chivalry the grossest form of patronage, senti¬
1749 3942 2897 3997 freedom'' that he has never found. He has never made
584 3960 1730 4016 mentality a nauseous drug. Even the most cynical
1750 3992 2902 4036 his way out ofthe half-world into the real world. But
580 4015 1733 4066 frankness is fairer, and that is Schnitzler’s weapon. He
1765 4046 2897 4084 among the dramatists of the half-world he is supreme.
589 4063 1724 4109 analyses the transition moment in scenes such as those
2069 4087 2580 4151 (ALL RIGHTS RESERVED.)
598 4106 1734 4159 of" Anatol.“ Outwardly, between the lovers, all is just
