3392 4352
403 134 1075 220 Mchen ereitnernertene in
1170 136 1635 232 Md den in unch seine
130 166 403 245 hdruck veröoten.)
408 200 579 253 größte.
566 202 1647 254 Ich meine, er ist der vortrefflichste Erzähler, der
410 244 1646 282 glänzendste Stilist, der allerschärfste Beobachter physischer und
129 252 401 332 zu erreichen,
412 275 1649 337 sozusagen nervlicher Zustände und Vorgänge. Aber Seelisches.
126 312 404 374 sal vielleicht,
403 326 1643 378 feelische Aufwärtsentwickelungen wird man bei ihm nicht
121 355 406 411 aber dies zu
409 363 1652 409 finden. Man prüfe doch daraufhin Maupassants Dar¬
119 392 403 453 as Erstlings¬
414 407 1654 452 stellungen der Liebe und seine Frauenporträts. Liebe ist ihm
112 429 406 499 e der Welt
409 446 1658 517 fast immer nur das sexuelle Moment, und wie ihm das
145 475 405 549 zu werden.
409 492 1533 545 Sexuelle an sich gar so wesentlich ist, so sieht er in der #
1559 564 3311 663 zu verspüren. Auch der Autor des „Anatol“ lächelt — aber, Betrachtung seelischer Zu
337 593 1552 663 mit wenigsten Ausnahmen) die Begehrte oder Begehrende,
1567 620 3319 704 ganz anders als Maupassant, immer sehr wehmütig und wie Maupassant durch sei
335 648 1572 711 ie rätselhaft Triebbewegte, die launisch und unberechenbar
1563 655 3317 738 manchmal recht bitter. Man hat im allgemeinen viel trachtung des Erotischen
342 697 1567 752 bewährende und Versagende. Er ist unerhört reich in der
1563 736 3306 799 zu einseitig auf die ironischen Töne in diesen Szenen ge= rechischen Dichter seine!
2789 730 3312 819 zum Ergründen des Psych
334 734 1544 801 Schilderung von physiologischen Verschiedenheiten der Frau —
334 742 2807 825 iber es ist eben immer Physiologie, was er bietet. Hier hat selbst lauscht, hat sein Urteil zu sehr auf die beiden völligen
2856 776 3309 846 Zu solchem seelischen
326 837 2799 880 Paul Mahn eine schöne Einwendung gegen Maupassant erSatyrspiele „Abschiedssouper" und „Hochzeitsmorgen“ ba¬
2794 810 3303 883 ein anderes zu kommen.
1567 840 2794 907 siert. Und doch ist schon reichlich viel Tragik in diesem
2806 852 3320 936 erobern, das der Franzo
336 858 1567 932 hoben: „Man findet in seinem Werke keine Gestalt, welche die
1571 879 2802 944 Erstlingswerk angehäuft. Anatol ist erfüllt von all
337 901 1531 962 letzte Tiefe und Bedeutung des Geschlechtes ausschöpfte ..
2800 903 3277 958 dieser Vergleichung f
1567 918 2798 987 dem Lebenssehnen seines jungen Dichters und belastet
2799 927 3322 1003 Schnitzler gegen den Novck
328 916 1570 1011 Nirgends begegnet bei ihm der Typ, dem man auf Tod und
1576 950 2808 1027 mit all der Grübelei, all dem zerfasernden Beobachten
2807 985 3327 1042 sich im letzten Grunde
316 986 1574 1046 Leben verbunden ist oder gar nicht, dem gegenüber das
1573 994 2804 1067 des eigenen Selbst und seiner Umgebung, die auf Schnitzler
2804 1022 3330 1085 von muhr novellistischen
315 1026 1570 1103 bißchen Sinnlichkeit zur Bagatelle wird, dem gegenüber
1566 1044 2800 1105 selber drücken. Anatol ist ein gequälter glückloser Glücksucher,
2809 1055 3326 1122 auch — vielleicht zu Unr
333 1062 1573 1135 es soviel wichtigere Dinge des Verstehens und Empfindens
1573 1067 2795 1150 der eigentlich bei den einzelnen Frauen, die ihn nicht dauernd
2813 1101 3329 1161 wartsdichtern Maupassan
564 1114 1562 1175 Aber diese Bemerkungen, di: so ganz den Kern
323 1124 515 1183 gibt ..
1574 1125 2805 1183 zu beglücken vermögen, kleine Tragödien erlebt — und diese
2808 1140 3328 1200 Schnitzler zu nennen; des
329 1149 1572 1218 der Sache treffen, werden paralysiert durch ansechtbarste Lob¬
1570 1162 2815 1246 Trauerspiele sind nur ins Tragikomische abgebogen, weil der
2801 1184 3327 1256 Märchen des Oesterreiche
329 1190 1566 1266 sprüche, und in solchen Hymnen ist der Biograph nicht
1580 1204 2805 1283 junge Schnitzler noch nicht den Mut seiner eigenen Tragik hat
2815 1224 3322 1291 allem Tagesgetriebe befreh
322 1237 1568 1302 originell, sondern nur der Mund der Vielen. Einen beson¬
1584 1244 2806 1319 und deshalb in eine Art romantischer Ironie flüchtet, indem
2807 1261 3318 1331 als stecke in diesem viell
323 1271 1575 1348 deren Ruhm hat sich der glückliche Novellist erworben
1586 1287 2805 1358 er dem Schwärmer Anatol den robusteren kälteren Freund
2804 1314 3324 1368 ein historischer Gestalter.
333 1320 1570 1382 und nach deutschem Wortgebrauch den Namen eines
1576 1334 2810 1396 Max beigesellt sodann auch, indem er einen Teil seines
2817 1350 3325 1418 wahrhaft die Luft der
326 1352 1579 1422 Dichters eigentlich erst so recht verdient durch die tragischen
1582 1374 2807 1440 Wesens, das Weiche, Verschleiernde der Wiener Gemütsart,
2811 1387 3294 1460 „Jungen Medardus“,
324 1410 1570 1471 Novellen, die von der Zerrüttung des Geistes handeln. Hier
1585 1421 2199 1493 in den Vordergrund drängt.
2823 1434 3324 1499 maßen mißlungenen Sch
330 1443 1577 1515 hat man ja auch, und dazu in der äußersten Verfeinerung, die
1640 1451 2809 1517 Und schon zwei Jahre nach diesem Erstling zeigt es sich
2811 1477 3325 1545 stadt von 1809 mit staun
320 1482 1587 1559 Maupassantsche Beobachtungs= und Darstellungskunst; und
1577 1505 2816 1561 evident, daß Schnitzler mehr zu geben hat, als die Schilderungs¬
2814 1521 3321 1585 des Lesers. Vielleicht ist
327 1529 1573 1587 weiter hat man hier, glaubt man hier aus dem Stoffe selber
1576 1538 2804 1606 kunst des Franzosen und die Stimmungskunst des Wieners.
2809 1557 3335 1630 meine den Weg aus der
332 1565 1578 1636 heraus jenes Seelische zu haben, das der Deutsche nun einmal
1581 1579 2815 1656 Im „Sterben“ findet er zum erstenmal sein mächtigstes,
2824 1602 3316 1670 Weg ins Historische. M
333 1619 1585 1681 in der Dichtung zu fingen liebt. Doch man betrachte
1584 1622 2821 1689 das Todesmotiv. Einer wird vorwärts gepeitscht von
2817 1649 3322 1712 Strebenden durch ein s#
336 1657 1576 1735 unbefangen den „Horla“. Der Horla ist das Wahngebilde
1576 1663 2819 1729 der sicheren Nähe des Todes. Das wird nun für die Tragik
2816 1674 3324 1761 ehrendes Vergleichswort
333 1697 1580 1761 eines Geisteskranken, sein unkörperliches und doch seiendes,
1592 1707 2816 1776 und Größe des Schnitzlerschen Schaffens bestimmend. Er ist
337 1733 1589 1812 selbständig handelndes, ja herrschendes zweites Ich. Der
1583 1751 2823 1819 Arzt und sieht viele Menschen sterben; der Gedanke an das
339 1775 1582 1855 Horla kniet in der Nacht auf der Brust des Leidenden, „Er“
2862 1781 3063 1871 —
1579 1795 2818 1873 Nachher — denn weder Glaube noch Wissenschaft geben ihm
330 1820 1579 1885 zwingt ihn in der einsamen Villa zu bleiben, Er“ trinkt, wäh¬
1590 1842 2820 1914 zuverlässige Auskunft — erfüllt ihn mit neuen Schauern.
331 1860 1578 1928 rend der andere schläft, die Wasser= und Milchflaschen leer, „Er“
1581 1874 2829 1946 „Warum reden Sie vom Sterben?“ heißt es im „Einsamen
330 1904 1587 1971 tritt zwischen den Beschauer und das Spiegelglas, so daß kein
1591 1899 2842 1980 Weg“ und die Antwort lautet: „Gibt es einen anständigen
334 1959 1589 2025 Spiegelbild sichtbar wird. Den Horla zu vernichten, zündet der
1590 1958 2836 2032 Menschen, der in irgend einer guten Stunde an etwas anderes
340 1988 1586 2071 Kranke sein Haus an, nachdem er „ihn“ mit vieler List ein¬
1590 2008 1762 2082 denkt?“
333 2021 1592 2095 gesperrt hat. Dann fällt ihm ein: Wie kann ein wesenloses
1639 2042 2841 2103 Wer so vom immer gegenwärtigen Todesgedanken gepackt
344 2058 1596 2129 Geschöpf im Feuer Schaden nehmen? Und so wird denn der
1600 2075 2834 2152 ist, für den gibt es kein heiteres und lässiges Erfassen des
348 2114 1591 2194 Besessene vor dem stärkeren Gegner kapitulieren, wird Hand
1594 2121 2844 2199 Lebens, er muß krampfhaft dem heißesten völligen Lebensgenuß
787 2154 1587 2220 Das ist die erschütternd meisterhafte
339 2172 778 2234 an sich selber legen.
1585 2162 2835 2232 zustreben, dem gänzlichen Erwerb des einzigen ihm sicheren
349 2194 1592 2281 Darstellung eines halluzinatorischen Wahnes — aber es ist
1596 2202 2827 2277 Besitzes. Schnitzler tut das und sieht sich im wirklichen Ge¬
2825 2224 2910 2298 s4
345 2240 1590 2315 auch nicht mehr als eben nur dies. Kein ärztlicher Bericht¬
1593 2237 2838 2313 nießen doppelt gehemmt. Aus dieser Aufpeitschung, diesen
346 2279 1595 2349 erstatter könnte fein Krankheitsprotokoll in so wundervolles
1592 2286 2841 2354 Hemmungen ergibt sich die nicht Wienerische, nicht Mau¬
351 2324 1590 2386 Sprachgewand kleiden, es so ergreifend gestalten, aber im
1588 2325 2837 2405 passantsche, sondern schlechthin Schnitzlersche Tragik einer
346 2358 1595 2441 letzten Grunde bleibt Maupassants Novelle doch nur ein Krank¬
1601 2371 2831 2443 Reihe tiefer Schöpfungen, denen jene eingangs genannten
339 2403 1586 2481 heitsprotokoll. Wohl macht der Dichter eine Anstrengung,
1597 2423 2458 2496 Schlagworte nicht entfernt gerecht werden.
347 2443 1591 2520 über den Krankheitsbericht herauszukommen; aber sie bleibt
1650 2442 2848 2532 Was den Dichter vom Lebensgenusse fernhält, ist einmal
347 2499 1599 2556 vergeblich. Ich meine die eingestreute Klage über die Plump¬
1593 2485 2854 2573 dies. Der scheinbar sichere Besitz des Lebens, des bewußt er¬
354 2534 1595 2614 heit der menschlichen Sinne, den irren Schlußgedanken, der
1591 2543 2843 2623 lebenden Ichs erscheint ihm gar nicht als etwas so unbedingt
346 2567 1598 2651 Horla könne wohl die nächsthöhere Stufe nach dem Menschen
1594 2593 2842 2646 Sicheres. Schnitzler, der moderne Arzt und Naturforscher,
356 2614 1596 2679 in der Weltentwickelung bedeuten. Aber worin zeigt sich
1601 2625 2841 2701 hat auch an dem zweifeln gelernt, was einfachere Naturen für
344 2646 1606 2715 denn dieses höhere“ Wesen? Doch nur in ebenso unsinnigen
1606 2668 2842 2746 sicher hinnehmen. So beunruhigen ihn die Seltsamkeiten der
345 2692 1604 2776 wie brutalen Daseinsäußerungen, indem es den von ihm Be¬
1604 2710 2841 2783 Hypnose, die einen Menschen zu einer ganz anderen Persön¬
358 2732 1603 2814 sessenen quält und martert, seine Wasserflasche leert sein
1608 2739 2851 2828 lichkeit machen kann. Und noch merkwürdiger fast als solch
362 2774 1593 2852 Spiegelbild verdrängt. Und wieder ist Mahns Urteil charak¬
1603 2797 2846 2864 ein hypnotischer Traum erscheint ihm das Träumen im natür¬
352 2817 1597 2886 teristisch für Maupassants Geltung. Es heißt von dieser
1607 2836 2853 2908 lichen Schlaf. Da werden Schicksale durchlebt, werben
351 2851 1597 2944 Nichts=als=Krankheitserscheinung: „So wird dies Wahngebilde
1608 2877 2845 2951 Wünsche rege, die dem Wachen durchaus fremd sind. Und wo
354 2898 1605 2984 zu einer dichterischen Prophetie. Es steht mit dem einen Bein
1614 2926 2848 2989 ist nun wahre Natur, wahres Leben, wo ist die Wahrheit —
356 2949 1601 3016 in der realistischen Begreifung äußerster Menschenmöglich¬
1610 2959 2853 3032 im Wachen oder Träumen? Und wo ist die Grenze zwischen
358 2985 1608 3059 keiten drin und fußt doch mit dem anderen mitten im er¬
1600 3000 2880 3089 Traum und Wachen, und welche Weltleitung schafft solche
364 3023 1608 3099 träumten dichterischen Jenseits. Die der Kausalität ent¬
2858 3024 2935 3104 1005
1615 3038 2860 3116 Wirrnis, und welch ein seiner selbst unbewußter Spielball in
365 3070 1602 3144 bundene Gefügigkeit des Wahns mnuß dem Künstler taugen,
1617 3088 2848 3167 fremder Hand ist der einzelne? Gewiß, hier streift Schnitzler
361 3112 1611 3187 in hohe und liebe Phantasien aller Menschheit hinaus zu deu¬
1605 3123 2861 3194 an das Psychiatrische, als dessen Meister sich Ma passant er¬
511 3139 1614 3221 .. Maupassant, der unglückliche Mensch, war ein sehr
364 3180 482 3229 ten“
1607 3160 2852 3243 wies. Aber wo haupassant nur die Krankheit beschreibt, da
928 3199 1003 3242 Nu¬
362 3192 1611 3273 glücklicher Schriftsteller. Zu zen vielen schönen Gaben, die er
1609 3210 2855 3276 schildert Schnitzler das Leiden der im Dunkeln tastenden Seele,
356 3232 1608 3297 besaß, schenkte ihm die Nachwelt die schönste hinzu; er gilt als
1613 3251 2861 3319 die Qual des Menschen, den so äußerste Unsicherheit an allem
367 3273 1610 3359 der Meister im Beobachten und Darstellen des Physischen, sie
1611 3292 2853 3365 Auskosten des ersehnten Genusses hindert. Man kann diesen
357 3319 1521 3401 erhöhte ihn zum Seelenkünder, zum Auswärtsentwickler. —
1610 3330 2853 3408 Unterschied zwischen Schnitzler und Maupassant ganz erkennen,
425 3360 1610 3438 Dem „österreichischen Maupassant“, dessen künstlerische
1609 3368 2856 3453 wenn man unter dem angegebenen Gesichtspunkt den „Para¬
362 3398 1624 3471 Laufbahn im Todesjahr des Franzosen begann, ist es nicht so
1614 3401 2863 3489 celsus“ neben den „Horla“ stellt. Dort Seelisches, hier Nerv¬
369 3440 1610 3520 gut geworden — brauchte es vielleicht nicht so gut zu werden,
1611 3456 2870 3538 liches — sicherlich zwei Kunstwerke, aber nur das Schnitzlersche
373 3480 1622 3556 weil der Besitzende keiner Geschenke bedarf. Das Beiwort,
1625 3501 2830 3570 ist in letzter Hinsicht mit dem vollen Ehrentitel „Dichtung“ zu
370 3528 1613 3595 das ihn schmücken soll, erwirbt Arthur Schnitzler sogleich mit
1619 3530 2863 3617 belegen, einem Titel, den der Deutsche, der moderne wie der
366 3563 1613 3648 seinem Erstlingswerk, der „Anatol“=Suite. Diese Gespräche
1629 3578 2857 3654 unmoderne, doch wohl nur den vom Seelischen handelnden
378 3602 1612 3693 enthalten die ganze Grazie des Franzosen, sie spielen aufs an¬
1624 3643 2061 3718 Kunstwerken beilegt.
375 3651 1617 3723 mutigste mit erotischen Themen, sagen alles und bleiben doch
1680 3642 2856 3726 Und das zweite, das sich zwischen Schnitzlers Lebenssehn¬
376 3685 1618 3772 künstlerisch; auch ihnen eignet vor allem die ganze Schärfe im
1630 3686 2864 3776 süchtige und den Genuß des Lebens drängt, trennt diesen
379 3731 1621 3812 Auffassen und Wiedergeben der Dinge, auch so verschwimmen¬
1616 3757 2862 3828 Dichter noch entschiedener von Maupassant, macht ihn vielleicht
373 3770 1617 3849 der wie der Töne und Stimmungen. und später wird sich
1620 3788 2869 3876 zum geringeren Künstler, sicher zum bedeutenderen Dichter.
372 3816 1613 3888 noch mancher Anklang an Maupassant bei Schnitzler finden.
1624 3820 2867 3902 Schnitzler ist so unfähig zu jedem starken Lebensgenuß weil
379 3855 1622 3932 Die unerhörte Deutlichkeit des Physischen in „Frau Bertha
1624 3858 2873 3947 ihm alles naive Empfinden, alle Einheitlichkeit im Lieben
380 3894 1629 3968 Garlan“, wo der Arzt, im „Reigen“ wo d.: hanebüchene
1633 3901 2870 3988 und Hassen versagt ist. Ohne solche kraftvolle Einheitlichkeit
377 3934 1623 4014 Satiriker das Wort führt, erinnert in ihrer vollendet künst¬
1633 3945 2870 4033 aber, die sich oft genug als Einseitigkeit darstellt, die mit
377 3974 1623 4063 lerischen Durchführung durchaus an den französischen Meister
1633 3994 2867 4073 ruhiger Sicherheit zwischen Freund und Feind Recht und Un¬
376 4023 1625 4115 dieses Gebirtes. Aber blickt man tiefer, so steht doch schon der
1627 4019 2877 4108 recht unterscheidet, ist ein kraftvolles Zugreifen eben nicht
379 4065 1617 4139 „Anatol“=Dichter dem Franzosen meilenfern. Hinter Mau¬
1629 4069 2878 4170 denkbar. Doch gerade aus diesem Mangel erwächst die bohrende
379 4098 1644 4194 passants erotischen Novellen ist immer ein behugliches Lächeln
2330 4183 2423 4222 e
2222 4156 2301 4225 mnein
