3344 4352
120 330 1301 454 2. Cuttings box 37/4
2868 1354 3300 1434 Schnitzler an die
441 1407 2872 1484 Sechzig Jahre österreichischer Litexatur Philipp Langmann, der in seinen Novellen die rollende
2871 1420 3309 1472 ohne Zagen zur wie
1657 1409 2869 1484 Musik unserer Tuchstadt, das drohende Surren feuchter Fa¬
1255 1451 1473 1514 ###n 2
2871 1455 3303 1524 ihm andere folgten,
1663 1443 2880 1528 brikriemen festhielt, Richard Schaukal ein kluger Kopf,
487 1447 1662 1539 eng. Sechs Fahrzehnkepsterreichischer Literatur. Dasschreibt
2868 1505 3306 1574 in der deutschen Litch
1665 1500 2876 1591 ein in allem und jedem selbständiger Künstlermensch, Karl
443 1536 1667 1609 sich leicht und das suricht sich leicht. Doch man muß wohl ein
2873 1557 3305 1626 überlang nicht gelten
1663 1559 2870 1630 Hans Strobl, der mitten unter uns mühelos und stetig
437 1569 1669 1655 wenig gesthichtlich, muß literäthistorisch denken, man müßte
2872 1609 3304 1678 das eine sehr schätze
436 1610 2881 1696 auch ein paar Jahreszahlen hervorholen, wollte man so recht Wachsende, Hans Müller, der Dichter apfelblütenzarter
2873 1654 3299 1719 man uns draußen
436 1678 1867 1759 die Worte erkennen, die diese Worte umschließen. Da unser Reime.
2870 1701 3312 1760 Schnitzlers Dialogen
1746 1690 2870 1790 Ist im Schlesien Frau Marie Stona als Lyrikerin,
444 1707 1679 1799 Kaiser zur Welt kam, da lebte Goethe noch; da unser Kaiser
2878 1752 3307 1815 die Wiener Stadt s#
1664 1771 2875 1829 wie Epikerin beachtenswert, so muß für Böhmen der Lei¬
445 1768 1671 1854 die Regierung antrat, lag der Herr Geheimrat und Statt¬
2875 1801 3316 1871 Rebenhügel und wa
1667 1803 2877 1890 nenwebersohn Adalbert Stifter in tiefer Liebe als gütiger
439 1814 1663 1893 halter der göttlichen Poesie auf Erden erst sechzehn Jahre
2871 1847 3303 1913 wald=Landschaft.In
1669 1862 2871 1928 Schirmherr anerkannt werden. Der „österreichische Mörike“,
442 1873 1665 1945 in der Fürstengruft zu Weimar; Premieren von Grillparzer
2869 1901 3308 1968 hungrige, immer ein
1668 1897 2873 1975 wenn man diesen innigen Maler der Natur, diesen fromm¬
439 1922 1669 2008 und Nestroy und Bauernfeld konnte sich der Kaiser besehen.
2876 1948 3314 2014 Vorstadtmädchen. In
1682 1951 2872 2025 herzigen, großen Stilisten, so nennen will, dessen taufrisch¬
542 1967 1669 2034 So etwas wie eine Hofkunst hat es bei uns in Öster¬
2878 1991 3305 2074 seit Grillparzer und
1681 1994 2885 2081 blinkende Art sich namentlich bei Hugo Salus glücklich
451 2013 1662 2084 reich kaum jemals gegeben. Es wäre unklug, nach dieser
2884 2042 3310 2110 und Leiden wiener
1674 2064 1970 2129 wiederfindet.
452 2068 1676 2144 Richtung, wie es jetzt trotzdem vielfach geschieht, unmutsvolle
1759 2072 3314 2178 Oberösterreich, „das Landl“, sei durch Franz Stelz=] Man kann den Nam
452 2116 1679 2180 Klagen anzustimmen. Was in einem Reiche mit einer ein¬
2883 2143 3312 2200 aussprechen, ohne da
1683 2145 2873 2229 hamer repräsentiert. Seine in leichtflüssige Verse ge¬
443 2168 1678 2245 zigen Sprache möglich ist, mochte bei uns von Anbeginn
2892 2195 3309 2262 auf die Lippen drä
1672 2191 2884 2276 gossene Lebensweisheit ist gesund und herzhaft gewesen, wie
445 2214 1671 2286 verwehrt erscheinen. Aben hat es sich nicht gezeigt, wie wenig
2883 2244 3307 2308 vornehmster Wiener
1685 2245 2878 2324 der munter sprudelnde Dialekt. Linzer und nicht etwa Wiener
458 2268 1671 2351 günstig ein unmittelbares, persönliches Eingreifen des höch¬
2890 2286 3307 2351 mannsthal. Von
1734 2295 2888 2377 man muß das ausdrücklich sagen — ist Hermann Bahr.
444 2319 1677 2375 sten Machtträgers im Staate die Literatur — und nicht nur
2890 2341 3313 2413 jahre Abschied nehn
1681 2346 2883 2419 Ein rastloser Anreger, so recht der Papa jener Strömungen,
447 2361 1677 2447 diese — zu fördern vermag? Die Stellung unseres Kaisers
2881 2390 3307 2455 antiker Dichtung er
1678 2394 2883 2476 die man, stets mit einem innerlichen Vorbehalt, die Moderne
456 2413 1674 2477 hat sichdenn, auch der Literatur gegenüber, vornehmlich und
2878 2436 3308 2505 nals den höchsten kü
1675 2456 2300 2540 geheißen hat und noch heißt.
454 2457 1675 2555 notwendigerweise darauf beschränkt, aus der Privatschatulle
2890 2488 3317 2556 gewaltiger der Sprch
1763 2461 2889 2557 Peter Rosegger vertrete die Steiermark. Ein Le¬
447 2511 1684 2588 zu spenden. Reichlich zu spenden. Ein Mehr zu tun, wäre
2888 2537 3311 2603 Spannweite den zie
1682 2547 2888 2613 benslauf gar kraus und merkwürdig, der da den Geißhirten
460 2558 1684 2651 ganz ohne jeden Zweifel Sache der kaiserlichen Berater,
2883 2585 3321 2653 ohne Nutzen schauen
1676 2589 2890 2675 und Schneiderbuben zu einer an mannigfaltigen Erfolgen
457 2615 1679 2680 wäre Angelegenheit der Ministerien gewesen. Und daß hier
2889 2624 3321 2701 doch im Gefühle sieg
1680 2640 2888 2705 und Ehren reichen Höhe führte. Der Fritz Reuter unserer
458 2652 1685 2739 manches unterlassen wurde, braucht auch in der festlichen
2886 2688 3312 2748 Pfeilern Schnitzler
1678 2693 2887 2772 Alpen, ein mutiger Mann und Eroberer wider Willen, der
466 2705 1611 2798 Stimmung dieser Woche nicht unausgesprochen bleiben.
2889 2731 3309 2803 wird an Ernst und
1680 2738 2884 2819 die eindringlich gestalteten Schicksale seiner „stoansteirischen“
557 2751 1684 2826 Gleich drei der Besten und Größten, die eine öster¬
2890 2785 3313 2847 geschrieben, was Au
1686 2775 2892 2857 Bauern bis an entlegene Meeresküsten trug. Und Ottokar
464 2797 1686 2892 reichische Literaturgeschichte mit freudigem Stolze aufweisen
2889 2833 3313 2919 zwanzig Stunden de
1682 2835 2893 2906 Kernstock, der Sänger im Priesterwams. Viel zu wenig
464 2854 1684 2930 kann, litten recht schwer darunter, daß aufmunternde An¬
2966 2880 3317 2946 Der Zufall woll
1690 2890 2902 2963 bekannt, ein bodeutsamer Könner, stark und streithaft, kernig,
473 2900 1687 2989 erkennung nicht rechtzeitig kommen wollte: Franz Grill¬
2901 2925 3324 2998 Werke von sehr hoh
1692 2943 2572 3017 doch zart dabei: „Hie gut teutsch allerwege.“
456 2945 1684 3037 parzer, Ferdinand v. Saar, Ludwig Anzengruber.
2894 2979 3321 3050 Rudolf Hans Bar
1771 2969 2888 3056 Tirok kann sich des, jungen, allein bereits gefestigten
543 2982 1703 3068 Unser Heimatland Mähren, von dem in diesen Blättern
2895 3027 3321 3095 Offizier, dessen Büch
1694 3034 2899 3110 Ruhmes von Karl Schönherr erfreuen. Ein Drama¬
458 3050 1691 3132 zunöchst ein Wort gestattet sei, ist so glücklich, sich eine Per¬
2905 3078 3320 3135 Geschehnissen und in
1690 3086 2895 3149 tiker von kluggegliedertetz, Wucht, wahrlich ein Tragiker, der
467 3096 1688 3192 sönlichkeit beizählen zu dürsen, die doch wiederum zu einer
2897 3122 3330 3196 jauchzen können. Uns
1699 3127 2901 3202 mit unbeirrbarer Hand die Handlungen seiner Stücke mit
470 3145 1691 3226 Köstlichkeit der österreichischen Literatur, nein, zum festen
2891 3174 3317 3245 verbrauchte Dichter
1698 3182 2901 3257 stahlhartem Griffel einzuzeichnen weiß. Auch der frühe Tod
461 3197 1691 3281 Besitz der großen deutichen Nationalliteratur geworden ist:
2900 3222 3317 3286 raketengleich empors
1696 3223 2899 3299 von Anton Renk darf beklagt werden, eines Lyrikers,
462 3246 1688 3339 Marie v. Ebner=Eschenbach, die wundervolle Frau und
2905 3281 3323 3335 schon vermeint, ein
1695 3278 2900 3354 dessen Fristallreine Verse an die wie im Schuppenpanzer er¬
470 3293 1697 3375 Poetin, vor der sich alle Parteien in einmütiger
2903 3323 3332 3406 Formen und Forme
1697 3327 2895 3412 klirrenden Strophen seines Geistesbruders, des unglück¬
474 3335 1689 3415 Verehrung neigen. Der Ebner gleich nach folgt Jakob Ju¬
2990 3373 3315 3439 Im ewig wechse
1696 3389 2569 3451 lichen Hermannv. Glimm erinnern.
468 3391 1691 3493 lius David. Ein großer Mensch, ein stummer Kämpfer,
2910 3420 3319 3500 mag das dem Österr
1771 3419 2901 3500 Jetzt Niederösterreich! Besser gesagt: Wien. Ist doch
460 3448 1695 3535 der zudem den schweren Duft der mährischen Ackerscholle in
2913 3467 3327 3552 und zuversichtlichen
1699 3477 2907 3549 die alte Kaiserstadt der große Sammelbehälter, dem unsere
472 3488 1690 3575 seinen Büchern hatte, als das Wort von der Heimatkunst noch
476 3528 2909 3623 lange, lange nicht in den Garküchen der Literatur herum= Talente seit jeher gern zustreben. Den sehr ansehnlichen Reigen,
480 3561 2924 3688 gereicht wurde. Vier Lebende mögen den Ring schließen: der hier auf den Plan treten könnte, sei als Anführer Arthur
