3344 4384
170 232 881 345 2. Guttings
1924 162 2379 241 — —.—
877 225 1301 326 box 37/4
1475 1014 1899 1104 Felix Stössinger.
951 1158 2410 1253 Tausenden nur vier lyrisch gedachte und gefühlte Verse geschrieben. Im 6. Ge¬
950 1220 2414 1303 sang der Ilias, als Glaukos, der Sohn des Hippolochos, die Geschlechter der
956 1280 2413 1332 Menschen mit den Blättern im Walde vergleicht: „einige streuet der Wind
946 1337 2414 1415 auf die Erd' hin, andere wieder treibt der knospende Wald, erzeugt in des
948 1391 2416 1434 Frühlinges Wärme: so der Menschen Geschlecht, dies wächst und jenes ver¬
948 1439 2412 1521 schwindet“ Hier hat der ichter alle Distanz verloren und das Epos
949 1498 2417 1550 subjektivisiert, in Lyrik getauscht. Aber rasch arbeitet er sich aus dieser Ge¬
944 1542 2400 1621 fühlsumkettung heraus und kündet gemeinhin und stolz den Ruhm der Menschen¬
937 1613 2407 1689 geschlechter. Wohl haben die Großen also Anleihen, soweit es die Tendenz ihrer
948 1657 2406 1713 Kunstgattungen forderte, gemacht, ihr Naturell vielleicht gar nicht zu unterdrücken
945 1713 2417 1793 gesucht, aber sie haben nicht ihr ganzes Kapital in Anleihen anlegen müssen,
944 1760 2318 1830 was den unumstößlichen Beweis einer zwitterhaften Begabung erbringt.
1034 1818 2404 1887 Noch immer kann ein feines Talent dieses künstlerische Defizit durch
934 1879 2405 1938 gewandte Formbeherrschung decken. Ein Lyriker z. B., wenn er die innere
946 1921 2412 2007 Weibheit seiner zarten Seelenempfindung, den Nuancenreichtum seines inneren
936 1970 2404 2065 Resonanzvermögens in kurze Novelletts, Skizzen und rhythmisch gegliederte
929 2043 2400 2093 Aphorismen kleiden kann. So handelt Peter Altenberg. Er ist die empfind¬
929 2085 2406 2172 samste, lyrischste Persönlichkeit der Jungwiener (neben Schnitzler) und kann
924 2146 2411 2226 dennoch nie sein vornehmlich lyrisches Gefühl, seinen Stimmungsreichtum in
924 2202 2397 2271 die rhythmische Versform der Lyrik gliedern. Er hat Verse geschrieben, aber
925 2260 2398 2324 sie snd so kalt, als ob sie von Hagedorn, Gellert, Gleim, Az, Karschin wären.
925 2314 2393 2390 Dann kehrt er in den Stammbereich seiner Begabung zurück: und mit leichter
928 2356 2401 2445 ironischer Epigrammatik, mit graziöser Dialogkunst (feingeschliffenen Spiegelungen
927 2419 2390 2488 seiner Empfindung), grotesken Weltschmerz und snobistischer Denkart, weiß er
929 2469 2389 2550 den Effekt vollkommenster Lyrik zu erzielen. Er nennt sich das könend ge¬
927 2526 2386 2605 wordene, stumme Frauenherz und ist doch nur ein stummer Lyriker. Einer,
928 2577 2395 2645 dessen Innenleben reich ist an phantastischen Gestalten, ein feinfühliger Poet,
921 2638 2389 2716 dem organische Formungskraft fehlt. Was allen tot erscheint, birgt für ihn
918 2681 2392 2769 noch blühendes Leben, zeigt sich ihm farbig und reich, so daß dem
909 2758 2386 2823 Lyriker das trostloseste Sein zur Lust wird. So empfindet es Altenberg
916 2795 2393 2850 für sich, so für andere. Für Hamsun hat er deswegen die wahlverwandte
917 2861 2383 2916 Sympathie, die sich in einem Aufruf sehr hübsch äußert. Was Hamsun zum
924 2893 2383 2988 Doeten macht, ist derselbe Altenbergische Empfindungsreichtum. Auch er ist
917 2970 2386 3025 Reinlyriker, auch er mit Bewußtsein Zwitterkünstler. Er löst eine Stimmung
902 3005 2379 3092 in alle Partikelchen auf, zwingt der Amwelt die subjektivste Empfindung auf
898 3073 2380 3121 und dehnt diesen Vorgang in einen Roman aus. Aber Reinepik fehlt. Episch
906 3119 2389 3209 ist bei ihm nur der jeder Lyrik notwendig verbundene Bewegungstrieb der
905 3172 2379 3258 zeitlichen oder räumlichen Veränderung oder des schwingenden, wogenden
907 3236 2369 3288 Gleitens um einen Dunkt. „Hunger“ und „Dan“ sind klassische Zwitterkunst¬
908 3291 2371 3358 werke dieser Art. Ein lyrischer Zyklus würde auf einige Seiten alles zu
896 3340 2388 3419 bannen wissen, wozu Hamsun einen starken Band braucht. Eine Empfindung
907 3395 2382 3482 wird zu Beginn bezeichnet und nun wie ein Thema endlos variiert und dennoch
897 3484 1038 3550 214
