3344 4352
145 272 839 384 2. Guttings
838 263 1296 352 box 37/4
1506 1170 1647 1255 „..0
1186 1219 1794 1330 (Quellenangabe ohne Gewäht).
955 1322 1354 1411 Ausschnitt aus:
1139 1335 2067 1486 2 12 1e Neuee Wiener Jeurnal
951 1466 1140 1549 vom 1
1512 1494 2135 1602 der geleseuste deutsche
944 1535 1229 1607 (Artur
849 1596 2147 1637 Schriftsteller in Schweden.) Interessante Mitteilungen!.
845 1612 2123 1690 macht im Anschluß an die letzte Nobel=Preisverteilung ein Stock¬
839 1673 2046 1755 holmer Mitarbeiter der „Frkf. Ztg.“: Die Nobel=Bibliothek
851 1719 2015 1785 schwedischen Akademie (welche gewissermaßen die Grundlage
857 1762 2034 1844 die Verteilung des Nobel=Literaturpreises bildet. D. Red.) ist
850 1812 2108 1878 ihrer Art — nämlich auf dem Gebiete der internationalen Schön¬
860 1855 2124 1947 siteratur und Literaturkritik — wohl die reichhaltigste und best¬
885 1925 1955 1989 rganisierte der Welt. Hat man — wie Schreiber dieses
870 1958 2150 2048 inige Jahre abseits vom Kontinent und in einer Stadt, in der
830 2006 2124 2086 (Die kontinentale Schönliteratur schwer erreichbar ist, gelebt, dann
831 2062 2131 2147 ffeiert man durch die Nobel=Bibliothek Tag für Tag seine Nobel¬
1414 2106 2126 2178 das Wort ist wohl abgemessen
831 2113 1303 2196 Feste. Sie besitzt
948 2150 2128 2224 jedes halbwegs bedeutende Buch aus allen Kultur¬
2013 2207 2127 2276 nur
844 2202 1975 2275 sprachen und sogar auch von den kleineren.
1708 2246 2122 2322 größere flawische
1539 2258 1670 2319 Eine
846 2257 1542 2318 halb kultivierten Völkern.
864 2300 2110 2372 Bibliothek als hier soll sich nur in Petersburg und Prag finden.
868 2354 2118 2424 Magyarische Bücher füllen einige Reihen. Und deutsche und
874 2395 2111 2476 englische Werke — die viel zahreicher als die schwedischen vor¬
864 2414 2123 2522 handen sind — füllen mehrere Säle. Von allen Nationen finden
866 2498 2127 2583 sich die bedeutenderen Werke vom XV. Jahrhundert bis in den
875 2537 2125 2632 letzten Monat hinein. Die Organisierung dieser schönliterarischen
862 2586 2122 2678 und literaturkritischen Bibliothek ist außerordentlich gut
854 2638 2127 2717 durchgeführt, und ich glaube, wer diese Zweige der Litera¬
835 2694 2144 2780 Ituren aller Nationen studieren will, findet nirgends in
1865 2738 2112 2797 W. Ceue
844 2781 2156 2881 1 der Welt eine geeignetere Bibliothek (nämlich international organi¬
887 2834 2147 2923 siert). Verblüffend ist der Reichtum der deutschen, französi¬
900 2876 2148 2974 schen und englischen Abteilung. In der deutschen fand sich
881 2919 2148 3015 alles, aber alles, was ich nur jemals dort gesucht habe. Merl¬
877 2985 2148 3076 würdig ist, daß in Schweden von den deutschschreibenden Schrift¬
880 3028 2143 3111 stellern die Oesterreicher die beliebtesten sind. Bahr und
886 3072 2147 3162 Schnitzler gehören zum festen Repertoire der schwedischen
874 3101 2139 3201 Bühne. Schnitzler ist (trotzdem er in der Nobelbibliothek
874 3171 2142 3237 mit zirka 20 Bänden vertreten ist) fast nie zu erhalten. Er ist
869 3217 2148 3306 immer „unterwegs“ und, wie ich erfahre, auch der Gesamtzahl
876 3266 2140 3349 der Entlehnungen nach der gelesenste deutsche Schriftsteller. Nach
872 3314 2144 3403 ihm kommt Klara Viebig, G. Freussen, Ricarda Huch und dann
849 3363 2166 3424 erst Hauptmann. Aber die alle kommen an Schnitzlers Beliebtheit
869 3420 2161 3515 nicht heran. Er hat den Platz des früher an erster Stelle“
865 3455 2136 3557 stehenden, jetzt aber viel weniger beachteten Ompteda eingenammen.
