3344 4352
805 335 1285 430 box 37/4
100 329 809 448 2. Cuttings
1075 871 2181 991 BskarT. Walzer, Bumfichtragen der Segenwart.
655 900 713 994 2
635 1011 2642 1071 kum. „Warum unheimlich ?a erwidert ein auch das naturaliltisch erzogene Publikum
1646 1059 2638 1122 unserer Tage an einer durchaus nichtillusio¬
646 1046 1645 1122 anderer, MMich beruhigt das sehr. So lange
1650 1106 2644 1171 niitischen Inszenierung seine helle Freude
646 1104 1645 1181 das Gesindel zu Späßen aufgelegt ist,
1653 1158 2642 1213 haben kann, bezeugt mit gleicher Stärke die
649 1153 1637 1232 kommt's doch nicht zu was Ernitem. Und
1659 1210 2651 1277 Darltellung, die Shakespeares „Was ihr wollte
643 1207 1644 1281 wie hier alles in wechselnden Farben schillert,
645 1265 1646 1348 so bewegt sich in dem Kreise der Dirnen,
1652 1275 2648 1332 auf Reinhardts Deutschem Theater findet.
646 1318 1647 1387 die von Schauspielerinnen nur gespielt wer¬
1651 1306 2655 1404 Sie bedeutet einen der nachhaltiglten Erfolge
1657 1378 2286 1442 des genialen Dramaturgen.
651 1368 1640 1432 den, eine ci=devant=Marquise, die in ihrem
642 1427 1640 1497 Inneriten eine weit echtere Dirne ilt als alle
1725 1402 2654 1506 Reinhardt wird heute von den Vorkämpfern
1651 1478 2647 1550 der nichtillusionistischen Bühne vielfach als
641 1478 1645 1533 dargeltellten; sie ilt zum eritenmal in dem
644 1531 1640 1586 Spelunkenkabarett, aber sie fühlt sich da wie
1662 1536 2651 1611 Hauptitütze naturaliltischer Bühnendekoration
1649 1587 2652 1639 hingeltellt. Ohne Zweifel hat er gelegentlich
645 1587 1644 1645 zu Hause und plätschert mit Behagen in dem
650 1641 1331 1719 gemireten Kaschemmensumpf.
1662 1642 2646 1715 der Wirklichkeit faft schrankenlos seine Bühne
1655 1710 2649 1767 ausgeliefert. Aber schon sein Prinzip, jedes
722 1684 1638 1764 Das Spiel der Strolche wird immer natur¬
1660 1749 2639 1827 Stück nach eigenen, seinem Wesen ent¬
656 1754 1640 1813 wahrer. Ein Angitlicher aus der Gruppe der
647 1806 1650 1859 Kavaliere flültert: Es ilt erschreckend, die
1652 1807 2654 1873 sprechenden Gesichtspunkten auszultatten,
658 1857 1644 1923 Leute meinen es ernit. Die Revolutions¬
1659 1861 2653 1926 nähert ihn dem Versuche Schumachers.
1663 1912 2654 1987 Ebenso wie Schumacher nicht daran denkt,
649 1909 1640 1997 phrasen klingen so bedrohlich; die Illusion
1662 1967 2655 2037 die Ausitattungsweise seines #Hamletg einem
655 1959 1639 2022 steigt. Da erscheint Henri, der Star der
1647 2015 2648 2082 anderen Stücke aufzupfropfen, ebenso will
649 2019 1652 2075 Truppe. Er erzählt mit allen Zeichen der
662 2074 1648 2152 Wahrheit, daß er seine Frau mit dem Herzog
1658 2063 2650 2154 Reinhardt naturaliltisch inszenieren, wenn er
1662 2127 2654 2200 eine naturaliltische Dichtung, nichtillusioniitisch,
657 2149 1639 2203 von Cadignan überrascht und den Herzog
652 2197 1641 2253 getötet habe. Alle wissen, wie sehr er seine
1650 2187 2633 2247 wenn er ein Werk vor sich hat, das auf Wirklich¬
1660 2230 2653 2309 keitswirkungen von vornherein verzichtet. Das
655 2238 1639 2301 Frau liebt, wie eifersüchtig er ilt, und wieviel
644 2283 1643 2364 Grund zur Eifersucht seine Frau ihm gibt.
1659 2283 2655 2359 Prinzip ift unanfechtbar, ift wohl das sicherite
653 2350 1640 2420 In demseiben Augenblick dringt die Nach¬
1647 2341 2645 2413 und feltefte Ergebnis aller Bemühungen, die in
655 2384 1631 2467 ricit, daß die Baltille erktürmt sei, in die
1653 2404 2654 2459 den letzten Jahren der Wiedergeburt der
644 2448 1652 2525 Spelunke. „Freiheit, Freiheitle dröhnt es
1650 2446 2654 2534 Bühne gedient haben. Ob in der Anwendung
643 2497 1644 2579 durchs Haus. Alle Bande scheinen gelöft.
1661 2508 2649 2581 des Prinzips Reinhardt ftets das Rechte triftt,
649 2563 1642 2633 Der Wirt und Theaterdirektor, überzeugt, daß
1656 2558 2650 2623 darf dabei offene Frage bleiben. Doch für
1649 2607 2651 2684 „Was ihr wolltg hat er einen ebenso origi¬
650 2610 1646 2671 Henri wirklich der Mörder Cadignans sei,
1657 2656 2653 2721 nellen wie wirkungsvollen und dem Kunft¬
650 2670 1638 2725 meint, nun, nach dem Fall des Bollwerks der
1661 2714 2650 2794 werk gerechten Rahmen gefunden. Die De¬
645 2722 1636 2792 Tyrannei, brauche die Ermordung eines Her¬
1659 2773 2658 2848 korationen sind ganz einfach gehalten. Mitten
647 2778 1651 2842 zogs nicht weiter Geheimnis zu bleiben: Jetzt
648 2828 1637 2898 brauchft du dich nicht mehr zu fürchten,
1654 2840 2656 2897 durch die Drehbühne zieht sich eine breite
650 2885 1651 2947 ruft er Henri zu, bjetzt kannit du's in die
1656 2881 2650 2953 Bahn, rechts und links von grünen Wänden
1662 2941 2656 3003 eingeschlossen, die die sorglich geschorenen
654 2936 1635 3007 Welt hinausschreien. Ich hätte dir schon vor
1654 2987 2647 3065 Baumreihen eines Parks andeuten. Diese
637 2990 1638 3056 einer Stunde sagen können, daß sie die
1657 3040 2648 3104 Bahn wird durch eine Erhöhung, die quer
644 3046 1643 3111 Geliebte des Herzogs ilt.c Entsetzt schreit
1660 3103 2651 3168 über ihrer Mitte liegt, in zwei Hälften geteilt;
639 3102 1638 3161 Henri auf: SSie war seine Geliebte? Sie war
1661 3154 2645 3229 beide Hälften können abwechselnd als besondere
650 3153 1639 3230 die Geliebte des Herzogs? Ich hab’ es nicht
1656 3200 2655 3281 Szenen benützt werden. Den Hintergrund
636 3210 1635 3283 gewußt ... er lebt ... er lebt.e Alles war
1652 3263 2648 3340 bildet der ewige Prospekt: ein freier Durch¬
647 3266 1638 3331 nur Spiel gewesen. Eine ungeheure Bewegung
1652 3304 2646 3383 blick auf den Horizont eröffnet sich also
642 3320 1638 3371 geht durch die Versammelten. Da betritt der
1648 3362 2642 3450 zwischen den Baumreihen. Senkrecht zur
649 3370 1638 3433 Herzog von Cadignan den Raum. Henri
1655 3419 2649 3482 Achse der Gartenszenen ist auf einer Seite
636 3414 1640 3491 ftürzt auf ihn los und Itößt ihn nieder. Das
1660 3476 2647 3558 der Drehbühne ein schlichter Platz aufgebaut,
636 3487 1637 3547 Spiel ilt ganz und gar Wahrheit geworden.
1650 3532 2644 3597 umrahmt von gemalten Häusern, auf der
641 3535 1642 3604 Die Illusion hat sich in Wirklichkeit umgesetzt.
1654 3589 2651 3652 andern eine Trinkitube. Das Zimmer in
714 3591 1640 3651 Die bloße Exiftenz des »Grünen Kakadug,
1655 3653 2646 3710 Olivias Hause ift durch ein einfaches Lein¬
643 3627 1632 3698 dann aber der Beifall, den er gefunden hat,
1663 3691 2637 3761 wandzelt versinnbildlicht, das vom Schnür¬
638 3695 1634 3753 beweift unwiderleglich, daß auch dem Theater
644 3754 1642 3809 von heute die reiche Beweglichkeit Illusion
1660 3796 2653 3861 Dekoration der Drehbühne verdeckt. Durch
641 3796 1648 3873 erweckender und gleich wieder sie zerltörender
638 3853 2660 3921 Dramatik nicht abhanden gekommen ist. Daß diese Anordnung ist ein Umbau der Dreh¬
2608 4215 2775 4276 E
