3344 4352
142 253 1300 366 2. Guttings box 37/4
379 790 3315 887 g##             ee
631 959 3292 1090 Die deutschen Dramatiker der Gegenwart. II!).
1713 1113 2227 1202 Von Eduard Engel.
373 1214 3290 1319 HODOODGODGGOGHBBDHGGGGGGDBDGGDGGODDBDBOG BDGBHGDHGDBDDBBBBBGGGOGBGDHOBOBOGGDBGBGBGGG OBBGDGBGGBGGBGG
1434 1378 2493 1458 unpoetische Verkleinerung des großartigen Weibes in der
1425 1451 1795 1507 uralten Legende.
1500 1463 2507 1526 Besorgt schauen sich die Theaterleiter und die Freunde
1427 1499 2500 1571 unserer dramatischen Dichtung nach den jungen Drama¬
1438 1554 2504 1605 tikern um, von denen uns neues Heil kommen soll. Jeder
1440 1587 2506 1643 neue Junge, jeder junge Neue wird zunächst wie ein Genins
1431 1636 2508 1684 behandelt, und unsere verrohtefte Theaterkritik gewährt
1429 1668 2502 1724 diesen Heilanden des Dramas die schönsten Ruhmes¬
1431 1702 2515 1769 vorschüsse. Schwerlich hat es je eine Zeit wie diese ge¬
1442 1748 2519 1801 geben, in der Kritiker und Zuschauer den jungen Talenten
1435 1778 2505 1844 so weitherzig entgegengekommen sind. Ein sehr einfluß¬
1439 1823 2515 1878 reicher Teil unserer Presse treibt den grausamen Sport,
1442 1864 2515 1923 um jeden dieser Jungen und Jüngsten einen Nebelkreis
1441 1892 2511 1964 zukünftiger Verühmtheit zu verbreiten, grausam deshalb,
1443 1934 2508 1995 weil so viel vorausverkündeter Ruhm nur durch große
676 1957 902 2028 —
1439 1981 2512 2037 Meisterwerke verwirklicht werden kann. So hat es die
3039 1847 3124 2049 2
808 1993 883 2056 2
1442 2011 2515 2069 Presse nacheinander mit Herbert Eulenberg und mit Karl
1451 2051 2528 2135 Gustav Vollmoeller getrieben, und herausgekommen ist
2842 2833 3310 2917 Karl Gustav Vollmoeller.
682 2871 1139 2959 Wilhelm Schmidt=Vonn.
2581 2968 3335 3031 Hermann Bahr ist schon einer der
416 3003 1452 3088 In Wilhelm Schmidt=Vonn, geboren 1876, kann
2525 3018 3340 3081 diesem Jung=Österreich, und er erscheint uns
370 3047 1450 3114 Aman insofern seine Freude haben, als er zu den Auf¬
2519 3057 3334 3117 weil er so ziemlich jedes Jahr für eine neue lite
366 3112 1450 3160 steigenden gehört. Er hat ein paar recht schlechte Stücke
2513 3102 3332 3163 begeistert ist, immer mit der gleichen tiefen
362 3146 1456 3214 geschrieben, z. B. den „Jubiläumsbrunnen“, und einen
2523 3143 3343 3208 mit der gleichen Wärme, fast immer mit
2522 3184 3345 3240 spielerischen, oberflächlichen Geistreichigkeit
365 3186 1445 3232 sehr guten Novellenband „Uferlente“ (Geschichten vom
372 3222 1453 3271 untern Rhein), und ich war geneigt, ihm keine drama¬
2516 3216 3335 3278 Bahrs Leben auch manches Jahr mit je z
372 3258 1448 3314 tische Zukunft mehr zuzusprechen. Man soll aber im lite¬
2526 3247 3323 3309 Überzeugungen gegeben. Er ist 1863 in
375 3290 1455 3363 rarischen Prophezeien sehr vorsichtig sein: Schmidt=Bonns
2515 3295 3320 3359 hat in den zweiundzwanzig Jahren seiner
367 3335 1448 3402 „Graf von Gleichen“ aus dem letzten Spielwinter hat be¬
2518 3346 3337 3391 etwa fünfundzwanzig Stücke verfaßt, dar#
2521 3365 3340 3431 wieder eins, das beinahe an die Kunst ge
370 3375 1458 3423 wiesen, daß er sich höhere Ziele steckt, stärkere Kraft daran¬
1805 3359 2163 3446 Herbert Eulenberg.
364 3414 1463 3470 zuwenden hat, und wenngleich ich seinen „Grafen von
2518 3419 3341 3469 die kaum zur Literatur gehören. Ein wir
2523 3443 3332 3506 werk ist ihm nicht ein einziges Mal gelung
374 3452 1458 3506 Gleichen“ für ein verfehltes, ich meine vergriffenes Drama
2513 3498 3325 3555 es auch? Zur Kunst, auch zur heitersten,
369 3503 1446 3555 halte, so stehe ich doch nicht an seinen dramatischen Fort¬
1442 3494 2515 3575 dabei nichts anderes als eine erhitzte Treibhausberühmt¬
2523 3535 3328 3588 wisser Kunsternst, und den bringt Bahr n
371 3530 1444 3598 schritt anzuerkennen. Für verfehlt halte ich seinen „Grafen
1449 3546 2515 3604 heit, die nach ganz kurzer Zeit verfliegen mußte. Herbert
2514 3563 3341 3628 Ernst sich nicht mit der aufs Verblüffen
363 3569 1440 3627 von Gleichen“ darum, weil der neuzeitliche Dichter durch¬
1444 3582 2517 3656 Enlenberg aus Mülheim (geboren 1876) ist durch seinen
2529 3605 3001 3675 Geistreichigkeit verträgt.
369 3609 1449 3670 aus hat großartiger und tiefer sein wollen als der un¬
1459 3629 2514 3693 „Ritter Blaubart“ zu einer flüchtigen, halb komischen Be¬
2584 3630 3320 3704 Artur Schnitzler, 1862 in Wien
376 3649 1446 3703 bekannte Erfinder der seinen Krenzzugsnovelle von dem
1460 3669 2514 3728 rühmtheit gelangt, aber nur von der Presse Gnaden, die
365 3686 1449 3732 Manne mit den zwei geliebten und liebenden Frauen.
2530 3668 3339 3754 seinen einzigen großen Bühnenerfolg, mit
1460 3717 2515 3766 sehr verschieden von denen der Zuschauer sind. Sein
374 3727 1450 3778 Die zu Hause gebliebene, die ihres Gatten Retterin vom
2531 3723 3344 3779 Liebelei“ (1895), nicht wieder erreicht oder i
1448 3741 2525 3807 bestes Stück ist meines Wissens noch nirgends zur Auf¬
2519 3762 3321 3824 Trauerspiel eines Mädchenherzens, das sich
381 3770 1454 3827 sichern Martertode nicht mit einer den Durchschnitt über¬
1448 3789 2503 3847 führung gekommen, ja selbst in literarischen Kreisen so
2517 3787 3358 3873 und dafür ein ganzes Männerherz gewonn
376 3805 1449 3868 ragenden Herzensgröße wertet, sondern sie mit einer ganz
1441 3825 2507 3892 gut wie unbekannt geblieben: die Tragödie „Kassandra“.
375 3844 1455 3906 niedrigen, spießbürgerlichen Eifersucht verfolgt, ist eine
1443 3858 2520 3921 An dieses Stück halte ich mich, wenn von einem Drama¬
1448 3901 2521 3965 tiler Eulenberg gesprochen werden darf; alles andere gebe
1443 3955 1658 4017 ich preis.
1519 3965 2512 4039 Karl Gustav Vollmoeller, geboren 1878 in Stutt¬
1446 4019 2520 4080 gart, ist gleich Eulenberg einer der Dichter des „drama¬
1450 4055 2526 4118 tischen Schattenspiels“, der Schattendramen mit Schatten¬
1443 4094 2523 4157 gestalten für eine Schattenbühne. Seine bedeutendste
1446 4134 2526 4196 dramatische Arbeit: „Katherina, Gräfin von Armagnac
