3344 4352
422 605 491 682 4
196 610 358 700 —
361 562 436 709 0
167 1543 624 1613 Wilhelm Schmidt=Vonn.
114 1687 930 1736 Im Schmidt=Vonn, geboren 1876, kann
118 1732 926 1784 fern seine Freude haben, als er zu den Auf¬
112 1768 927 1823 hört. Er hat ein paar recht schlechte Stücke
125 1811 935 1866 B. den „Jubiläumsbrunnen“ und einen
112 1833 932 1902 Kovellenband „Uferleute“ (Geschichten vom
141 1889 929 1930 und ich war geneigt, ihm keine drama¬
137 1932 920 1976 mehr zuzusprechen. Man soll aber im lite¬
114 1975 925 2023 phezeien sehr vorsichtig sein: Schmidt=Vonns
114 2009 929 2051 leichen“ aus dem letzten Spielwinter hat be¬
137 2046 922 2102 sich höhere Ziele steckt, stärkere Kraft daran¬
141 2085 927 2138 und wenngleich ich seinen Grafen von
113 2109 931 2177 ein verfehltes, ich meine vergriffenes Drama
128 2167 925 2215 ich doch nicht an, seinen dramatischen Fort¬
120 2214 931 2256 ennen. Für verfehlt halte ich seinen Grafen
132 2245 917 2289 darum, weil der neuzeitliche Dichter durch¬
110 2267 914 2331 irtiger und tiefer sein wollen als der un¬
111 2321 927 2372 ider der feinen Kreuzzugsnovelle von dem
112 2362 923 2405 den zwei geliebten und liebenden Frauen.
140 2402 921 2446 gebliebene, die ihres Gatten Retterin vom
109 2445 912 2492 rtode nicht mit einer den Durchschnitt über¬
127 2479 919 2524 zensgröße wertet, sondern sie mit einer ganz
125 2519 923 2576 ießbürgerlichen Eifersucht verfolgt, ist eine
475 3079 604 3195 □
212 3780 369 3834 Wolacgen
229 3810 421 3872 FIRTAAR
474 3802 685 3882 R
313 3862 646 3917 S
283 3879 463 3957 Sun
240 3995 525 4051 Hermann Bahr.
1036 147 1989 210 Jesorgt schauen sich die Theaterleiter und die Freunde
946 205 1996 253 unserer dramatischen Dichtung nach den jungen Drama¬
936 238 1991 289 tikern um, von denen uns neues Heil kommen soll. Jeder
942 288 1996 331 neue Junge, jeder junge Neue wird zunächst wie ein Genins
934 314 2007 365 behandelt, und unsere verrohteste Theaterkritik gewährt
1370 353 2003 402 Dramas die schönsten Ruhmes¬
937 356 1360 406 diesen Heilanden des
1562 387 1994 436 eine Zeit wie diese ge¬
942 389 1487 446 vorschüsse. Schwerlich hat es
938 435 2003 483 geben, in der Kritiker und Zuschauer den jungen Talenten
936 470 1982 518 so weitherzig entgegengekommen sind. Ein sehr einfluß¬
945 509 1999 554 reicher Teil unserer Presse treibt den grausamen Sport,
941 543 1998 596 um jeden dieser Jungen und Jüngsten einen Nebelkreis
948 597 1997 638 zukünftiger Berühmtheit zu verbreiten, grausam deshalb,
954 634 1997 676 weil so viel vorausverkündeter Ruhm nur durch große
941 661 1995 702 Meisterwerte verwirklicht werden kann. So hat es die
943 702 1999 741 Presse nacheinander mit Herbert Eulenberg und mit Karl
951 752 2012 795 Gustav Vollmoeller getrieben, und herausgekommen ist
1402 1287 1462 1352 8
1394 1332 1585 1436 —
1289 2047 1652 2115 Herbert Eulenberg.
942 2179 1993 2240 dabei nichts anderes als eine erhitzte Treibhausberühmt¬
937 2235 2001 2283 heit, die nach ganz kurzer Zeit verfliegen mußte. Herbert
940 2278 1994 2320 Eulenberg aus Mülheim (geboren 1876) ist durch seinen
940 2319 1990 2359 „Ritter Blaubart“ zu einer flüchtigen, halb komischen Be¬
944 2350 1994 2385 rühmtheit gelangt, aber nur von der Presse Gnaden, die
944 2390 1998 2437 sehr verschieden von denen der Zuschauer sind. Sein
941 2430 1990 2472 bestes Stück ist meines Wissens noch nirgends zur Auf¬
953 2471 1987 2524 führung gekommen, ja selbst in literarischen Kreisen so
944 2517 1987 2561 gut wie unbekannt geblieben: die Tragödie „Kassandra“
943 2548 1997 2588 An dieses Stück halte ich mich, wenn von einem Drama¬
942 2588 1992 2635 tiler Eulenberg gesprochen werden darf; alles andere gebe
942 2628 1133 2680 ich preis.
1006 2648 2000 2709 Karl Gustav Vollmoeller, geboren 1878 in Stutt¬
938 2724 2000 2755 gart, ist gleich Eulenberg einer der Dichter des „drama¬
940 2762 2006 2794 tischen Schattenspiels“ der Schattendramen mit Schatten¬
938 2770 1994 2832 gestalten für eine Schattenbühne. Seine bedeutendste
930 2823 2004 2860 dramatische Arbeit: „Katherina, Gräfin von Armagnac
941 2857 1998 2905 und ihre beiden Liebhaber“ verdient Beachtung wegen
940 2905 2003 2952 ihrer feinen lyrischen Reize, nicht wegen ihres dramatischen
945 2947 1995 2996 Gehaltes. Schatten sprechen von Leidenschaft, Schatten
937 2978 1996 3030 töten und werden getötet. Ich habe mir im Laufe eines
931 3014 1998 3074 langen kritischen Lebens eine ganz einfache Regel für die
941 3055 1999 3100 Veurteilung des menschlichen und darum auch des dichte¬
943 3108 2004 3148 rischen Gehaltes neuer Dramen aus Hunderten von Be¬
1865 3130 1995 3181 einem
940 3142 1788 3184 obachtungen auf frischer Tat gezogen. Werde#
943 3172 1992 3218 Sind Menschen gelötel, und ich Reide tall dabei, dann
947 3213 1996 3256 sage ich mir: Das liegt nicht an meiner Hartherzigkeit,
938 3250 2004 3290 denn ich bin nicht hartherzig, eher das Gegenteil, sondern
937 3302 1997 3340 an der Ohnmacht des Gestalters der Menschen und ihrer
944 3336 1873 3376 Schicksale in der leichten Kunst, mich zu ergreifen.
1004 3357 1997 3419 Eine Sondergruppe bilden die österreichischen Drama¬
940 3405 2006 3444 tiker, wenngleich ich mich von der kinderleichten, bekannten
937 3454 2000 3494 Spielerei mit künstlerischen Gemeinsamkeiten da nicht ab¬
941 3484 1996 3539 gebe, wo sie nur gewaltsam und mit dem Treppenwitz
942 3534 1999 3571 der Literaturgeschichte herauszudenteln sind. Man mag
944 3566 2007 3614 immerhin gewisse Ahnlichkeiten einer sog. österreichischen
942 3611 1997 3652 Schule herausspüren, z. V. die starke Beeinflussung durch
935 3639 1998 3682 ausländische Vorbilder bei Bahr, Hofmannsthal, Veer¬
952 3675 2004 3725 Hofmann; die Freude am klingenden, möglichst reinen
946 3714 2004 3764 Vers bei Schnitzler und wiederum bei Hofmannsthal;
944 3769 1999 3805 die Neigung zum mildsatirischen Geplander bei Schnitzler
942 3799 1995 3840 und Auernheimer; das Schöpfen aus den Quellen des
944 3834 1988 3883 Volkslebens bei Karlweis, Salten, Schönherr. Indessen,
1774 3874 1988 3926 denn Ahn¬
953 3874 1772 3921 all das zusammen gibt noch keine „Schule",
942 3920 1938 3972 liches findet sich auch bei reichsdeutschen Dramatikern.
1014 3961 1823 4041 *) 1 f. Nr. 3444 der „Illustr. Ztg.“ vom 1. Juli 1909.
2432 436 2632 523 S
2426 560 2602 654 S
2334 1522 2805 1592 Karl Gustav Vollmoeller.
2071 1656 3071 1711 Hermann Bahr ist schon einer der älteren unter
2020 1706 3062 1752 diesem Jung=Österreich, und er erscheint uns um so älter,
2019 1751 3067 1795 weil er so ziemlich jedes Jahr für eine neue literarische Mode
2018 1785 3060 1833 begeistert ist, immer mit der gleichen tiefen Überzeugung,
2017 1836 3072 1880 mit der gleichen Wärme, fast immer mit der gleichen
2030 1909 3067 1955 Bahrs Leben auch manches Jahr mit je zwei modischen
2024 1944 3067 1990 Überzeugungen gegeben. Er ist 1863 in Linz geboren,
2014 1980 3066 2033 hat in den zweiundzwanzig Jahren seiner Schriftstellerei
2017 2024 3066 2068 etwa fünfundzwanzig Stücke verfaßt, darunter hin und
2017 2060 3071 2098 wieder eins, das beinahe an die Kunst gestreift, einige,
2013 2100 3072 2139 die kaum zur Literatur gehören. Ein wirkliches Kunst¬
2017 2140 3071 2175 werk ist ihm nicht ein einziges Mal gelungen. Wie sollte
2017 2196 3071 2230 es auch? Zur Kunft, auch zur heitersten, gehört ein ge¬
2020 2216 3069 2269 wisser Kunsternst, und den bringt Bahr nicht auf, weil
2018 2257 3075 2299 Ernst sich nicht mit der aufs Verblüffen ausgehenden
2017 2295 2469 2349 Geistreichigkeit verträgt.
2086 2324 3064 2381 Artur Schnitzler, 1862 in Wien geboren, hat
2028 2372 3061 2424 seinen einzigen großen Bühnenerfolg, mit dem Drama
2022 2414 3072 2464 „Liebelei“ (1895), nicht wieder erreicht oder überholt. Das
2021 2460 3068 2505 Trauerspiel eines Mädchenherzens, das sich ganz gegeben
2009 2493 3074 2541 und dafür ein ganzes Männerherz gewonnen zu haben
2398 3967 2710 4038 Artur Schnitzler.
