3344 4352
145 741 605 827 Hugo v. Hofmannsthal.
124 882 891 944 nach dem plötzlichen Tode des Geliebten
141 933 900 985 für ihn nur eine Liebelei gewesen, schöpft
129 980 895 1033 Enschlicher Quelle, wirkt ergreifend, ist gut
168 1019 893 1063 aus Ende geführt. Es ist bis heute
125 1054 890 1119 ktendster Veitrag zum lebendigen Drama
139 1095 346 1141 geblieben.
130 1132 890 1181 her steht sein „Einsamer Weg“ (1904), ja,
123 1175 887 1220 kinen Auftritt zwischen Vater und unehe¬
128 1212 902 1267 den ich für das Stärkste von Schnitzlers
134 1248 889 1300 halte. Leider finden sich in diesem sehr
135 1297 892 1340 allerlei Unklarheiten, und durch eine nur
127 1324 893 1389 kugende Doppelhandlung wird unsere Teil¬
136 1370 907 1416 Ermüdung hin und her gerissen. Bleiben
129 1406 905 1464 hnitzlers dramatischem Lebenswerk außer
135 1444 902 1494 einige ungemein feine, plandersame, wir¬
137 1489 899 1539 ter, so „Der grüne Kakadn“, „Das Abschieds¬
138 1525 900 1582 e unter dem Gesamttitel „Anatol“ ver¬
127 1563 898 1613 lchen Stücklein, die von weitem an Hart¬
127 1603 902 1657 innern. Das liebenswürdigste Lustspielchen
170 1641 911 1707 ist „Die Frage an das Schicksal“; kein
144 1679 667 1735 izose macht dies geistreicher.
150 1718 908 1768 fmannsthal aus Rodann bei Wien,
125 1759 906 1820 huldet uns immer noch ein eignes Stück,
133 1796 908 1843 In ungeheuern Ruhmesvorschuß bei seinen
134 1839 911 1889 dlich tilge. Von seinen kleinen älteren
134 1879 903 1928 Hochzeit der Sobeide“ „Die Frau im
137 1914 899 1961 Tor und der Tod“) haftet nur eine wohl¬
142 1950 902 2004 he im äußern Ohr; von einem Nachklingen
133 1995 902 2046 be ich nichts gespürt. Wortmusik, Tief¬
138 2030 907 2079 nsterei — doch wie gedankenarm und im
128 2078 912 2130 sch ist all dieses Getue! In seinen größeren
139 2113 911 2167 annsthal durchweg ein Nachdichter. Wie
162 2154 907 2204 in den letzten Jahren an Shakespeare,
141 2181 895 2241 inn von Aue, Grillparzer, Browning, wie
137 2235 907 2285 iener Beer=Hofmann in seinem „Grafen
186 3818 301 3875 Berlin.
224 3876 472 3942 Ernst Hardt.
1657 133 1725 176 rtig
973 168 1910 209 darstellungen des letzten Menschenalters. Der aufrege
965 208 1965 251 den Wirkung des Stückes und des Spiels konnten sich
966 247 1968 289 selbst solche Zuschauer nicht entziehen, die hinterher auf
970 288 1973 331 den großen Abstand zwischen der „Elektra“ des alten
959 324 1969 372 Sophokles und der des jungen Österreichers hinwiesen.
954 365 1970 403 Ich stehe auch nicht an, zu erklären, daß  abgesehen
956 401 1968 449 von den überragenden Schönheiten der Sopholleischen
957 439 1977 489 Tragödie — mir Hofmannsthal in einem wesentlichen
965 478 1972 522 Punkte den furchtbaren Stoff stilgerechter als der große
956 517 1970 565 Grieche behandelt hat. Was in der „Elektra“ geschieht,
957 552 1965 605 und was den Geschehnissen vorausgegangen ist: Gatten¬
963 591 1971 636 mord, Verfolgung der eignen Kinder durch die Mutter,
958 634 1958 677 Aufstachelung des Bruders durch die Schwester zur Er¬
958 672 1968 717 mordung ihrer Mutter, endlich die Abschlachtung hinter
961 706 1973 756 der Bühne, doch so, daß wir den Todesschrei der beiden
951 758 1971 800 Opfer hören, dazu der anfeuernde Ruf der Schwester
957 795 1974 837 an den Bruder zur Wiederholung des Todesstreiches:
955 825 1970 875 kein Drama der Weltliteratur bietet ähnliche Greuel
956 858 1976 919 dar, und zu ihrer Darstellung gehört ein Stil, der
906 900 1976 964 nicht wie der des Sophokles edel tönt und schönt, wo es
907 945 1620 996 nichts zu tönen und zu schönen gibt.
975 970 1977 1031 Ich schließe der Landsmannschaft wegen hier ein Wort
913 1016 1985 1065 über den österreichischen Schiller=Preisträger und seinen
906 1058 1976 1110 deutschen Preisgenossen an: über Karl Schönherr und
914 1099 1958 1134 Ernst Hardt. Karl Schönherr, geboren 1868 im tiro¬
910 1138 1970 1187 lischen Arams, hatte sich schon durch sein Drama „Sonn¬
912 1180 1975 1217 wendtag“ (1902) einen guten Namen gemacht, ohne uns
907 1220 1965 1265 von einer unzweifelhaften Begabung für das Drama zu
914 1255 1976 1290 überzeugen. Sein preisgekröntes Stück „Erde“ hatte ich
912 1299 1964 1344 bald nach dem Erscheinen im Buch gelesen, manchen kräf¬
912 1338 1974 1382 tigen Auftritt darin gefunden, doch nie ist mir dabei der
913 1371 1978 1411 Gedanke gekommen, es sei das Stück, das die Bedingungen
913 1411 1969 1465 des Schiller=Preises erfüllte. Indessen, die Geschichte dieses
1225 3236 1667 3314 Richard Veer=Hofmann.
933 3393 1998 3444 Preises mit seinen Verteilungen und Nichtverteilungen hat
933 3440 1988 3482 uns so bescheiden gemacht, daß wir schon sehr zufrieden
925 3474 1997 3524 sind, wenn der Preis ein nicht wertloses Stück und einen
924 3514 1989 3568 Dichter belohnt, von dessen Streben wir noch Gutes
922 3555 1251 3612 erhoffen dürfen.
992 3577 1991 3645 Ernst Hardt, geboren 1876 in Grandenz, war bis¬
920 3627 1995 3668 her als Lyriker besser bekannt denn als Dramatiker. Sein
936 3671 1985 3714 Schauspiel „Der Kampf ums Rosenrote“ hatte mir beim
932 3708 1989 3756 Lesen vor einigen Jahren den Eindruck gemacht, den so
929 3757 1999 3804 viele halbgute Stücke hervorrufen: dieser Dichter versteht
924 3787 1989 3847 kräftig einzusetzen, doch versagt ihm die Hand zur kraft¬
914 3825 1999 3893 vollen Weiterführung. Sein doppeltgekröntes romantisches
787 3930 2135 3980 Die deutschen Dramatiker der Gegenwart. II.
2405 871 2694 941 Karl Schönherr.
1991 1015 3033 1073 Drama „Tantris der Narr“ ist ein gutes Stück Lyrik —
1994 1067 3044 1120 ein Drama, vollends ein wirksames Bühnenstück ist es
1988 1100 3053 1161 nicht. Auch hier aber wollen wir uns freuen, daß ein
1982 1146 2616 1198 wirkliches Talent ermutigt wird.
2044 1164 3047 1228 Ich mag nicht endigen, ohne eines Seitenschößlings
1983 1217 3040 1267 unseres gegenwärtigen Dramas zu gedenken: der Brettl¬
1983 1258 3051 1308 kunst. Sie ist ja längst dem Schicksal literarischer Moden
1991 1306 3049 1351 verfallen, deren Dauer in der neusten Zeit kaum die der
1994 1338 3049 1389 Krawattenmoden erreicht, und etwas bleibend Wertvolles
1988 1377 3055 1417 hat sie nicht hinterlassen. Dennoch hat sie einen begabten
1984 1413 3048 1459 Tramatiker, zwar nicht hervorgebracht, doch in den Vorder¬
2001 1459 3048 1504 grund gezogen: Hanns v. Gumppenberg, geboren 1866
2000 1503 3052 1543 in Landshut. Da in Deutschland ein jeglicher von den
1997 1539 3042 1582 Kanzleiräten und Registratoren der Literatur in ein be¬
2000 1575 3057 1625 stemmtes Jach geschoben wird, so hat sich Gumppenbera
1992 1611 3050 1648 gefallen lassen müssen, daß man ihn in die Schieblade
1991 1649 3049 1698 der Brettldramatiker gestopft hat, und das ist ein wahres
1991 1688 3056 1726 Unglück für diesen echten dramatischen Dichter geworden.
1999 1726 3056 1780 Sein dramatisches Vermögen reicht vom ausgelassensten
1991 1767 3054 1812 Bühnenscherz, von den zwerchfellerschütternden „Über¬
1997 1807 3055 1853 dramen" über das zierliche Bühnentändelspiel („Die Minne¬
2004 1851 3055 1894 königin“) und das echte Lustspiel („Münchhausens Ant¬
1995 1887 3058 1934 wort“) zum tiefen Gedankendrama und gipfelt in seinem
1997 1923 3054 1975 höchsten Wurf, dem „Messias“, dem dichterisch wertvollsten
1998 1963 3063 2010 Christusdrama unserer Literatur. An dem Dramatiker
1989 2002 3057 2042 Gumppenberg begeht die deutsche Bühne schweres Unrecht,
1997 2040 3055 2088 daß sie seine künstlerisch reifen Schöpfungen nicht beachtet.
1991 2081 3054 2119 Ich kann von ihm nicht scheiden, ohne seines unvergleich¬
1991 2122 3058 2171 lichen Büchleins zu gedenken: „Teutsches Dichterroß, in
1991 2152 3054 2197 allen Gangarten vorgeritten“. Ich kenne in keiner Lite¬
1994 2193 3057 2242 ratur eine so künstlerische, zugleich so ausgelassene Samm¬
1992 2243 2606 2301 lung von dichterischen Parodien.
2332 3827 2782 3904 Hanns v. Gumppenberg.
