3392 4352
164 289 1301 395 2. Cuttings box 37/1
924 594 1689 696 h ganz grüßt ihn ein Höllengelächter.
933 702 1118 764 ie ein
965 749 1106 816 langt
1112 714 2330 856 Deutsche Dichtung in Japan.
941 800 1105 860 hanget,
1643 821 1783 898 Von
931 843 1115 927 auff ein
1446 869 1995 972 Dr. Erwin Stranik.
932 893 1109 952 juß an.
2264 814 2436 967 %
932 937 1127 1017 der mit
1198 959 2330 1024 Genau hundert Jahre waren seit der Uraufführung des
2401 889 2517 1046 2
927 1000 2333 1068 undheit, Beethovenschen Meisterwerkes, seiner Neunten Symphonie, ver¬
926 1035 2337 1100 n Gang fflossen, als sich für ihn, die Musik und das Deutschium, dem
920 1099 2336 1172 aul und der gewaltige Schöpser angehörte, eine Ehrung vollzog, die nicht
913 1137 2554 1226 den Hut überwältigender, nicht eindrucksvoller den Sieg alles wahrhaft ###
925 1178 2346 1258 den Zu¬Großen und Ewigen hätte beweisen können: die kaiserliche Musik¬
920 1215 2338 1293 rag alsgkademie zu Tokio brachte nach vielwöchiger, sorgfältigster
914 1279 2350 1367 n 2 Uhr Vorbereitung die Neunte Symphonie heraus, mit solchem Erfolge
1101 1349 2383 1395 und derartigem Beifall des Publikums, daß die Konzerte drei
1092 1383 2347 1455 Tage lang wiederholt werden mußten. Aus ganz Japan“
908 1429 2346 1491 em „Ab-waren Musikliebhaber und Kenner herbeigeeilt, um diesem
905 1479 2341 1542 ien und Feste beizuwohnen, durch Wochen sprach man davon,
1098 1525 2340 1587 durch Monate wurden schon vor dem glänzenden Konzert
933 1570 2338 1647 Sollten Vorträge an allen Universitäten, die wundervolle Musik be¬
905 1616 2333 1677 a, dann treffend, abgehalten; nicht nur, daß einige kaiserliche Prinzen,
918 1670 2340 1716 denn sie Würdenträger und sonstige Hoschargen den Aufführungen bei¬
903 1709 2343 1774 lanzenden wohnten, die Kaiserin selber beorderte für sich eine Extra¬
905 1758 2336 1814 icierenden aufführung und ließ den gewaltigen Hymnus wahrer Genialität
893 1810 2343 1879 inen; die tiefergriffen über sich ergehen. Ein Fest vollzog sich, dem kein
888 1854 1095 1918 uren ver¬
1088 1856 1517 1933 früheres vergleichbar.
886 1897 1058 1974 7—la,
1194 1914 2353 1973 Freilich: die Aufführung der Neunten Symphonie bildete
1089 1946 2339 2035 nicht die erste Bekanntschaft mit deutscher Musik. Schon im
1095 2018 2330 2075 Jahre 1917 war diesen späteren Ereignissen durch ein nicht minder
1094 2061 2331 2116 bedeutendes Wagnis vorgearbeitet worden: damals kam Mendels¬
1084 2119 2339 2172 sohns „Walpurgisnacht“ in der Musikakademie zu glanzvoller
1075 2154 2343 2224 Orchestrierung und Goethes Worte, in deutscher Heimatsülle,
1093 2201 2341 2260 erklaugen vor dem ganzen gebildeten Japan. Man bedenke: 1917,
895 2204 1089 2289 fern und
1104 2251 2331 2312 da eigentlich dieses Land noch mit Deutschland im Krieg stand,
903 2275 1086 2333 auf jene
1108 2298 2338 2356 wirkte doch der deutsche Geist bereits wieder so mächtig ein, daß
904 2320 1079 2387 ächerlich“
1094 2358 2332 2410 er wahre Orgien der Begeisterung, allerdings in die Lautlosigkeit
907 2372 1101 2434 geschieht.
890 2392 2328 2464 hienen zu japanischer Sphäte übertragen, hervorzurufen vermochte. Das
1098 2442 2338 2501 Saatkorn, vom Leiter der Musikakademie auf fruchtbaren Boden
904 2475 2334 2556 Gewöhn“ verpflanzt, trug herrliche Blüten, das Interesse an deutscher
883 2506 1097 2581 flößt, zum
1095 2525 2329 2586 Kunst, sei es Musik oder Dichtung, erlahmte nicht mehr, ver¬
887 2562 1086 2629 Menschheit
1108 2583 2334 2641 stärkte sich sogar und stellte bald wieder einen der schwerwiegendsten
877 2613 1090 2675 on ihnen
1097 2635 2332 2684 Kultursaktoren im Lande der aufgehenden Sonne dar, trotz der
867 2659 1090 2745 ch hundert
1091 2685 2326 2757 englischen und französischen Konkurrenz, die in Paul Clandel
890 2718 1711 2805 Lachen ist einen so tüchtigen Anwalt fand.
1186 2757 2324 2848 Nun aber erhob sich für Deutschland einer, dessen über¬
929 2802 1100 2870 es das
1098 2835 2328 2887 ragenden Wert kein Genius fremder Nationen zu verschatten ver¬
1104 2879 2327 2944 mag: Goethe. Einzelne Hauptwerke kursierten schon seit längerer
877 2899 1094 2963 befreundet
863 2928 2323 2999 erzweiseln, Zeit in japanischen Uebersetzungen, so natürlich der „Faust“, der
858 2988 2334 3045 Sicherheits= auch schon im Tokioter Imperialtheater vor einigen Jahren in
864 3034 2324 3101 t, daß ihr gekürzter Bühnenfassung zur Aufführung gelangt war. Mehrsache
860 3067 2334 3142 je erscheint. Uebersetzungen wurden auch von den anderen Goetheschen Haupt¬
859 3122 2330 3193 der Lacher werken bekannt, ein großer Verlag kündete vor kurzem sogar eine
863 3174 2327 3251 och von den dreizehnbändige Gesamtausgabe an, allerdings nicht eine solche,
863 3226 2325 3283 cherlich zu die allen wissenschaftlichen, sondern eher den gebildeten Laien¬
904 3265 2332 3334 noch so begriffen entsprechen dürfte. Goethes wahren Triumph in Japan
854 3310 2321 3390 eln seiner zu schaffen nahm sich einzig Professor Damagiihi vor, der
857 3357 2324 3433 reisgegeben Ordinarius für deutsche Sprache und Literatur an der Waseda¬
935 3412 2322 3470 ist eine Universität, gewiß kein leichtes Unterfangen, wenn man be¬
853 3432 938 3482 3.
854 3452 2335 3517 erständigung denkt, daß die absolute Westlichkeit Goethes, unseres
857 3502 2333 3570 solchen Ge. „Olympiers“, in starkem Gegensatz zu wahrhaft japanischem
1089 3548 2323 3609 Empfindungs= und Denkleben steht. Dennoch wird und muß
878 3571 1095 3644 durch die
1089 3594 2322 3650 Goethes Universalität den Japanern nahegebracht werden: seine Be¬
1100 3643 2323 3707 strebungen, deutschen Geist und deutsches Wesen zu ergründen,
889 3638 1090 3727 bezeichnet
1103 3705 2322 3765 können vor diesem Heros nicht haltmachen. Die Uebersetzung der
872 3708 1089 3782 lächerlichen
1097 3757 2331 3804 bedeutendsten Werke Goethes wird von den einzelnen Deutsch¬
878 3764 1088 3827 sagen, ein
1100 3787 2334 3847 lehrern der japanischen Hochschulen durchgeführt. Yamagishi, dessen
887 3813 1091 3871 also nicht
1099 3843 2314 3897 seinerzeiiges Werk über „Das deutsche Drama der Gegenwart“
839 3861 1090 3928 ondern auch
1084 3879 2323 3949 bereits berechtigtes Interesse hervorrief and der selber fleißig,
1079 3939 2322 4005 gründlich und mit aufrichtiger Hingabe als Uebersetzer und Minler
839 3958 1084 4031 bezeichnend.
1092 3967 2323 4048 zu walten versteht, wird seine Fähigkeit ganz in den Dienst der
907 4017 1086 4069 mit den
871 4017 917 4094 a
1093 4036 2320 4094 großen Sache stellen und vor allem die wissenschaftliche Einleitung,
915 4056 1090 4127 bei un¬
1094 4081 2336 4136 die Darstellung des Lebens und der Werke des Weimarer Meisters
848 4109 911 4169 ch
911 4122 2327 4190 zu jung übernehmen Geplant sind folgende Werke in die achtzehnbändige
866 4154 1083 4215 einen ver¬
1092 4177 2325 4232 Ausgabe einzureihen, deren buchhändlerische Ausgabe der Verlag
865 4206 984 4248 messche
992 4201 1052 4250 bei
