3276 4037
269 177 393 268 10.
449 187 1106 259 Leutnant Gustl
1291 188 1634 282 box 1/8
373 868 1390 952 Bilder der „Menscher“ ruft sich der Lieutenant
384 949 1393 1006 eine nach der anderen mit zärtlicher oder ekelnder
381 985 1216 1037 Erinnerung vor sein Gedächtniß); ferner
494 1024 1386 1095 seine Pflichten gegen Gott und die Religion,
386 1085 1395 1144 der man angehört, zu vernachlässigen, ja darüber
386 1136 1060 1196 zu spotten und zu höhnen; ferner
481 1166 1400 1244 über Eltern und Geschwister so frivol zu
385 1231 1399 1294 reden, wie es der Lieutenant Schnitzler's vor
387 1287 980 1342 seinem Tod noch thut; ferner
496 1321 1398 1395 sich selbst das Leben zu nehmen, also ein
389 1377 1398 1433 Verbrechen gegen Gott, sich selbst, die An¬
387 1426 1397 1490 gehörigen, das Vaterland u. s. w. zu begehen
481 1471 1397 1535 und schließlich sich doch nicht das Lehen
391 1525 1399 1584 zu nehmen, blos weil Niemand etwas
385 1582 1393 1634 von der angeblich mit der Officiersehre unverein¬
391 1626 1394 1678 baren „Feigheit“ gehört hat, weil der Gegner
399 1673 815 1742 zufällig gestorben ist.
482 1729 1398 1791 Wir sind schließlich gespannt, ob im übrigen
389 1777 1398 1838 die Officiere die obige Schnitzlerische
394 1830 1401 1888 Darstellung des Lieutenantstypus als mit
380 1879 1395 1938 der Officiers=Ehre vereinbarlich halten werden.
394 1928 1400 1984 Wenn ein Schnitzler einen anderen Stand
391 1978 1401 2037 in einer typischen Figur so der öffentlichen Miß¬
392 2034 1389 2085 achtung preisgeben würde, wie dies Schnitzler
393 2072 1392 2130 gegenüber dem Officiersstand gethan, so würden
404 2134 1395 2181 g wiß die Vertreter dieses anderen Standes leb¬
401 2176 1404 2238 haften Protest, heben. Glücklicherweise sind ja
408 2218 1401 2280 doch nicht: e Officiere vom Schlage des
1234 2267 1401 2343 während
691 2261 1209 2332 rutenants Gustl,
405 2269 694 2331 Schnitzler'schen
403 2314 1397 2377 Schnitzler diese M## na aufkommen läßt. Wohl
403 2377 1396 2423 aber ist leider die Sorte Officiersehre, wie sie
402 2416 1404 2479 Schnitzler schildert, durch einen unsinnigen
681 2463 1397 2523 und eine unsinnige Tradition
398 2467 683 2528 „Ehrencodex“
394 2512 1396 2570 und Mode zur typischen geworden. Diese
403 2559 1395 2620 „Officiersehre“ ist es, welche das Volk nicht ver¬
393 2615 1403 2667 steyt, so hoch es auch den Officiersstand als
1334 2657 1409 2711 so
390 2656 1334 2717 solchen in Ehren hält. Wenn ein Officier
405 2706 1395 2768 empfindlich zu sein verpflichtet ist gegen formelle
397 2754 1407 2813 Beleidvegen von anderer Seite, müßte es die
397 2801 1412 2869 Officiersehre verlangen, auch in anderer Beziehung
396 2862 1412 2909 empfindlicher zu sein, wo es sich um sittliche
396 2899 1399 2967 Pflichten und Vergehen handelt, die jeder Ehre,
388 2952 1411 3016 also vor allem der Officiersehre zuwiderlaufen.
2119 245 2773 382 Feuilleton.
2699 365 2979 426 Nachdruck verboten.
2191 397 2646 503 Lieutenant Gustl.
2418 474 2963 543 „Ab, so ein Ton! Da hört sich
2797 526 2963 574 —Arthur
2419 518 2749 588 doch Alles auf.“
2420 556 2962 628 Schnitzler in der Weih¬
2421 593 2947 670 nachtsbeitage der „N. Fr. Pr.
2426 644 2767 706 vom 25. December.
1950 692 3006 753 An der gänzen Geschichte ist doch nur dieser Kopetzky
1894 746 3003 805 nein, dieser Otto Erich Hartleben — schuld. Kopetzky
1854 790 3004 844 und Lieutenant Gustl sind Freunde, wie Otto Erich und
1851 833 3000 899 Arthur; die Beiden thun dasselbe und es ist doch — das¬
1855 887 3004 954 selbe. Seit jenem „Rosenmontag“ an welchem der
1861 937 3011 996 preußische College „unseres“ Herrn Schnitzler den ganzen
1858 980 3001 1051 preußischen Militarismus auf die Bühne brachte, um ihn
1867 1028 3013 1084 in den Augen der Welt nach Simplicissimus=Manier
1859 1073 2996 1139 herabzusetzen, hatte Herr Schnitzle keine ruhige Stunde
1864 1124 3004 1184 Sein österreichisches Empfinden zeigte sich aufgestachelt.
1869 1170 3007 1224 Eine Culturmission blieb zu erfüllen: Die österreichische
1857 1217 3012 1280 Parallele fehlte. Es ging nicht an, nur die deutsche Armee
1859 1264 3009 1321 zu carikiren, während die österreichische bisher solche.
2907 1312 3013 1373 ein
1870 1310 2898 1371 literarischer Ehre entbehrte. Ein Stück? Etwa
1879 1352 3009 1415 Rosenmontag“ ins Oesterreichische übertragen? Man
1872 1392 3015 1473 schreibt Stücke nicht so schnell, und wern sie schon schnell
1871 1451 3003 1512 geschrieben wäre, führt man sie nicht so rasch auf. Man
1874 1498 3003 1557 kennt das vom „Schleier der Beatrice“ her. Aber die
1873 1555 3013 1612 Zeit drängte. Hartieben's Stück im Burgtheater war schon
1871 1591 3011 1655 einige Wochen alt und der österreichische Lieutenant stand
1874 1642 3004 1699 noch immer da, ohne literarisches Zerrbild. Er mußte es
1872 1685 3012 1749 bekommen, zu Weihnachten gerade, wo die Leute ein¬
1872 1734 3014 1795 ander beschenken. Und er bekam es: vierundzwanzig
1879 1793 3007 1846 Spalten lang, in der wahrhafter Literatur immer zu¬
1880 1824 3012 1908 gänglichen „N. Fr. Presse“, knapp unter Paprika¬
1874 1880 2570 1942 Schlesinger's „Weihnachtstraum“
1963 1918 3019 1995 Man muß das neue Denkmal der österreichischen
1872 1976 3010 2049 Armee, das von Schnitzler's Meisterhand entworfene
1885 2099 3036 2174 Standbild des „Lieutenants Gustl“ ein wenig inäher
1882 2159 3026 2208 besehen. Lieutenant Gustl sitzt im Concerisaal. Da er von
1882 2203 3028 2272 Musik, wie alle österreichischen Lieutenante, nichts ver¬
1892 2252 3016 2313 steht, langweilt ihn das „Oratorium“, oder die „Messe“
1887 2288 3023 2355 in der Fräulein Walker und Fräulein Michalek mit¬
1886 2332 3025 2397 wirken, im höchsten Grade und er kommt auf allerlei echt
1884 2392 3026 2449 Schnitzler'sche Gedanken. Ob die „Mädeln“, die da mit¬
1884 2437 3032 2497 singen, lauter „anständige Mädeln“ sind, warum die
1888 2496 3028 2546 „Steffi“, die heute mit ihrem Verehrer „nachtmalen
1889 2539 3025 2594 muß“ ihm heute abgesagt hat, und so weiter. Der Herr
1888 2580 3025 2635 Lieutenant ist natürlich auch Antisemit, verkehrt aber
1892 2628 3032 2686 gerne mit reichen Juden, die Gesellschaften geben. Also
1881 2676 3022 2722 ein gewöhnlicher „Schmarotzer“ der überdies gerade
1888 2717 3022 2777 gestern hundertsechzig Gulden im Spiel verloren hat.
1891 2766 3034 2812 Ein Spieler obendrein, der sich auf den reichen Onkel ver¬
1892 2809 3025 2872 läßt. Lieutenant Gustl richtet seine Gedanken nun auf
1890 2860 3033 2911 andere Dinge. Er hat einen Streit mit einem Doctor ge¬
1891 2911 3026 2958 habt — „sicher ein Socialist!“ — und ihn zum Duell ge¬
1891 2955 3025 3011 fordert. Die Geschichte war „zu dumm“, aber der Oberst
1891 3004 3019 3062 findet sie „absolut correct“ Lieutenant Gustl fühlt sich
1887 3059 3034 3110 als Held, er kennt Cameraden, die den Beleidiger „hätten
1889 3097 3025 3147 durchschlüpfen lassen.“ Herr Lieutenant, hatte der weise
1880 3143 3031 3200 Herr Doctor — am Ende gar Herr Doctor Arthur
1884 3199 3022 3256 Schnitzler selbst — gesagt, Herr Lieutenant, „Sie werden
1887 3239 3028 3287 doch zugeben, daß nicht alle Ihrer Cameraden zum
1891 3278 3022 3338 Militär gegangen sind, ausschließlich um das Vaterland
1894 3326 3022 3385 zu vertheidigen.“ — Herr Schnitzler urtheilt über diesen
1895 3378 3025 3435 Satz selbst ganz treffend: „So eine Frechheit! Das wagt
1887 3428 2930 3480 so ein Mensch einem Officier ins Gesicht zu sagen.
1886 3471 3023 3528 Das Concert geht unter den weiteren Gedanken des
1878 3514 3023 3577 Lieutenants Gustl zu Ende. Er kokettirt noch ein bischen,
1893 3567 2927 3628 schimpft seine Umgebung im Geiste „Idioten“ und
1891 3612 3023 3669 aber, gerade bei der Garderobe, kommt nun der dramati¬
1891 3662 2955 3720 sche Conflict. Da steht ein biederer Bäckermeister
1889 3704 3028 3769 natürlich ein wackerer fortschrittlicher Gewerbetreibender
1914 3772 1946 3804 —
1945 3754 3031 3804 und kommt mit dem Lieutenant Gustl übereinander.
1893 3798 3035 3851 Der Herr Lieutenant ruft: „Halten Sie's Maul!“ Darauf
1891 3849 3032 3911 der Bäckermeister: „Wie meinen?“ dreht sich um, packt
