3228 4068
454 19 1117 115 Und dann brausten auf Chorale
457 107 1013 160 Frohe Lieder dieser Nachte -
456 134 1028 213 Auch ich wollte selber singn,
889 170 1404 265 aufgewacht. E. N.
465 196 778 271 Leider bin ich —
72 361 1391 415 Schöne hab' einen Monat lang keine Karte anzurühren. ...
242 394 1412 466 Die Mama wisd wieder ein G'sicht machen, wenn sie
72 409 242 470 ?.Wie
249 450 1402 513 meinen Brief bekommt! — Ah, sie soll zum Onkel geh'n,
52 456 241 515 imal eine
249 488 1406 541 der hot Geld wie Mist; auf die paar hundert Gulden
89 498 230 553 schöne
96 542 237 602 längst
243 546 1406 603 kommt's ihm nicht an. Wenn ich's nur durchsetzen
237 584 1407 641 könn“, daß er mir eine regelmäßige Sustentation
94 588 232 650 Was
246 641 1410 691 gibt . . . aber nein, um jeden Kreuzer muß min extra
73 626 234 701 scheint,
238 685 1405 733 betteln. Dann heißt's wieder: Im vorigen Jahr war
48 661 234 742 hör
705 713 1410 771 Ob ich heuer im Sommer wieder
43 728 226 793 sches Ge¬
244 722 710 789 die Ernte schlecht. .
242 762 1404 829 zum Onkel fahren soll auf vierzehn Tag'? Eigentlich
65 770 237 835 Foyer!
239 821 1404 882 langweilt man sich dort zum Sterben. ... Wenn ich die
61 819 237 887 Blick so
392 861 1404 926 .Wie hat sie nur geheißen?... Es ist merk¬
69 869 229 933 Augen,
254 904 1409 971 würdig, ich kann mir keinen Namen merken. ... Ah
50 924 234 1027 piesst
254 952 1394 1027 ja: Etelka! . . . Kein Wort Deutsch hat sie verstanden:
49 1012 235 1074 #ing vor¬
251 1012 1409 1070 aber das war auch nicht nothwendig . .. hab' gar nichts
45 1053 227 1115 schreiberei
749 1052 1397 1113 Ja, es wird ganz gut sein,
255 1060 647 1123 zu reden brauchen.
47 1104 227 1163 Nerven!
248 1112 1405 1163 vierzehn Tage Landlust und vierzehn Nächt' Etelka oder
261 1154 1411 1228 sonstwer. ... Aber acht Tag' sollt' ich doch auch wieder
44 1153 236 1218 ch hätt'
49 1203 229 1259 Da hao
250 1208 1412 1253 beim Papa und bei der Mama sein. ... Schlecht hat
55 1243 236 1307 hm' und
262 1248 1408 1310 sie ausg'seh'n heuer zu Weihnachten. . .. No, jetzt wird
259 1271 1406 1349 die Kränkung schon überwunden sein. Ich an ihrer
49 1344 116 1396 n
110 1325 240 1403 nicht
254 1341 1407 1391 Stelle wär' froh, daß der Papa in Pension gegangen
44 1385 164 1448 muß.
416 1385 1415 1440 Und die Clara wird schon noch einen Mann
255 1390 334 1448 ist.
136 1431 241 1496 ihm
497 1431 1409 1494 . Der Onkel kann schon was hergeben. ..:
257 1432 425 1497 keiegen.
257 1480 1406 1525 Achtundzwanzig Jahr', das ist doch nicht so alt. ..:
55 1534 139 1594 ner
133 1527 247 1588 die
257 1534 1410 1587 Die Steffi ist sicher nicht jünger. ... Aber es ist merk¬
64 1576 244 1639 Er hat
256 1585 1401 1640 würdig: die Frauenzimmer erhalten sich länger jung....
103 1624 231 1682 Jnd'
57 1633 103 1677 in
257 1622 1417 1684 Wenn man so bedenkt: die Maretti neulich in der
53 1666 242 1734 schwarze
267 1671 1417 1738 „Madame Sans-Göne“ — siebenunddreißig Jahr' ist sie
58 1715 234 1778 ich sein.
259 1716 1421 1776 sicher, und sieht aus. ... Na, ich hätt' nicht nein
55 1763 237 1826 enübung
271 1756 1329 1823 g'sagt! — Schad', daß sie mich nicht g'fragt hat..
67 1813 239 1872 l Juden
263 1797 1408 1874 Heiß wird's. Noch immer nicht aus. Ah, ich freu' mich
78 1858 242 1913 nAnti¬
262 1859 1402 1938 so auf die frische Luft! Werd' ein Bißl spazieren geh'n,
60 1901 235 1971 G'schicht'
258 1907 545 1970 über'n Ring.
584 1899 1410 1968 .. Heut' heißt's früh ins Bett, morgen
255 1935 1415 2012 Nachmittag frisch sein. Komisch, wie wenig ich daran
252 1999 1407 2066 denk'! So egal ist mir das. Das erstemal hat's mich
81 2003 249 2075 getauft
89 2052 205 2109 an —
254 2043 1413 2112 doch ein Bißl aufgeregt. Nicht, daß ich Angst gehabt hätt',
252 2094 1327 2148 aber nervos bin ich gewesen in der Nacht vorher..
48 2097 194 2162 sigur.
248 2141 1413 2198 Freilich, der Oberlieutenant Bisanz war ein ernster Geguer
89 2144 233 2212 groß¬
251 2181 1026 2245 — und doch, nichts ist mir g'scheh'n!...
1021 2189 1414 2253 Auch schon andert¬
255 2236 1425 2284 halb Jahr her; wie die Zeit vergeht! Und ##on mir der Bi¬
62 2278 251 2348 sieht sehr
258 2283 1416 2348 sanz nichts gethan hat, der Doctor wird mie schon gewiß
54 2331 204 2406 hab' ic
255 2335 1420 2390 nichts thun! Obzwar, gerade diese ungeschulten Fechter
95 2380 138 2439 —
252 2382 1412 2435 sind manchmal die gefährlichsten. Der Doschintzky hat mir
247 2428 1413 2482 erzählt, daß ihn ein Kerl, der das erstemal einen Säbel
47 2422 246 2487 inCon¬
247 2472 1397 2542 in der Hand gehabt hat, auf ein Haar abgestochen hätt';
61 2466 239 2536 'ich dem
258 2520 1415 2574 und der Doschintzky ist heut' Fechtlehrer bei der Landwehr.
51 2522 240 2587 affeehaus
246 2575 1333 2628 Freilich — ob er damals schon so viel können hat.
48 2570 238 2631 affeehaus
251 2607 1411 2673 Das Wichtigste ist: kaltes Blut. Nicht einmal einen rechten
60 2615 243 2681 ertsechzig
255 2659 1408 2713 Zorn hab' ich mehr in mir; und es war doch eine Frech¬
49 2663 256 2726 Und wer
107 2698 1419 2782 der's heit — unglaublich! Sicher hätt' er sich's nicht getraut,
249 2762 1303 2811 wenn er nicht Champagner getrunken hätt' vorher
49 2752 243 2821 eigentlich
257 2782 1410 2849 So eine Frechheit! Sicher ein Socialist! Die Rechtsver¬
97 2807 186 2866 geh
251 2838 1414 2903 dreher sind doch heutzutag' alle Socialisten! Eine Bande!
78 2847 253 2916 spielen
212 2903 1409 2957 t Am liebsten möchten sie gleich 's ganze Militär abschaffen.
48 2898 162 2973 ser es
64 2941 1416 3018 gegeben Aber wer ihnen dann helfen möcht', wenn die Chinesen
1398 423 1583 515 —.
1978 49 2975 129 Wiener Filiale der
2000 122 2938 219 Spareinlagen auf Bächel 4 Percent.
2973 65 3192 285 7
1962 209 2972 269 Wechselstube, Börsenordres, Dar hen auf
2113 272 2846 339 Werthpapiere, Wechselescompte.
1965 318 2980 390 Vinculirung und Devinculirung von Werthpapieren.
1965 444 3143 508 über sie kommen, daran denken sie nicht. Blödisten! Man
1961 504 3039 564 muß gelegentlich ein Exempel statuiren. Ganz Recht
1963 549 3140 610 ich g’habt. Ich bin froh, daß ich ihn nimmer auslassen
1965 596 3130 655 hab' nach der Bemerkung. Wenn ich d'ran denk', werd' ich
1955 640 3111 716 ganz wild! Aber ich hab' mich famos benommen; der
1955 683 3141 745 Oberst sagt auch: es war absolut correct. Wird mir über¬
1953 745 3130 796 haupt nützen, die Sache. Ich kenn' Manche, die den
1949 783 3124 844 Burschen hätten durchschlüpfen lassen. Der Müller sicher,
1948 837 3136 895 der wär' wieder objectiv gewesen oder so was. Mit dem
1951 881 3126 941 Objectivsein hat sich noch Jeder blamirt ... „Herr Lien¬
1957 934 3079 996 tenant“, schon die Art, wie er „Herr Lieutenant“ g
2599 971 3125 1052 „Sie werden mir doch
1954 984 2533 1065 sagt hat, war unverschämt!
2416 1010 3114 1090 Wie sind wir denn nur drauf ge¬
1956 1030 2314 1098 zugeben müssen.
1952 1079 3127 1148 kommen? Wieso hab' ich mich mit dem Socialisten in ein
1960 1117 3130 1186 Gespräch eingelassen? Wie hat's denn nur angesangen:
1956 1175 3136 1241 Mir scheint, die sch.varze Frau, die ich zum Buffet geführt
1954 1224 3129 1284 hab' ist auch dabei gewesen . .. und dann dieser junge
1957 1257 3131 1326 Mensch, der die Jagdbilder malt — wie heißt er denn
1953 1308 3128 1385 nur? ... Meiner Seel', der ist an der ganzen Geschichte
1959 1366 3131 1421 schuld gewesen! Der hat von den Manövern geredet, und
1960 1424 3123 1481 dann erst ist dieser Doctor dazugekommen und hat ir¬
1950 1455 3125 1525 gendwas g'sagt, was mir nicht gepaßt hat, von Kriegs¬
1966 1505 3156 1564 spielerei oder so was — aber wo ich noch nichts hab' reder
1960 1551 3066 1617 können. .. Ja, und dann ist von den Cadettenschulen
2452 1605 3132 1661 so war's . und ich hab' von
1957 1605 2378 1680 sprochen worden..
1962 1662 3125 1714 einem patriotischen Fest erzählt . . . und dann hat der
1964 1703 3134 1765 Doctor gesagt — nicht gleich, aber aus dem Fest hat es
1960 1746 3134 1813 sich entwickelt — „Herr Lieutenant, Sie werden mir doch
1961 1786 3121 1863 zugeben, daß nicht alle Ihre Kameraden zu Militär ge¬
1962 1850 3124 1917 gangen sind, ausschließlich um das Vaterland zu ver¬
1950 1889 3135 1966 theidigen.“ So eine Frechheit! Das wagt so ein Mensch
1950 1938 3085 2009 einem Officier ins Gesicht zu sagen! Wenn ich michr
1951 1983 3001 2058 erinnern könnt' was ich d'rauf geantwortet hab'
1962 2032 3115 2096 Ah ja, etwas von Leuten, die sich in Dinge dreinmengen.
1962 2079 3132 2151 von denen sie nichts versteh'n. .. Ja richtig. ... Und
1953 2128 3128 2201 dann war Einer da, der hat die Sache gütlich bei¬
1953 2176 3120 2243 legen wollen, ein älterer Herr mit einem Stockschnupfen.
1961 2225 3131 2285 Aber ich war zu wüthend! Der Doctor hat das absolut
1963 2272 3131 2321 in dem Ton gesagt, als wenn er direct mich gemeint
1948 2322 3125 2389 hätt'. Er hätt' nur noch sagen müssen, daß sie mich aus
3042 2358 3135 2441 ich
1954 2363 3039 2433 dem Gymnasium hinausg'schmissen haben und daß
1949 2427 3049 2483 deßwegen in die Cadettenschule gesteckt worden bin..
1963 2460 3041 2521 Die Leut' können eben Unserein'n nicht verstch'n,
1962 2507 3161 2580 sind zu dumm dazu. . . Wenn ich mich so erinner', wie
1958 2556 3173 2630 ich das erstemal den Rock angehabt hab' — so was erlebt 2
2395 2605 3146 2674 .. Im vorigen Jahr bei den Ma¬
1956 2608 2399 2677 eben nicht ein Jeder.
1954 2650 3132 2728 növern — ich hätt' 'was d'rum gegeben, wenn's plötzlich
1961 2701 3100 2773 Ernst gewesen wär'. . . Und der Mirovic hat mir g'sagt,
3125 2750 3189 2806 da
1961 2749 3131 2803 es ist ihm ebenso gegangen. Und dann, wie Seine
1956 2792 3129 2860 Hoheit die Fr#nt abgeritten ist, und die Ansprache
1955 2829 3135 2915 vom Obersten — da muß Einer schon ein ordentlicher
1965 2891 3132 2955 Lump sein, wenn ihm da das Herz nicht höher schlägt...
1967 2950 3132 3005 Und da kommt so ein Tintenfisch daher, der sein
1958 2984 3130 3060 Lebtag nichts gethan hat, als hinter die Bücher
1950 3036 3193 3124 gesessen, und erlaubt sich eine freche Bemerkung! M
2357 3367 2530 3450 i ne re
