3248 4128
816 128 1054 226 Gust
224 129 778 216 10. Leutnant
1255 123 1650 225 box 1/10
451 377 1646 460 besonders schwachen, moralisch haltlosen, leichtfertigen Charakter
449 442 1640 506 zum Träger seiner Novelle wählt, trifft er den Nagel vollends
461 491 1642 557 auf den Kopf, weil gerade solche Naturen — wie die Er¬
457 525 1640 612 fahrung lehrt — am häufigsten an das Standesprivilegium
454 586 1628 649 appelliren, blind im Sinne anerzogener, widerspruchsvoller, da¬
457 639 1629 710 zu geistig nicht verarbeiteter Ehrbegriffe handeln, sich in der
248 632 431 700 uoSunfteu
255 689 432 740 uage“] 91:
459 681 1626 742 Folge das moralische und materielle Verderben, dem Stande
256 724 424 778 („Suni1e
459 733 1633 801 aber, dem sie angehören, nichts weniger als „Ehre“ bereiten.
259 765 417 816 USS 10
565 776 1632 852 Wenn also Dr. Schnitzler die Schäden der Duellmanie
250 806 419 864 o1p pusast
455 825 1633 903 im Allgemeinen und die Mängel unserer militärischen Gesetzes¬
451 873 1632 945 paragraphe im Besonderen an den Pranger stellt, so erwirbt
247 928 414 983 uep 89 4
455 925 1629 998 er sich nicht nur ein eminentes Verdienst um die Gesellschaft
248 966 398 1036 sep 181
453 970 1631 1044 und das Officierscorps, sondern steht auch vollkommen auf dem
447 1020 1628 1095 Boden jener Auffassung, wie sie auch von der Kriegsverwaltung
287 1052 422 1102 sneliog
455 1075 1624 1138 getheilt und gegenüber der Volksvertretung wiederholt zum
304 1089 423 1138 irgsi8
319 1128 416 1179 0410
455 1122 1638 1191 Ausdrucke gebracht wurden. Von den Anschauungen des Grafen
295 1166 419 1232 SAISHO
453 1168 1623 1239 Ledochowski weicht Arthur Schnitzler allerdings erheblich ab.
451 1211 1632 1289 Ersterer erklärte sich bekanntlich außer Stande, den bestehenden
454 1266 1628 1322 Duellgesetzen zu gehorchen, indes Schnitzler, gleich vielen Offi¬
452 1324 1631 1373 cieren von Beruf, seine persönliche Ueberzeugung in dieser Sache
448 1365 1624 1434 den Anforderungen des Standes immerhin zu opfern bereit
439 1412 1629 1486 ist. In der Tendenz der Schrift vermögen wir sonach kaum
450 1466 1629 1519 ein Substrat für die ehrenräthliche Maßregelung des Verfassers
447 1511 1619 1579 zu erblicken, umsoweniger, als die darin entwickelten An¬
442 1566 1630 1637 schauungen über den Duellzwang mit denen der leitenden Kreise
443 1615 959 1686 vollkommen übereinstimmer.
543 1656 1621 1734 Erübrigt also nur noch die andere der oben bezeichneten
442 1704 1623 1766 Varianten, die Annahme nämlich, daß die militärischen Sitten¬
441 1755 1626 1828 richter in vollständiger Verkennung der tiefernsten, durchaus
442 1810 1615 1883 zeitgemäßen Satyre des Aufsatzes, die Form für die Sache,
447 1859 1628 1929 das Mittel für den Zweck, die Aeußerlichkeit für den Kern
438 1904 1617 1967 der Erzählung genommen haben und dem Verfasser im Ernste
450 1954 1627 2016 eine absichtliche Herabsetzung des Officiersstandes zur Last legten.
450 2006 1624 2079 Daß Officiere vom Schlage „Lientenant Gustls“ bisweilen
441 2054 1622 2112 in der Armee vegetiren, kann allerdings niemand leugnen.
440 2104 1623 2172 Niemand vermag aber in der künstlerischen Verarbeitung einer
447 2149 1617 2214 Charakterfigur zugleich eine Herabwürdigung des betreffenden
443 2204 1629 2272 Standes zu erblicken, es sei denn, daß man an zuständiger
448 2253 1629 2305 Seite Ursache hat, sich im Sinne der Mahnung Friedrichs des
445 2297 1632 2393 Großen: „Wen's juckt, der kratze sich“ ausdrücklich dagegen zu
435 2348 645 2416 verwahren.
559 2398 1615 2476 Gleichwohl glauben wir, daß der Typus des „Lientenants
445 2457 1621 2526 Gustl“ in jedem anderen Stande häufiger und ausdauernder
232 2447 425 2531 uoauoa
442 2513 1628 2580 vertreten ist, als in der Armee und im Officierscorps. Die
441 2556 1615 2621 Regierung ist zwar seit Jahren bestrebt, das System der Be¬
304 2543 417 2664 02
444 2611 1620 2678 vormundung und der geistigen Beschränkung auch im Officiers¬
440 2654 1626 2728 corps wieder nach vormärzlichem Muster herzustellen, die Officiere
302 2668 416 2752 9111
447 2703 1612 2777 selbst über ihre active Dienstzeit hinaus in geistloser Willfährig¬
446 2752 1611 2823 keit und kasernenmäßiger Abhängigkeit zu erhalten — vide
439 2796 1618 2876 Militär=Pensionistenverein — aber eine solche Flachheit des
439 2851 1607 2921 Denkens und Fühlens, eine solche Einseitigkeit in Bildung und
439 2893 1620 2968 Lebensanschauung, wie sie „Lientenant Gustl“ offenbart, trifft
437 2955 1612 3017 man dermalen in unserem Officierscorps nicht. — Wir sagen
440 2996 1616 3066 dermalen, weil die Militär=Akademien und Cadettenschulen
430 3050 1604 3119 zur Zeit wenigstens noch die Hälfte des systemisirten Zöglings¬
439 3096 1615 3169 standes aufweisen und weil es dermalen noch nicht nothwendig
429 3146 1617 3223 ist, zur Deckung dieser Abgänge auf die — Bürgerschulen
437 3187 643 3258 zu greifen.
556 3230 1608 3322 Aber in Zeitläuften, welche fast allwöchentlich eine oder
429 3295 1614 3369 mehrere Säbel=Affairen zu Tage fördern, hätte man glauben
439 3350 1606 3422 sollen, daß gerade die maßgebendsten militärischen Kreise der
436 3401 1610 3477 Schnitzler'schen Studie eine andere, ernstere, tiefere Würdigung
434 3447 1612 3522 zu Theil werden lassen, als jene, deren letzter und einziger
434 3499 1608 3555 Schluß die brutale Gewalt, der Hinauswurf — die Ent¬
432 3545 1609 3612 lassung ist. Geschieht ihm übrigens Recht, dem Dr. Schnitzler!
422 3598 1606 3667 Warum hat er sich nicht unseres treuen Verbündeten erinnert
425 3652 1604 3721 und seinen Helden nicht als „Lientenant Fritz“ in preußischer
429 3689 1604 3764 Uniform „Unter den Linden“ und im Berliner Thiergarten
427 3735 1606 3817 vorgeführt? Da hätte er sogar die „Wiener Abendpost“ zur
431 3790 1595 3863 Aufnahme seiner Studie bereit gefunden und der ganze Ehren¬
420 3838 1235 3893 raths=Rummel wäre ihm erspart geblieben.
1273 3892 1515 3963 nfneh
1171 3906 1598 4014 Sannenrngesentsetrhelthenstensechsenschenuc
939 3895 1075 4012 2
1821 841 3105 917 Alex. Weigl’s Unternehmen für Zeitungs-Ausschnitte
2823 906 2972 967 Ausschnitt
2843 947 3100 1052 Nr. 75
2152 929 2732 1067 „OBSERVER
1751 915 2004 1076 Mat
1750 1053 3159 1134 I. österr. behördl. conc. Bureau für Zeitungsberichte u. Personalnachrichten
1928 1129 2995 1226 Wien, IX/1. Türkenstrasse 17.
2150 1211 2781 1292 Filiale in Budapest: „Figyelé“
1762 1265 3166 1347 Vertretungen in Berlin, Chicago, Genf, London, Newyork, Paris, Rom, Stockholm.
1757 1403 2238 1476 Ausschnitt aus:
2240 1415 2934 1568 Folkstribüne, Wien
1949 1512 2191 1628 1714
1763 1558 1964 1636 vom
2259 1929 2601 2015 Soziale Bilder.
1971 1978 2939 2069 Der österreichische Schriftsteller Arthur Schnitzler,
1919 2021 2943 2111 welcher auch Regimentsarzt in der Reserve ist, wurde von
1924 2071 2940 2142 einem militärischen Ehrenrath seiner Offizierscharge
1921 2112 2940 2181 verlustig erklärt. Herr Schnitzler soll durch eine vor
1913 2146 2932 2225 Kurzem veröffentlichte Novelle mit dem Titel „Leutnant
1920 2186 2930 2264 Gustl“ der Ehre des österreichischen Offizierkorps nahe ge¬
1910 2224 2931 2298 treten sein und auf eine im persönlichen Tone geschriebene
1909 2264 2931 2333 Kritik dieser Novelle nicht geantwortet haben. Der Mili¬
1915 2304 2927 2370 tarismus duldet keine anderen Götter neben sich. Wer nicht
1912 2340 2922 2419 bereit ist, ein Opfer des Charakters zu bringen und sich
1801 2357 1877 2431 Für
2975 2356 3134 2432 inclusive
1913 2380 2937 2456 den unsinnigsten, veraltetsten Anschauungen desselben über
2992 2420 3109 2471 Porto.
1889 2414 2927 2494 Ehre 2c. zu unterwerfen, für den ist keine Stelle in dem
1824 2463 1866 2502 „
2980 2457 3126 2510 Zahlbar
1888 2452 2935 2536 2Kreise der „Auserwählten der Nation“, so sich Offizier#
1819 2500 1863 2552 „
2965 2496 3135 2565 im Vorau#
1881 2490 2911 2568 5korps nennt. Wer sich aber gar Angriffe auf die Einrig
1825 2540 2694 2597 „ 10tungen des Militarismus erlaubt, wird schin
1892 2551 3177 2632 Im Gegensatze zu anderen Bureaur wrtubllingramstanitte ist das
1779 2613 3180 2669 Abonnement durch keine bestimmte Zeitdauer begrenzt; — auch stcht es den
1780 2650 3030 2728 Abonnenten frei die aufgegebenen Themen zn ergänzen oder zu ändern.
1898 2710 3184 2798 Der „OBSERVER“ veranstaltet täglich einen Auszug enthaltend die
1780 2776 3175 2831 Inhaltsangabe aller wichtigen Mittheilungen der Wiener Morgen¬
1788 2819 3179 2875 blütter (Tagesjournale ausser „Neue Freie Presse“ und Wiener Zeitung“)
1784 2865 3170 2912 wodurch eine Uebersicht über das gesammte politische und wirthschaftliche Leben
1785 2897 3178 2957 des In- und Auslandes in drastischer Kürze geboten wird. Diese Mittheilungen
1786 2948 2554 3011 werden in Wien um 9 Uhr Früh verschickt.
2092 2994 2875 3094 Prospecte gratis und franco.
