3296 4096
1271 112 1654 219 box 1/11
247 132 1082 214 10. Leutnant Gustl
458 196 1087 249 WITTTTTTTITTTTTTTNNTTITWTTTIII
472 1017 1649 1129 ARNNR
740 1275 1389 1359 Bitte, Rückseite beachten !
1264 1327 1593 1415 Telephon 12.801.
1300 1427 1366 1500 77
1309 1488 1446 1547 —
802 1455 1262 1558 UBSEHVE
539 1543 1602 1615 I. österr. behördl. konz. Unternehmen für Zeitungs-Aubschultte
661 1603 1482 1703 Wien, I., Concordiaplatz 4.
873 1685 1268 1752 Vertretungen
536 1739 1584 1808 in Berlin, Budapest, Chicago, Christiania, Genf, Kopen¬
533 1788 1595 1837 hagen, London, Madrid, Mailand, Minncapolis, New-Vork,
591 1829 1548 1889 Paris, Rom, öan Francisco, Stockholm, St. Petersburg.
860 1866 1271 1936 Cyen###ngeb.  G.wus).
532 1902 1437 1994 Aunschniit ausgate e dd
1375 1982 1710 2083 Se10
532 2002 1075 2085 w4 7Z
681 2145 1451 2210 Löjtnant Gustl jämte andra woveller är
641 2192 1442 2268 titeln päen: dessa damfr i g#ensk öfver¬
655 2233 1459 2301 sättning uzkommer Hoveffsämling af den
639 2290 1456 2367 berömdeböstärrikiske författaren Arthur
647 2341 1443 2413 Schnitzleg hrars dramatik pa de sennste
652 2385 1450 2456 ienDörzat alltmer och mer uppskattas
646 2429 1444 2492 af den svenska publiken. Utom''Löjt¬
657 2468 1448 2547 nant Gustl“ innehäller denna sämling,
656 2518 1449 2581 som öfversatts af regissören vid k. Dra¬
656 2578 1448 2640 matiska teatemn Gustaf Linden och ut¬
643 2618 1451 2670 korimit pa Hugo Gebers förlag, tvänne
655 2668 1448 2723 nindre neveller'’De döda tiga“ och'’Fri¬
652 2703 1460 2779 herre von Leisenboghs-öde?' 1 de tvä
649 2762 1453 2823 forstnämnda lär man känna den framstä¬
651 2801 1449 2862 ende skriftställaren frän en af hans star¬
646 2849 1450 2910 kaste sidor, den lika elegant utmejslade
654 2895 1452 2964 som skarpt genomträngahde sjülsanaly¬
642 2941 1424 3005 sen ochi''Friherre von Leisenboghs öde
656 2979 1457 3056 — mähända en af de kvickaste noveller
653 3028 1457 3094 han nägonsin skrifvit — äterfinnes ett an¬
656 3086 1458 3141 hat uf hans älsklingstemata: Odet och
633 3120 1418 3215 hypnosen, det dolda sjäislifrets, gätor.
2022 21 2331 98 FRSNGAHNTE
2252 65 2994 157 1- 3 19 Neue Freie Presse, Wien
2101 177 3167 280 [Jaray=Vorlung.] Der Bildhauer Alexander
2025 245 3162 326 Jaray, der Schöpfer des Kainz=Denkmals, ist auch um die
2024 300 3160 366 plastische Prägung des gesprochenen Wortes bemüht. Er tritt,
2030 333 3150 401 auch zuweilen als Vortragskünstler in die Oeffentlichkeit. In
2024 376 3158 439 dieser Eigenschaft lernten wir ihn gestern gelegentlich einer
2031 416 3164 483 im Festsaale der Kaufmannschaft abgehaltenen Vorlesung
2037 463 3152 523 kennen, die schon durch die Pociengruppe, die er zusammen¬
2033 500 3158 577 faßte, den sympathischen Timbre gewann. Herr Jaray las
2025 555 3162 617 aus Werken der „Wiener Poeten von heute"; die Autoren
2032 586 3151 656 und die Piecen, die er wählte, bekundeten sichtlich die
2029 629 3151 696 literarische Hand. Jene beze zuend wienerische Poetengruppe,
2034 674 3155 742 die einst unter dem Namen des „Jungen Wien“ sigurierte,
2033 726 3152 801 zog in ihren markantesten Vertretern vorüber. Diesen lyrischen
2034 756 3161 821 Gebilden ist die besondere Tönung des Sensitiven zu eigen,
2035 797 3161 868 sie haben einen heimatlich innigen Klang. In Stephen
3109 844 3156 896 in
2029 842 3079 893 Lweigs „Nacht der Gnaden“ wallet das träumerische,
2027 885 3157 955 Raoul Auernheimers. Gedicht „Der Tee“ das geistreich
2041 927 3166 1000 gesellschaftliche Element, in Hans Müllers „Die Muttec
2041 970 3161 1045 spricht“ und in Ginzkeys Alt=Wiener Valläde=„Das Wurst¬
2023 1013 3162 1084 duell“ das Schelmentum vor. Die Gedichte Peter Alten¬
2030 1034 3183 1133 bergs, die wir diesmal vernahmen, sind in der Forn###
2027 1096 3164 1180 geschlossener, als dies sonst seine impressionistische Gepflogen¬
2035 1135 3162 1229 heit ist, Hofmannsthals Gedächtnisrede an den Schau¬
3064 1231 3199 1291 Paul
2064 1230 3063 1304 spieler Mitterwurzer ist von stark oratorischem Feuer,
3035 1276 3192 1338 Pastell.
2066 1282 3037 1344 Wertheimers „Sagenburg“ ein zartes, lyrisches
2065 1322 3191 1383 F. Th. Czokors „Männer von Sterzing“ bekunden einen
2067 1371 3190 1434 jungen, kraftbonen Balladendichter, Karl v. Lebehows
2072 1407 3190 1471 „Weltlied“ Vhat den Schwung der Nietzsche=Hhmnen,
2063 1449 3197 1513 Strobls „Herausforderung“ einen keck romantischen
2057 1490 3195 1550 Schimmer, All diese 'voneinander so gesonderten Poeten
2066 1531 3201 1596 wußte der Vorleser dennoch durch eine gewisse Gemeinsamkeit
2071 1574 3199 1639 zu verbinden, eben durch jenes Heimatliche, das sich auch in
2062 1614 3191 1681 Jarays Vorlesekunst äußert. Er hat eine dem Päthos aus¬
2055 1662 3193 1722 weichende, stille, besonnene, fast behutsame Art, die in ihrer
2065 1704 3198 1764 ruhigen Abgedämpftheit dennoch lebendige Eindrücke ver¬
2062 1757 3207 1813 mittelt. Am lebendigsten wirkte das von Geist und Leben
2063 1784 3203 1856 ölitzende letzte Stück seines Programms: Schniglers
2075 1824 3206 1894 „Leutnant Gustl.“ Herr Jarat wußte den Monolog, der die
2066 1886 3182 1937 Novelle bildet, sehr klug in wirksame Detalls zu gliedern
2071 1933 3196 1991 er sand besonders für diese Leistung sehr freundliche Zu¬
2063 1964 2799 2032 stimmung des zahlreichen Auditoriums.
2188 2127 2946 2212 „OBSERVER
2272 2209 2924 2256 I. österr. behördl. konzessioniertes
2247 2254 2954 2329 Unternehmen für Zeitungs-Ausschnitte
2312 2305 2882 2393 WIEN, I., WOELZEILE 11
2379 2365 2822 2423 TELEPHON R-23-0-43
2190 2487 2538 2565 Ausschnitt aus:
2189 2577 2559 2670 Die Schauul
2834 2625 2921 2720 34
2189 2722 2313 2788 vom:
2352 2999 2920 3090 Deutscher Klab
2584 3077 2679 3131 Parie
2361 3127 2965 3191 Am Sonnabend, den zehnten
2323 3164 2968 3227 Vorember um 21 Uhr wird „Tent¬
2319 3219 2967 3267 gant Gusil“ von Arthur Schnitzler
2315 3245 2959 3304 von einem Kluhmitrlied vorge¬
2307 3288 2955 3339 tragen. Auschliessend: Gesellices
2296 3329 2953 3384 Beisammensein mit Tanz. Im Zei¬
2304 3371 2961 3412 tnnessel: Zetungslebtüre. Schach¬
2315 3411 2957 3464 siele. Eintritt für Mitelieder frei.
2310 3444 2955 3492 Göste willkommen. Gastheitrag:
2313 3486 2955 3535 5 Franken. Am Dienstag, den 13.
2318 3522 2969 3575 November, um 21 II trägt Kurt
2313 3559 2961 3617 Eig! (Wien) aus eigenen Werken
2306 3602 2955 3656 vor: Meine neuen Sonette“ „Der
2314 3636 2953 3694 Wein“ und Poriser Gedichte. Gast¬
2312 3675 2964 3726 eitrag am Dienstag: 2 Franken.
2304 3714 2949 3761 Der Deutsche Klub ist der Treff¬
2309 3755 2952 3809 nunkt aller Nichtgleichgeschalte¬
2304 3796 2953 3854 ten. Adresse: Salons le Pöristvle.
2343 3824 2967 3905 bis. Rue Vivienne, Paris 2e
2314 3858 2606 3922 (Métro Bourse)
