3248 4096
1205 117 1614 220 box 1/11
180 118 1012 219 10. Leutnant Gustl
1084 962 1433 1056 Telephon 12801.
364 1223 1455 1295 I. österr. behördl. konz. Unternehmen für Zeitungs-Ausschnitte
488 1288 1338 1378 Wien, I., Concordiaplatz 4.
717 1352 1118 1423 Vertretungen
357 1418 1440 1472 ) in Berlin, Budapest, Chicago, Christiania, Genf, Kopen¬
326 1460 1442 1524 hagen, London, Madrid, Mailand, Minncapolis, New-Vork,
426 1502 1409 1561 Paris, Rom, San Francisco, Stockholm, St. Petersburg
746 1538 1105 1592 (Quellenangabe ohne Gewühr.)
340 1566 786 1676 Ausschnitt aus:
319 1667 796 1773 E vom: 17. 2 1
792 1688 1091 1799 R
1235 1703 1389 1792 ACAR
378 1793 1520 1880 (Vorlesung.) Nach längerer Pause hatten wir gestern
287 1854 1510 1922 wieder einen Autorenabend. Der Einladung des zionistischen
295 1905 1507 1973 Frauenvereines Folge leistend, hatten sich Jakob Wasser¬
296 1949 1508 2017 hann, Richard Beer=Hofmann, Felix Salten und
304 1998 1513 2061 irtur Schnitzler vereint, um vurch Vorlesungen aus ihren
288 2047 1516 2113 Werken einen ungemei humanen Zweck, die Errichtung eines
279 2099 1515 2176 Heimes für die Kinder der bei den Pogroms in Rußland hin¬
1413 2141 1508 2213 hatte
1018 2140 1334 2218 Der Gast
726 2145 1021 2218 zu fördern.
283 2150 674 2228 gemordeten Juden,
288 2199 1510 2259 billigerweise den Vortritt. Wassermann ist ein kleines
287 2245 1517 2307 Männchen mit rabenschwarzen Haaren und ebensolchen
288 2288 1514 2356 Augen, die dem blassen Gesicht ein besonderes Relief geben.
285 2341 1522 2416 Er ist nicht das, was man einen Vorleser nennt. Dazu fehlt
304 2412 1504 2479 seiner Stimme Biegsamkeit und Klang, aber er liest deutlich und
301 2442 1515 2514 weiß seinem Gegenstande das Interesse zu erhalten. Seine Seele
1276 2507 1332 2543 —
1351 2507 1442 2546 #
294 2488 1076 2557 glüht von Liebe für sein Bolk, der### am
296 2544 1510 2603 Los der Juden“ gestern beredten Ausdruck lieh. Er schildent da
293 2574 1522 2654 die Leidensschule, die die Juden durchmachen mußten, und fordert sie
299 2626 1517 2699 auf, durch Betätigung des reinen Meuschtums und Selbstbewußtseins sich
293 2673 1525 2755 einen würdigen Platz zu erzwingen. Richard Beer=Hofmann brachte drei
296 2722 1522 2801 gedankenschwere Gedichte aus seinem Juden=Zyklus, die aber ge¬
301 2773 1524 2845 wiß besser wirken, wenn man sie selber liest. Felix Salten
303 2832 1519 2889 bot im „Ernsi des Lebens“ ein Kabinettstück der Erzählungskunst.
299 2873 1524 2941 Mit psychologischer Sicherheit entwickelt er da den Charakter eines
303 2915 1531 2993 jungen Levemannes, der bei den besten Anlagen zum Mörder an
311 2965 1530 3039 seinem früheren Lehrer, einem hervorragenden Arzte, wird, weil
310 3007 1531 3088 ihm dieser aus Bosheit sagt, daß er nur noch drei Monate leben
301 3061 1526 3140 werde. Den interessanten Abend beschloß Artur Schnitzler
303 3117 1531 3181 mit seinem „Leutnant Gustl“, auch eine Art „Schicksalsstück“, da
311 3157 1536 3228 die feine Skizze den Autor bekanntlich die Offizierscharge gekostet
314 3204 1539 3288 hat, Den Bösendorfer=Saal füllte ein distinguiertes Publikum, das
313 3273 1096 3337 den Vortragenden reichen Beifall spendet..
415 3306 1535 3390 (Dem Faschingszug in Gersthof), der gestern nach¬
313 3353 1539 3435 mittag vor sich ging, wohnten ungefähr 8•8000 Neugierige bei.
299 3428 1094 3511 Der Faschingsscherz verlief ohne Störung.
2152 122 3013 203 Wiener Antorenabend. Einen interessauten¬
2057 180 2950 234 und anregenden Abend hat gestern der zior
2922 226 2995 279 zu¬
2057 233 2895 287 stische Frauenverein im Bösendorfer=Saale
2944 268 2998 321 in
2060 275 2896 328 gunsten der Erbauung eines Waisenhauses
2953 315 3002 365 in
2054 313 2934 377 Palästina für die hinterbliebenen Kinder der
2917 355 3000 413 Als
2057 355 2872 419 Rußland gemordeten Jnden veranstaltet.
2056 412 2999 460 erster erschien am Vorlesetisch Jakob Wasser¬
2061 450 2986 511 mann mit einem geistvollen Essay über das
2065 493 2989 550 „Los der Juden“ ein Problem, das in dem
2054 533 2988 595 engen Nahmen dieser Abhandlung natürlich
2057 586 2999 636 nicht erschöpft wurde, zu dem er aber manche
2065 621 3001 678 wertvolle Betrachtung beisteuerte. Nach ihm las
2055 666 2986 720 Richurd Beer=Hoffmann drei Gedichte,
2059 695 3001 767 darunter das „Schlaflied für Mirjam“. Verse
2060 755 2993 811 von schwerer Pracht und tiofen Gedanken. Felir
2054 799 2991 849 Salten brachte eine Novelle „Der Ernst des
2055 837 2995 905 Lebens“ in der der Gegensatz zwischen stupidem,
2070 888 2995 940 rohem Philisiertum und edlerer Lebensauf¬
2075 932 2990 983 lssung zu einem tragischen=Konflikt führt. Eine
2067 966 2999 1034 Seelenstudie, deren psychologische Kraft von
2065 1013 2997 1069 eindringlichster Wirkung ist. Zum Schluß hörte
2066 1055 2990 1114 man Artur Sch###„Lentenant Gustl“
2069 1091 2995 1162 vom Autor selbst. Schritler lieft vorzüglich,
2072 1141 3003 1206 im Wechsel des leichtens onfalles mit dem ernsten
2068 1196 3001 1247 einen durch diese berül##it gewordene wienerische
2059 1228 3014 1313 Geschichte führend. Das Publikum, das den
2031 1344 2977 1403 Saal bis zum letzten Platz füllte, begleitetä die
2032 1393 2804 1469 vier Autoren mit stürmrischem Beifall.
2354 1498 3030 1656 Lrege
2106 2000 2773 2078 Bitte, Rückseite beachten ! !
2634 2056 2974 2147 Telephon 12.801.
2131 2143 2746 2291 „OBSERVER“
1981 2192 2070 2277 an
1907 2271 2994 2352 I. österr. bebördl. konz. Unternehmen für Zeltungs-Aussoh nitte
2033 2333 2856 2431 Wien, I., Concordiaplatz 4.
2243 2406 2634 2488 Vertretungen
1909 2453 2963 2532 In Berlin, Budapest, Chicago, Christiania, Genf, Kopen¬
1911 2519 2973 2580 hagen, Londen, Madrid, Mailand, Minneapolis, New-Vork,
1942 2558 2928 2610 Paris, Rom, Ban Francisco, Stockholm, St Petersburg.
2408 2600 2643 2667 # eung, dewans).
1908 2624 2911 2734 hunssanl am: (sroscslasta
2090 2711 2322 2808 02.
1909 2741 2022 2843 vom:
2103 2889 2849 2969 Löztnant Gustk jämte andra norel
2087 2959 2850 3030 ler“ ür titeln pü on i desee dagar 1
2095 2997 2853 3063 svenek översättning utlommen no¬
2089 3050 2848 3114 vellsamling av den berömde österriki¬
2093 3101 2856 3156 ske författaren scher Schnitzler,
2094 3135 2849 3201 vars dramatik pä de-#enarte üren bör¬
2083 3183 2850 3243 jat allt mer och mer uppekattas av den
2084 3229 2859 3280 svenska publiken. Utom Löjtnant
2087 3275 2856 3331 Gustl' innehäller denna samling, som
2088 3319 2840 3369 översattu av regissören vid Dramati¬
2087 3367 2836 3415 ska tentern Gustav Linden och utkom¬
2084 3410 2842 3468 mit pä Hugo Gebers förlag, tvä mind¬
2092 3453 2844 3511 re noveller,’’De döda tiga“ och''Fri¬
2078 3498 2846 3552 herre von Leisenboghs öde“. I de tvä
2083 3542 2848 3603 förstnämnds lär man känna den fram¬
2077 3591 2854 3645 stäonde skriftställaren frän en av hans
2079 3641 2845 3692 starkaste eidor, den lika elegant ut¬
2078 3676 2850 3745 mojslade so mskarpt genomträngande
2084 3726 2847 3785 själsanalysen och i 'Friherre von
2073 3766 2853 3829 Leisenboghs öde' äterfinnes ett annat
2082 3815 2850 3864 av hans äleklingstemata: Odet och
2080 3851 2838 3935 hypnosen, det dolda sjülalivets gätor
