3276 4037
282 158 1123 248 10. Leutnant Gustl
1302 159 1655 257 box 1/9
619 202 1128 268 An Cn un ene aen den ee e
916 889 1288 953 Telefon 12801.
457 988 1740 1058 Alex. Weigl's Unternehmen für Zeitungs-Ausschnitte
1471 1054 1607 1121 Ausschaft!
790 1091 1366 1194 „OBSERVER
1485 1086 1734 1207 Nr. 32
391 1189 1780 1262 L. österr. behördl. conc. Bureau für Zeitungsberichte u. Personalnachrichte
412 1251 1634 1348 49 Wien, IX/1. Türkenstrasse 17.
762 1346 1428 1427 Filiale in Budapest: „Figyeld“ —
390 1412 1772 1490 Vertretungen in Berlin, Chicago, Genf, London, Newyork, Paris, Rom, Stockholn
387 1523 882 1620 Ausschnitt aus:
1142 1547 1385 1642 ue Zürio
682 1680 780 1743 2 2
873 1668 1021 1750 4
396 1683 545 1753 vom
772 1687 842 1780 2
644 1875 1428 1949 Lieutenant Gustl“ heißt die Novelle, die
483 1941 1427 1993 ihrem Verfasser Arthur Schnitzler die österreichische
490 1981 1432 2035 Osfizierscharge gekostet hat. Als Grund des ehrenrät¬
501 2026 1434 2090 lichen Richterspruches wird angegeben, daß Schnitzler
499 2070 1430 2125 durch die kürzlich veröffentlichte novellistische Studie
522 2111 1427 2165 Lientenant Gustl“ der Ehre des österreichischen Offiziers¬
491 2159 1438 2217 corps nahe getreten sei und daß er auf eine in heftigem
486 2196 1430 2273 und persößlichehr Tone geschriebene Kritik biesernschrst¬
482 2243 1415 2317 stellerischen Arbeit in einem Tagesblatt nicht rechiert
483 2293 1420 2360 habe. Der thatsächliche Inhalt der Studie ist in ge¬
477 2331 1409 2405 drängter Kürze folgender: Lieutenant Gustl hat im Kon¬
483 2383 1416 2440 zert einen Zusammenstoß mit einem energischen Civi¬
476 2422 1413 2487 listen. Es kommt zu Beleidigungen. Der Lieutenant will
475 2465 1405 2531 den Säbel ziehen, aber der Civilist hindert ihn daran
424 2491 465 2550 F
1430 2488 1478 2546 15.
481 2508 1409 2579 durch überlegene Körperkraft. Lieutenant Gustl verbringt
1584 2504 1735 2571 inclusive
1438 2541 1476 2583 28
480 2550 1414 2619 eine qualvolle Nacht. Wenn das Regiment von dem
1589 2599 1721 2650 Zahlbar
478 2593 1414 2659 Vorfall erfährt, muß er quittieren. Eine Kugel vor den
1572 2633 1745 2699 im Voraus
472 2635 1408 2701 Kopf erscheint als einziger nobler Ausweg aus der
482 2681 1414 2747 Sache. Das Schicksal schenkt aber dem Lieutenant Gustl
477 2723 1402 2789 eine glücklichere Lösung der Sache: ben enragierten
387 2739 463 2790 Abe
1454 2745 1764 2818 abch steht es de
475 2767 1392 2839 Civilisten trifft der Schlag. Dieser Schlag „ex machina
394 2782 457 2838 Ab
1450 2785 1637 2855 zu ändern.
465 2812 1418 2885 befreit den Lientenant Gustl aus aller Verlegenheit.
465 2853 1403 2920 Niemand weiß, was geschehen ist. Der einzige Zeuge
1438 2848 1753 2931 zug enthaltend d
472 2896 1409 2976 seiner Schmach ist tot: der Lientenant jst gerettet. Der
1443 2923 1767 2974 ener Morgen
392 2949 1400 3020 h1 Spruch erregt in Wien natürlich das größte Aufseben.
1469 2955 1753 3007 „Wiener Zeitung
401 2988 752 3048 Wodutenseincessen
1426 2993 1766 3037 irthschaftliche Lober
399 2997 1428 3095 des in- und Auslandes in drastischer KTürze geboten wird.
1438 3031 1750 3095 Diese Mittheilung
395 3070 1163 3129 werden in Wien um 9 Uhr Früh verschickt.
692 3120 1482 3201 Prospecte gratis und franco.
2380 891 2747 957 Telefon 12801.
1922 1006 3195 1073 Alex. Weigl’s Unternehmen für Zeitungs-Ausschnitte
2927 1052 3067 1109 Ausschnltt
2952 1068 3216 1190 Nr. 34
2251 1064 2836 1209 „OBSERVER
1856 1200 3280 1269 I. österr behördl. conc. Bureau für Zeitungsberichte u. Personalnachrichten
2038 1262 3091 1367 Wien, IX/1. Türkenstrasse 17.
2200 1336 2883 1434 — Filiale in Budapest: „Figyeld“
1869 1421 3259 1494 Vertretungen in Berlin, Chicago, Genf, London, Newyork, Paris, Rom, Stockholm.
1857 1539 2351 1634 Ausschnitt aus:
2494 1596 3125 1699 Nruner Tageblatt
1866 1678 2042 1773 vonr“
2121 1687 2315 1787 777
1930 1916 3141 2019 *+ Noch einmal „Leutnant Gustl“. Unser Wiener
1938 1963 3137 2054 Korrespondent theilt uns zu dem Fall Schnitzler, dem wir in der
1950 2015 3135 2102 heutigen Morgennummer eine kurze Betrachtung widmeten, noch eine
1943 2065 3141 2147 andere Auffassung mit, der man eine gewisse Berechtigung nicht ab¬
1937 2103 3126 2182 sprechen kann. Es handelt sich um die Thatsache, daß Schnitzler dem
1935 2139 3132 2237 Ruf vor das Ehrengericht nicht folgte; unser Korrespondent schreibt
1931 2175 2114 2239 darüber:
1994 2227 3134 2318 „Auf eine Vorladung des militärischen Ehrenrathes erschien Schnitzler
1930 2275 3128 2364 nicht, mit der Begründung, daß er sich in der Freiheit seines künst¬
1918 2312 3127 2403 lerischen Schaffens in keiner Weise behindern lasse. Der Grundsatz,
1932 2359 3126 2432 den er da aufstellt, ist sicherlich richtig. Wenn man aber einer achtens¬
1934 2405 3127 2488 werthen Körperschaft angehört, die sich durch irgend eine Handlung
1924 2451 3127 2530 eines ihrer Angehörigen in ihrer Ehre verletzt fühlt, so ist dieses
1923 2489 3128 2573 Mitglied moralisch wohl verpflichtet, ihr Rede zu stehen. Und wenn
3122 2493 3223 2569 heive
1922 2528 3117 2620 Dr. Schnitzler vor dem Ehrenrathe erschienen und die Versicherung
3140 2559 3191 2603 to
1917 2581 3114 2660 abgegeben hätte, daß es ihm nicht im Traume ein
3145 2597 3211 2646 bar
1929 2616 3116 2695 gefallen sei, das Offizierskorps als solches zu bi¬
1922 2656 3116 2737 leidigen, wenn er eine andere Auffassung enk¬
1920 2696 3114 2781 kräftet und mit seinen guten Gründen widerlegt
3136 2698 3280 2763 st das
3146 2746 3282 2809 es den
1925 2736 3112 2825 hätte, so würde das Aufsehen erregenbe Urtheil
1915 2776 3110 2861 wohl nicht gefällt worden sein. Seine Haltung mußte zu
1920 2819 3014 2905 Mißdeutungen Anlaß geben. Als Schriftsteller, der die Freiheit
3009 2849 3109 2901 seines
1911 2861 3109 2940 Schaffens hochhält, hat er wohl Niemandem Rede zu stehen. Wohl
3132 2864 3280 2938 end die
3145 2910 3280 2967 gen¬
1912 2908 3106 2980 aber als Offizier einem Ehrenrathe, der die Gesammtheit der
3129 2954 3281 3020 eitung“)
1910 2945 3111 3029 Kameraden vertritt, die sich in ihrer Ehre verletzt fühlen. Nach dieser
3133 2992 3275 3044 s Leben
1917 2987 2834 3051 Richtung hin kann man sein Vorgehen nicht billigen.“
3139 3034 3281 3090 ilungen
1948 3038 3109 3115 Wir fügenlhinzu: ob die Auffassung, daß irgendseine auf der Voraus¬
1912 3066 3104 3155 setzung literarischen Verständnisses fußende Erklärung Schnitzlers das Ur¬
1901 3120 3100 3196 theil des Ehrengerichts verhindert hätte, nicht allzu optimistisch ist, bleibe
1902 3158 3117 3244 dahingestellt. Daß man überhaupt daran denken konnte, in dieser rein
1900 3200 3109 3275 menschlichen Geschichte etwas Beleidigendes für den Okfiziersstand zu
1905 3237 3101 3317 finden, beweist ein so geringes Anpassungsvermögen an die künstle¬
1897 3288 3086 3380 rische Denkweise, daß man in dieser Hinsicht wohl nicht allzu grac
1898 3320 2341 3399 Erwartungen hegen darf.
