3248 4128
217 177 1045 246 10. Leutnant Gust
1246 152 1600 257 box 1/9
612 438 660 481 10
508 423 607 480 kann,
440 440 1002 531 a Geisteszustandes des a#
399 495 627 533 Hannover,
662 482 1281 540 Agoneg“, A##### Kotteren als eine.
415 515 1634 587 Spindlersfeld und der Berliner Ruderklub dem Starter stellten, waren
403 558 1615 610 Vorrennen nöthig, die am Sonnabend Abend stattfanden. Aus diesen
412 598 1658 672 Trial-Leads waren Mainz, Nauck und Gadebusch (Berliner Ruderklub
405 708 1614 779 Gezänk und Geschrei erhaben fühle; daß die blanke Waffe, die er
403 755 1614 817 tragen durfte, reiner blieb, wenn er die Redaktion der „Reichs¬
403 800 1617 863 wehr“ nicht vor die Klinge forderte, und daß es ein recht erbärmliches
411 846 1615 901 Heldenthum sei, mit einem Prügel oder einer Peitsche erzürnte
410 889 1616 940 Menschlichkeit zu markiren. Der Arme! Hätteernicht so gedacht, hätte
409 932 1615 988 er sich mit einem Redakteur im Säbelstechen versucht oder ein kleines
412 968 1612 1030 Skandälchen angefangen, dann wäre er ein Vertheidiger, vielleicht ein
410 1013 1616 1071 Heros seiner Standesehre geworden. So ist er nichts anderes geblieben
406 1059 1618 1107 als Dr. Arthur Schnitzler, ein der Offizierscharge beraubter Dichter...
405 1098 1618 1151 Wird ihn deshalb auf der Straße Einer weniger grüßen? Nur etwas
406 1144 1614 1198 weniger kameradschaftliche „Tschaus“ wird er vielleicht zu hören
403 1173 603 1234 bekommen!
456 1226 1619 1287 Im Uebrigen brauchen auch wir im aufgeklärten Preußen uns
397 1260 1607 1335 nicht für so sehr viel bessere Menschen zu halten. Was in Oester¬
1645 1258 1703 1337 31
406 1310 1609 1362 reich den Reserveoffizieren eschieht, das passirt bei uns mit
1647 1334 1691 1380 üb
413 1349 1613 1411 einigen gelinden Aenderungen den Confistorialräthen. Aber man
1645 1362 1715 1429 pref
405 1393 1613 1451 wird nicht verkennen dürfen, daß trotz aller Schärfe die Form
406 1432 1605 1489 der Maßregelung bei uns doch noch eine weit aufgeklärtere und
412 1478 1623 1543 verständlichere ist als jene, die von der beleidigten österreichischen
1645 1491 1703 1538 Ge
406 1516 1616 1580 Standesehre verhängt wird. Wenn man aus dem Berliner
1640 1526 1698 1578 Se
405 1559 1618 1612 Konsistorium nach Königsberg versetzt oder gar in ein
401 1602 911 1656 Reichsamt berufen wird,
917 1600 1615 1663 ist Einem doch schließlich noch
410 1646 1606 1704 nicht die Offizierscharge aberkannt; Spötter sagen, im Gegen¬
406 1682 1606 1739 theil. Und so können wir denn nur hoffen, daß Arthur
418 1726 1608 1788 Schnitzler sich aus seinem lieben Wien, in dem Kleists
1646 1743 1717 1812 eine
409 1768 1613 1820 „Friedrich von Homburg“ von einem ängstlich nach Geist suchen¬
1634 1804 1711 1852 gede
404 1814 1607 1873 den Kritiker für ein Kom#ßstück erklärt wird, zu uns nach
1645 1843 1708 1890 beqi
401 1857 1609 1910 Berlin flüchtet, in dem vorlär fig noch den Dichtern — den Alten wie
406 1891 1607 1956 den Jungen — eine freundlichere Stätte bereitet ist. Wir werden
404 1936 1615 1985 ihn gern willkommen heißen — auch ohne die Offizierscharge, die
1650 1955 1708 2001 rei
401 1976 1614 2052 uns bei unseren Dichtern überhaupt nicht so überwältigend imponirt!
1642 2030 1700 2073 we
1641 2062 1703 2114 stell
455 2054 1614 2127 L. Eine Rede durch den Phonographen. Aus Antwerpen
1638 2092 1721 2151 verd
404 2098 1607 2166 wird in vol  Ernst berichtet: „Genosse“ Fabri, der aus Belgien
402 2156 1616 2207 ausgewiesen ist, hielt dieser Tage in einer hiesigen Versammlung
409 2186 1612 2240 der Werftarbeiter eine Rede, ohne in der Versammlung anwesend zu
1633 2179 1694 2247 ges
411 2221 1614 2262 sein. Er hatte die Instruktionen, die er seinen Parteigängern er¬
413 2258 1615 2319 theilen wollte, in einen Phonographen hineingesprochen, den man auf
1646 2265 1705 2312 ein
403 2293 1606 2344 die Rednertribüne stellte. — Fehlt nur noch der Name des ausge¬
1644 2307 1700 2356 Fes
405 2334 1612 2383 zeichneten Systems, das den Phonographen als Versammlungsredner
1645 2342 1713 2389 Rei
405 2372 1610 2437 einzuführen geeignet ist. Der wird sich aber wohl in der nächsten
1636 2380 1714 2429 schö
398 2395 675 2459 Notiz einstellen
1635 2421 1703 2475 ort
596 2990 1912 3059 fährtsort für alle Deutschel., A. denen die alle Sagenwelt lebendig ge=sw#
590 3037 786 3093 blieben ist.
680 3080 1856 3143 Dr. Arthur Schnitzler in Wien ist nun richtig wegen seiner
600 3107 1846 3182 Novelle „Lieutenant Gustl“, derselben Schöpfung, die er im vorigen
1865 3133 1917 3200 w
601 3154 1848 3224 Winter aus dem Manuscript in der hiesigen „Freien literaxischen Ver¬
599 3195 1846 3259 einigung“ vorlas, vom militärischen Ehrenrathe seiner Offizierscharge als
590 3228 1843 3298 Regimentsarzt der Reserve für verlustig erklärt worden. Als Grund des
1870 3245 1913 3294 „2
600 3269 1850 3333 ehrenräthlichen Richterspruches wird angegeben, daß=Schnitzler durch seine
1870 3292 1912 3341 11
603 3304 1843 3370 Studie der Ehre des österreichischen Oifiziercorus“ nahe getreten und daß
1866 3338 1903 3395 S
596 3349 1850 3406 er weiters auf eine in heftigem und versönlichen Tone geschriebene Kritik
1870 3388 1909 3437 „4
594 3380 1841 3448 dieser schriftstellerischen Arbeit nicht reugirt habe. — Wie so Schnitzler
601 3420 1848 3481 durch die psychologisch durchgearbeitete Schilderung einer irei ersundenen
1864 3433 1909 3482 da
589 3457 1842 3524 Eoisode aus dem Leben eines Offiziers der Ehre des Offizierscorps
597 3500 1838 3559 zu nahe getreten sein soll, wird kein vernünftiger Mensch verstehen.
601 3529 1846 3593 Daran, daß Schnitzler den Duell=Unfug nicht mitmachte, noch dazu einem
597 3565 1838 3632 Kritiker gegenüber, der ja nicht ihn kritisirte, sandern das Werk, hat
600 3600 1837 3667 Schnitzler vollends Recht gethan. Er ist also nicht mehr Regimentsarzt
1861 3615 1910 3670 be
594 3640 1740 3707 der Reserve, aber immer noch einer unserer ersten lebenden Dichter.
1738 3662 1841 3709 Und
1866 3667 1912 3714 gei
589 3678 1840 3753 dieser letzters Umstand wird ihn wohl über den Spruch der Kasten¬
586 3715 962 3764 gerichtsbarkeit trösten.
678 3750 1843 3818 Kleine Mittheilungen. Die Angelegenheit des Oberregisseurs
1854 3760 1934 3827 gea.
581 3777 1680 3858 Tetzlaff (von der Berliner Hofoperl. über #ta mir ######
1985 351 2731 431 ktrung des Grafen Ballestrem nicht.
2045 506 2824 578 + Noch einmal „Leutnant Gustl“
2873 514 3194 585 Unser Wiener
1987 553 3183 626 Korrespondent theilt uns zu dem Fall Schnitzler, dem wir in der
1994 600 3189 662 heutigen Morgennummer eine kurze Betrachtung widmeten, noch eine
1985 644 3183 707 andere Auffassung mit, der man eine gewisse Berechtigung nicht ab¬
1990 684 3193 752 sprechen kann. Es handelt sich um die Thatsache, daß Schnitzler dem
1989 729 3194 790 Ruf vor das Ehrengericht nicht folgte; unser Korrespondent schreibt
1990 765 2153 828 darüber:
2036 816 3192 886 „Auf eine Vorladung des militärischen Ehrenrathes erschien Schnitzler
1980 867 3183 918 nicht, mit der Begründung, daß er sich in der Freiheit seines künst¬
1986 905 3191 977 lerischen Schaffens in keiner Weise behindern lasse. Der Grundsatz,
1986 948 3177 1008 den er da aufstellt, ist sicherlich richtig. Wenn man aber einer achtens¬
1989 992 3184 1050 werthen Körperschaft angehört, die sich durch irgend eine Handlung
1978 1037 3191 1097 eines ihrer Angehörigen in ihrer Ehre verletzt fühlt, so ist dieses
1984 1072 3183 1138 Mitglied moralisch wohl verpflichtet, ihr Rede zu stehen. Und wenn
1984 1113 3187 1179 Dr. Schnitzler vor dem Ehrenrathe erschienen und die Versicherung
1978 1160 3179 1223 abgegeben hätte, daß es ihm nicht im Traume ein¬
1981 1201 3185 1255 gefallen sei, das Offizierskorps als solches zu be¬
1974 1243 3182 1296 leidigen, wenn er eine andere Auffassung ent¬
1979 1283 3187 1335 kräftet und mit seinen guten Gründen widerlegt
1979 1323 3177 1376 hätte, so würde das Aufsehen erregende Urtheil
1981 1368 3182 1427 wohl nicht gefällt worden sein. Seine Haltung mußte zu
1979 1408 3182 1458 Mißdeutungen Anlaß geben. Als Schriftsteller, der die Freiheit seines
1974 1448 3180 1504 Schaffens hochhält, hat er wohl Niemandem Rede zu stehen. Wohl
1972 1497 3178 1550 aber als Offizier einem Ehrenrathe, der die Gesammtheit der
1976 1534 3174 1594 Kameraden vertritt, die sich in ihrer Ehre verletzt fühlen. Nach dieser
1965 1572 2900 1623 Richtung hin kann man sein Vorgehen nicht billigen.“
2020 1612 3176 1670 Wir fügenthinzu: ob die Auffassung, daß irgendseine auf der Voraus¬
1974 1657 3175 1705 setzung literarischen Verständnisses fußende Erklärung Schnitzlers das Ur¬
1972 1703 3178 1762 theil des Ehrengerichts verhindert hätte, nicht allzu optimistisch ist, bleibe
1964 1741 3176 1801 dahingestellt. Daß man überhaupt daran denken konnte, in dieser rein
1966 1783 3172 1843 menschlichen Geschichte etwas Beleidigendes für den Offiziersstand zu
1972 1825 3175 1890 finden, beweist ein so geringes Aupassungsvermögen an die künstle¬
1964 1869 3175 1937 rische Denkweise, daß man in dieser Hinsicht wohl nicht allzu große
1965 1908 2414 1965 Erwartungen hegen darf.
2026 1967 3177 2037 Lili Lehmann nach Amerika. Das Berliner Musikleben
1962 1992 3167 2082 des Kommenden Winters wird eine sehr empfindliche Lücke aufweisen.
2173 2056 3063 2118 „.  78
3097 2065 3138 2113 125
2281 2251 2719 2326 in 4 Tagesblattem.
2278 2306 3109 2382 § Der bissige Gatte. Vor einem Er¬
2094 2357 2147 2432 2
2174 2354 3116 2436 kenntnissenate unter dem Vorsitze des Vicepräsi¬
2178 2414 3109 2485 denten Dr. Böhm fand gestern die Verhandlung
2068 2359 2126 2499 2
2180 2464 3113 2519 gegen den 27jährigen Monteur Alois Stephan
2042 2483 2128 2547 und
2182 2513 3112 2588 statt, welcher am 12. März seine junge Gattin,
2048 2534 2139 2597 bei
2172 2561 3110 2620 die er schon, als sie 16 Jahre alt war, zum
2179 2606 3109 2672 Altar geführt, durch Faustschläge ins Gesicht miß¬
2040 2631 2133 2694 ver¬
2176 2653 3108 2725 handelte und am 25. März mit den Worten be¬
2048 2681 2140 2740 eise
2176 2706 3102 2777 drohte: „Heute mußt Du noch hinwerden, heute
2034 2727 2126 2787 ifen
2166 2756 3111 2819 mache ich Dich noch kalt; es muß noch Blut
2038 2777 2120 2840 heil
2147 2780 3106 2882 Ffließen.“ Für den 29. März war, da das Ehe¬
2043 2827 2112 2885 jen
2156 2852 3105 2926 paar den Scheidungsproceß eingeleitet hatte, der
2155 2884 3103 2969 Dritte Versöhnungstermin beim Civillandesgerichte
2046 2921 2108 2982 ar
2159 2955 3096 3019 anberaumt, es kam eine Versöhnung zustande und
2055 2973 2112 3030 in
2178 2993 3105 3057 Stephan gab seiner Frau den Versöhnungskuß;
2168 3039 3102 3115 doch anstatt sie zu küssen biß er sie plötzlich in die
2048 3073 2104 3131 ge
2157 3104 3093 3160 Lechte Wange. Wegen der beiden ersteren Delicte
2046 3118 2134 3184 nd
2164 3139 3091 3202 hatte die Frau bei der Polizei die Anzeige er¬
2048 3166 2113 3226 ich
2161 3183 3096 3255 stattet, den letzteren Fall brachte das Civillandes¬
2049 3213 2116 3273 3=
2168 3245 3099 3315 gericht der Staatsanwaltschaft zur Kenntnis.
2051 3267 2107 3324 er¬
2168 3287 3094 3364 Stephan wurde wegen des Verbrechens der gefähr¬
2061 3312 2113 3362 d¬
2166 3338 3101 3413 lichen Drohung und wegen Vergehens gegen die
2055 3358 2113 3421 ich
2158 3385 3093 3456 körperliche Sicherheit augeklagt, und es wurde
2159 3431 3106 3510 bereits im vorigen Monate die Schlußverhandlung
2156 3492 3096 3552 anberaumt. Da sich aber die Gattin, sowie die
2055 3504 2112 3562 as
2163 3531 3097 3603 Schwiegermutter der Aussage entschlugen, wurde
2052 3556 2113 3614 en
2157 3578 3100 3654 über Antrag des Staatsanwaltes zwecks Vorladung
2064 3603 2114 3656 2
2160 3630 3097 3701 jener Polizeibeamten, bei welchen die Gattin
2068 3648 2110 3705 I
2161 3680 3094 3737 Stephan's die Anzeige erstattet hatte, vertagt. Bei
2062 3703 2112 3749 2
2148 3717 3086 3783 der gestrigen Verhandlung gaben die beiden Polizei¬
2322 3775 3087 3852 an. daß sie die ausgestoßenen Drohunger
3196 1987 3254 2036 K
