3276 4037
237 142 1077 215 10. Leutnant Gustl
1258 137 1611 232 box 1/9
422 201 696 252 dereteretete tete ensen sene
1547 379 1609 441 *
803 479 1157 541 Telefon 12801.
339 584 1613 657 Alex. Weigl’s Unternehmen für Zeitungs-Ausschnitte
240 645 348 755 2
666 697 1256 789 „OSSENVEN
1448 668 1605 781 77
1361 693 1456 785 Nr.
266 787 1679 852 I. österr. behördl. conc. Bureau für Zeitungsberichte u. Personalnachrichten
451 855 1513 933 Wien, IX. Türkenstrasse 17.
553 926 1306 1017 — Filiale in Budapest: „Figyelö“ —
269 1003 1676 1072 Vertretungen in Berlin, Chicago, Genf, London, Newyork, Paris, Rom, Stockholm.
276 1124 761 1207 Ausschnitt aus:
464 1203 908 1320 416 19 04
506 1478 1412 1545 *(Ein ehrenräthliches Urtheil.]
421 1530 1499 1590 Schriftsteller Dr. Arthur Schnitzler, der Regimentsarzt
413 1583 1487 1639 in der Reserve war, ist, wie die =Wr. Allg. Ztg.= mit¬
422 1620 1490 1690 theilt, von einem militärischen Ehrenrathe seiner Officiers¬
429 1671 1493 1741 charge verlustig erklärt worden. Als Gründe dieses ehren¬
416 1730 1493 1781 räthlichen Richterspruches werden von dem citirten Blatte
416 1780 1492 1833 angegeben, daß Dr. Schnitzler durch seine novellistische
431 1814 1498 1879 Studie =Lieutenant Gustl= der Ehre des österreichischen
416 1866 1489 1924 Officierscorps nahegetreten sei und daß er weiters auf eine
424 1913 1492 1975 in heftigem und persönlichem Tone geschriebene Kritik dieser
420 1965 1492 2030 schriftstellerischen Arbeit — welche Kritik in einem Wiener
432 2023 1484 2074 Tagesblatte zu lesen war — nicht reagirt habe. —
432 2059 1496 2124 Zur Erklärung dieser Notiz diene, daß der =Lieutenant
311 2080 379 2142 Für
1517 2101 1631 2153 clusive
430 2108 1494 2170 Gustl= bereits im vorigen Jahre im Feuilleton der =N.
328 2149 366 2192 „
1527 2149 1608 2193 orto.
429 2154 1494 2219 Fr. Presse= erschienen ist. Dr. Schnitzler, ein Israelit,
427 2211 1496 2273 hat, soviel wir uns erinnern, den =Lieutenant Gustle als
1526 2224 1652 2274 Voraus.
337 2243 421 2313 „ 10
448 2280 1519 2349 einen sehr läppischen, um nicht zu sagen, blödsinnigen
1544 2288 1678 2354 ist das
1558 2338 1680 2387 es den
447 2323 1525 2389 Menschen geschildert, beiläufig so wie unsere jüdischen
284 2324 417 2387 Abonne
288 2380 416 2440 Abonne
449 2373 1527 2436 Schriftsteller die ihnen mißliebigen=Aristokraten= darzu¬
438 2427 1523 2497 stellen pflegen. Auf das wirklich infame Feuilleton in der
450 2464 1671 2528 2N. Fr. Presse= ist dann eine scharfe Erwiderung in dertend die
273 2494 425 2554 Inhalts
457 2505 1669 2585 Reichswehr= erfolgt, auf welche Schnitzler, wie ihm an¬rgen¬
1524 2543 1652 2595 Zeitung
284 2547 429 2597 blätt
445 2562 1677 2636 geblich zum Vorwurfe gemacht wird, =nicht reagirt hat“.e Leben
283 2583 424 2638 wodurch
284 2622 421 2673 des In¬
449 2633 1681 2684 Wenn wir diesen Schlußsatz recht verstehen, so soll damiteilungen
287 2660 406 2712 werden
439 2664 1228 2734 wohl ein Duellzwang angedeutet werden?
597 2714 1371 2796 Pröspecte gratis und france
1990 83 2096 181 2
1831 129 1974 188 vom
2047 214 2897 293 (Zur Maßregelung des Schriftstellers
1938 277 2894 331 Dr. Arthur Schnitzler.) Wir haben im Morgen¬
1938 321 2899 372 blatte ausführlich darüber berichtet, daß der Wiener
1936 368 2890 419 Schriftsteller Dr. Arthur Schnitzler wegen seiner
1931 410 2888 462 in der Weihnachtsnummer der „Neuen Freien Presse“
1930 455 2887 502 veröffentlichten Novelle „Lieutenant Gustl“ vom
1937 500 2892 549 militärischen Ehrenrathe seiner Charge als Regiments¬
1938 537 2893 588 arzt in der Reserve verlustig erklärt worden ist.
1936 577 2888 652 Dr. Schnitzler weilt derzeit nicht in Wien. Er hat
1853 929 1947 990 Für
1840 1177 1957 1237 Abont
1843 1225 1951 1287 Abont
1844 1348 1917 1403 Inh
1853 1395 1919 1438 b11
1849 1434 1897 1475 WO
1847 1468 1913 1517 des
1844 1506 1920 1557 wer
2350 2015 2907 2107 Gründen seiner literarischen
1946 2028 2340 2099 sich aus principieller
1944 2092 2908 2139 und künstlerischen Freiheit dem Ehrenrathe, der
1947 2128 2913 2179 bereits seit einigen Monaten über diese Angelegenheit
1939 2171 2908 2226 Berathungen pflegte, nicht gestellt und es unter¬
1939 2216 2905 2270 lassen, sich gegen die Anklagen desselben zu ver¬
1939 2248 2909 2326 theidigen. Wir zeigen obenstehend unseren Lesern
1972 2289 2418 2368 ild Arthur Schnitzlers
2049 2401 2857 2527 Adolf Schustermann
1936 2535 2968 2598 Adressen-Verlag und Zeitungs-Nachrichten-Bureau
2081 2601 2810 2695 Berlin 0.27, Blumenstr. 80/81
2303 2744 2813 2831 Seisene Zeitung. Berin
2363 3025 2444 3112 21.
1902 3119 2971 3217 Wien, 20. Juni. (Eig. Drahtber.) Eine militärisch=litera¬
1874 3191 2975 3233 rische Angelegenheit macht hier viel von sich reden. Arthur
1873 3228 2970 3277 Schnitzler, der den Rang eines Regimentsarztes in der Reserve
1870 3266 2972 3330 bekleidet, wurde durch ehrenräthlichen Spruch seiner Charge
1875 3303 2432 3363 wegen einer in der letzten Wei
2521 3301 2951 3356 tsbeilage der „N. Fr. Pr.
1877 3341 2962 3391 veröffentlichten Novelle mit den Tirel „Leutnant Gustl“
1878 3376 2973 3425 sowie deshalb, weil er auf eine sehr heftige Kritik dieser
1873 3418 2966 3467 Novelle in einer anderen Zeitung nicht reagirt hatte, verlustig
1861 3456 1988 3503 erklärt.
2051 3455 2975 3503 Leutnant Gustl“ behandelte das Problem der soge¬
1873 3491 2971 3541 nannten Ehrennothwehr, das heißt, daß ein Offizier jede Beleidi¬
1873 3536 2971 3582 gung auf der Straße sofort mit der Waffe in der Hand zu
1871 3567 2969 3620 rächen hat. In einer Theatergarderobe geräth Leutnant Gustl in
1867 3602 2969 3656 einen Wortwechsel mit einem Bäcker. Als er den Säbel ziehen
1872 3689 2970 3735 „dummer Bub“ schimpft. Nach dem Ehrenkodex fühlt sich Leutnant
1862 3705 2977 3766 Gustl verpflichtet, sich eine Kugel vor den Kopf zu schießen. Er
1873 3757 2965 3804 irrt eine ganze Nacht im Prater umher und findet nicht den
1863 3803 2968 3846 Muth dazu. Morgens will er noch einmal in sein Kaffeehaus
1878 3846 2964 3888 frühstücken gehen und dann sterben. Dort hört er, daß den
1863 3878 2979 3949 Bäcker bei Nacht der Schlag getroffen habe, und unterläßt der
1876 3916 2073 3968 Selbstword.
3040 912 3183 989 inclusive
3047 977 3166 1023 Porto.
3042 1011 3172 1062 Zahlbar
3010 1043 3198 1117 im Voraus.
2915 1117 3222 1188 sschnitte ist das
2919 1164 3238 1219 uch steht es den
2917 1206 3089 1267 u ändern.
2928 1282 3226 1349 ig enthaltend die
2920 1333 3226 1386 ner Morgen¬
2926 1373 3219 1422 „Wiener Zeitung“
2923 1408 3223 1464 nschaftliche Leben
2926 1452 3229 1513 iese Mittheilungen
