3296 4000
874 137 1100 212 Gust
1296 135 1671 226 box 1/11
268 141 833 213 10. Leutnant
808 919 1852 1017 dieser Ausstellungen, die ich nicht unterdrücken durfte, ist
179 944 760 1040 Dergleichen ist selten der Ruhm
798 990 1837 1053 es genußreich, die neun Geschichten zu lesen, die unter
803 1025 1843 1099 dem eben genannten Titel in zwei Bänden erschienen sind.
132 1029 760 1131 en Büchern entsprechen der Heyse¬
811 1072 1846 1142 Ein gütiges Herz. eine feine Künstlerin hat sie geschrieben.
136 1100 755 1172 in ehesten einige der Geschichten in
800 1116 1847 1185 Hervorgehoben sei auch die vornehme, schlichte Ausstattung.
152 1151 762 1213 ägen“*) von Marie v. Ebner¬
806 1156 1848 1227 Den modernen Ausstattungsmarotten gegenüber, die Bücher,
150 1196 759 1247 reilich nicht Novellen, sondern ein¬
813 1199 1849 1273 die zum Lesen da sind, immer mehr zu verschrobenen Bil¬
155 1232 766 1288 Die Heyse'sche Theorie hat für die
804 1256 1858 1320 derbüchern macht, thut ein Buch doppelt wohl, das den
158 1277 759 1348 Vorzug, daß solche Novellen einen
807 1292 1855 1360 Hauptwerth auf gutes Papier und auf guten Druck legt.
137 1322 763 1382 mnen, einheitlichen Eindruck machen.
813 1328 1850 1403 Schade, daß auf dem Einband nicht auch noch die paar
146 1362 759 1425 liegt doch zugleich die Gefahr, ge¬
812 1384 1327 1462 Zuckerbäcker=Blümlein fehlen.
141 1409 759 1472 mentlich in der Geschichte „Uner¬
854 1410 1858 1498 Ihren „Falken“ hat auch die Geschichte Arthur Schnitz¬
140 1448 768 1515 st auch Marie v. Ebner=Eschenbach
814 1468 1849 1545 ler's „Lieutenant Gustl“*) der eine k. und k. öster¬
138 1489 760 1558 jangen. Sie hat viel Ausgetifteltes,
816 1512 1844 1577 reichische Militärbehörde unfreiwillige, aber verdiente Re¬
144 1535 774 1606 zvolles sie auch an Einzelheiten des
815 1548 1855 1621 klame macht. Ihr „Falke“ ist der plötzliche Tod des Bäcker¬
147 1577 764 1637 nung, der Fabel aufweist. Sie ent¬
823 1589 1854 1663 meisters Habetswallner, der am Abend vorher mit am Teich¬
154 1618 777 1689 dem Schema eines wenn auch fein
824 1635 1853 1708 fneten erstarkter Faust des Lieutenant Gustl Säbelgriff fest¬
154 1663 772 1727 .So aufregend sie ist, kann sie mich
814 1678 1857 1751 hielt, als dieser, angeödet von einem ernsten Konzert, seinem
152 1714 770 1765 icht befriedigen. Die Dichterin hat
825 1717 1859 1802 Aerger über die verlorne schöne Zeit in der Garderobe durch
153 1751 769 1818 ich gestellt und geistreich gelöst. Da
823 1763 1864 1848 grobe Worte an besagtem Bäckermeister Luft macht. Immer
150 1794 779 1853 kovelle keine mathematische Aufgabe
824 1807 1865 1884 die starke Faust an des Lieutenants Säbelknauf nennt ihn
154 1833 770 1905 icht. Und so schön eine andere Ge¬
826 1849 1864 1923 dafür Habetswallner einen dummen Bub und droht, wenn
144 1889 784 1954 uch ist, die von einem Menschen= und
822 1902 1859 1971 der Gustl nicht gleich ganz „stad“ ist, den Säbel zu zer¬
143 1920 774 1993 der eine alte verprügelte Hündin dem
827 1936 1865 2011 brechen und die Stücke dem Regiment einzuschicken. Gustl
131 1964 781 2037 n aufgelesenen Provi zur Mensch¬
824 1980 1861 2069 hat den ehrenwerthen Bäckermeister zwar zuerst und ohne
137 2013 781 2073 nn ich eben auch hier nicht an die
826 2026 1857 2109 allen Grund beleidigt, und nach bürgerlicher Moral thäte
154 2051 786 2120 dieser Geschichte glauben. Es hin¬
829 2079 1869 2142 er am Besten, er sähe das ein und bäte Herrn Habetswallner
147 2089 778 2162 Hundekenntniß. Wenigstens habe ich
824 2111 1863 2185 um Entschuldigung, aber seine „Ehre“ verbietet das. Sie
138 2146 790 2214 kten Hundebekanntschaft noch keinen
835 2161 1866 2236 hat durch die Worte und das Gebahren des Bäckermeisters
145 2184 782 2260 h zutraute, daß er grade dem Men¬
832 2199 1868 2278 ein tödtliches Loch bekommen, sie kann nur wiederhergestellt
166 2225 784 2308 zu Tode prügelt, noch im Sterben
829 2243 1867 2318 werden, wenn er dem elenden Bäckermeister sofort den Säbel
187 2276 792 2345 zuschleppt. Meine Hundebekannt¬
835 2284 1870 2360 in den Bauch jagt. Lenn der Kerl nur nicht so ungeschlachte,
150 2317 794 2380 zu viel Charakter. Davon abgesehen
835 2326 1871 2413 starke Fäuste hätie, die nicht vom Säbel lassen! So bleibt
148 2362 787 2439 elungen, die uns schon einmal eine
832 2370 1871 2451 dem armen Gustl schließlich nicht Anderes übrig, als sich
150 2400 778 2469 chte geschenkt hat, in der „Spitzin“
850 2416 1877 2500 elbst zu tödten. Nur durch ein Loch, sei es in des Bäcker¬
141 2447 787 2521 ben, die rührt, ohne sentimental zu
834 2465 1880 2535 meisters dicken Bauch, sei es in des Lieutenants leeren Schä¬
153 2489 788 2559 ie deshalb so schwer ist, weil sie gar
835 2499 1873 2577 del, kann das Loch in seiner Standesehre reparirt werden.
162 2532 791 2598 menschlichen Takt verlangt. Aehn¬
844 2547 1869 2624 Um die Gedanken nun, die dem Gustl kommen, wie, wann,
156 2582 791 2638 illen, zu Herzen gehenden Geschichte
841 2587 1875 2666 oder ob vielleicht doch nicht dieser Selbstmord auszuführen
164 2619 792 2683 die allen ehrgeizigen Eltern noch be¬
849 2638 1881 2718 sei, drehn sich drei Viertel der Novelle. Zu Anfang des
142 2665 795 2726 tung“, wie die Bureaukraten sagen,
855 2680 1880 2757 etzten Drittels wollte es mir scheinen, als würde Schnitzler
153 2706 802 2770 Eine meisterhafte Novelle im Sinne
842 2719 1891 2795 doch ein wenig zu breit. Künstlerisch läßt sich das allerdings
143 2751 794 2820 slan's Frau“. Ihre Lektüre bedeutet
850 2755 1883 2838 sehr wohl rechtfertigen. Denn grade dadurch, daß der dumme
151 2797 795 2859 strübten Genüsse, wie sie ein Kritikus
854 2803 1882 2887 Gustl, dessen Hirn bisher aur mit Weibergeschichten gefüllt
147 2836 800 2908 altjahre einmal hat. Dann habe ich
844 2851 1890 2932 war, sich nun immer und immer wieder den Schädel an dem
159 2891 801 2956 so reife Dichterin doch noch so jung
856 2905 1885 2982 Selbstmordgedanken wundstößt, wird Mitleid erweckt. Der
153 2925 804 2999 z wie „Die Visite“ in ihr Buch auf¬
853 2933 1893 3013 arme Kerl kommt Einem vor wie eine hilflose Fliege, die
152 2965 808 3036 ist, so hat er doch nur, um mit Bran¬
139 3011 804 3100 erth einer „langen Anekdote“. Trotz
876 3014 1893 3107 **) Illustrirt von M. Coschell. Berlin, S. Fischer, Verlag,
855 3083 967 3152 1901.
140 3085 827 3180 n, Verlag von Gebrüder Paetel, 1901.
1947 1044 2379 1116 Kim Prater am Morge..
1884 1063 2936 1153 ca é niedersinkt, wie die Fliege schließlich nach allen Muhen
1886 1126 2940 1196 ntt, wie todt, ohne sich noch zu rühren, von der Scheibe
1942 1168 2929 1241 s Fensterbrett fällt. Da erfährt Gustl den plötzlichen Tod
1963 1214 2940 1277 Bäckermeisters und athmet erleichtert auf. Nun kann Nie¬
1900 1260 2939 1327 mund mehr etwas von dem Vorfall erfahren. Er ist so ab¬
1892 1299 2946 1379 gehetzt, so schwach, er hat nicht mehr den „Muth“ sich todt
1894 1339 2944 1419 zu schießen, er bleibt leben. Diese tragikomische Geschichte
1897 1395 2946 1456 hat Schnitzler prächtig erzählt. So leichthin, ein wenig sa¬
1906 1443 2943 1501 lopp, aber immer reizvoll. Trotzdem der Gustl im Grund ein
1907 1488 2943 1542 recht fader Gesell ist, interessirt man sich für ihn. Trotzdem
1901 1518 2943 1588 er im Grunde direkt widerwärtig sein kann, „Fallobst“, ver¬
1914 1558 2950 1643 teht es Schnitzler, ihn uns so vor die Augen zu stellen, daß
1905 1609 2938 1675 er gar nicht so widerwärtig aussieht. Im Leben schaun die
1904 1642 2945 1718 Lieutenants Gustl ja auch nicht so aus. Ein graziöses, echt
1903 1686 2954 1770 Wiener Gebäck, diese Novelle. Darauf versteht sich Schnitzler
1909 1745 2946 1806 meisterhaft. Und der leicht satirische Ton, in dem sie gehalten
1902 1798 2502 1864 ist, gibt ihr nur einen Reiz mehr.
1966 1827 2954 1890 Noch ein Novellenband eines Oesterreichers liegt vor:
1907 1862 2946 1948 „Die Troika**), Erzählungen von J. J. David. Die
1912 1904 2954 1978 erste, die dem Band den Namen gegeben, gibt in der Haupt¬
1912 1951 2944 2028 sache aus dem Munde des Sohnes die Geschichte des Vaters,
1910 1991 2948 2064 eines berühmten Schauspielers, der in wildem Ueberschwang
1911 2033 2954 2107 dahingestürmt ist durchs Leben, bis die Troika umschlug.
1913 2078 2957 2148 Als Symbolum ist dies Gefährt sehr gut verwandt. Ueber¬
1918 2121 2961 2203 haupt weiß David seine Bilder zu wählen. Oft sind sie frap¬
1920 2177 2966 2236 pirend zutreffend und doch durchaus naheliegend und natür¬
1922 2209 2959 2279 lich. Das Beste, was man von Bildern und Gleichnissen sagen
1915 2251 2964 2326 kann. Zuweilen aber sind sie doch auch gesucht. Eine An¬
1915 2296 2959 2379 lage, die David in sich gefunden, hat er nach Kräften aus¬
1918 2339 2962 2423 gebildet. Nur, er weiß zu sehr, daß er diese Anlage besitzt,
1912 2383 2968 2459 er hat sich zu sehr darum bemüht, sie auszubilden. Dar¬
1920 2430 2962 2501 über ist ihm dann ein gut Stück Naivetät des Schaffens
1918 2472 2971 2540 verlorengegangen. Bei allem Respekt vor solcher Arbeit an
1933 2509 2967 2585 ich selbst, bedauere ich doch sehr diesen Verlust. Es steckt viel
1926 2554 2964 2627 Ausgesonnenes in dieser Produktion. Das merkt man glück¬
1923 2597 2962 2673 licherweise an seiner Menschengestaltung weniger, für die
1927 2636 2960 2728 solches bewußte, gründliche Nachspüren oft ein Vortheil ist,
1932 2683 2967 2760 als an seinen Naturschilderungen. Sie sind selten, aber wo
1930 2725 2966 2810 sie sich finden, weniger geschaut als gesucht. Man sehe sich
1925 2770 2969 2855 daraufhin nur einmal die ersten Seiten der letzten Erzähl¬
1934 2813 2970 2894 ung an. Hier findet sich auch bezeichnenderweise eine mo¬
1931 2858 2976 2935 dernste Unart, wohl aus dem Französischen importirt, die
1921 2898 2986 2992 mich bisher nur in modernster Lyrik chokirt hat. Man redet
2055 2969 2977 3063 Verlegt bei Schuster u. Loeffler, Berlin und Leipzig,
1931 3044 2038 3123 1901.
