3296 4128
355 3208 416 3255 1
351 3441 426 3490 an
1262 81 1695 190 box 1/10
241 96 1108 185 10. Leutnant Gustl
422 150 1113 219 unererenen enentete ene in erenenen n enenenene.
454 825 665 915 Lun..
458 883 1612 958 Percent Cadettenschülern, 18 Percent Reserveofficieren,
1643 894 2785 970 triebs=Gesellschaft nach, wie viele ehemalige Officiere als
449 944 1603 1002 0·8 Percent Soldaten. In der Theresianischen Militär¬
1637 959 2782 1014 Kutscher, Vorreiter, Conducteure, Revisoren 2c., dort ge¬
449 990 1606 1045 akademie waren statt der budgetär bewilligten 450 Zög¬
1632 1009 2785 1075 dient haben und noch dienen. Diese Bedauernswerthen
448 1036 1610 1088 linge nur 285 Zöglinge, in der technischen Akademie
1636 1062 2787 1111 mußten nach vielen vergeblichen Versuchen, eine ihren
450 1085 1603 1142 statt 270 Zöglingen nur 179 Zöglinge, mithin statt
1635 1105 2791 1166 Kenntnissen und ihrer Bildung entsprechende Stelle zu
455 1130 1617 1185 720 nur 464 Zöglinge vorhanden, was einen Abgang
1648 1160 2779 1218 finden, endlich nehmen, was sich ihnen bot, um nicht zu
448 1174 1610 1232 von 36 Percent bedeutet. Die Zahl der aus beiden
1638 1208 2791 1263 verhungern. — Es ist sehr beschämend für den Staat, und
448 1227 1607 1277 Akademien Ausgemusterten ist in immerwährender Ab¬
1632 1256 2791 1314 seiner unwürdig, wenn seine Kriegsverwaltung Officiere
439 1270 1601 1336 Fnahme begriffen, sie betrug 1897 224, 1898 211,
434 1326 1616 1392 1899 201, 1900 191 Zöglinge. Die Anzahl der Civil¬
1631 1305 2782 1409 aultd chenen niaht einmat die Uhren Dietsahen ane¬
441 1374 1609 1438 bewerber im Aufnahme in die Militärakademien war
1640 1399 2791 1458 sprechende Pension gibt, obwohl ihnen Beförderungstaxen
456 1422 1612 1475 im Jahre 1900 eine sehr geringe und betrug 41 Be¬
1634 1447 2023 1523 abgezogen wurden.
444 1471 1618 1543 werber für die Theresianische Akademie und 19 Bewerber
1727 1495 2791 1567 Der Behauptung Jekelfalussys, daß die Kriegsver¬
455 1518 1618 1584 für die technische Akademie, wovon fast alle (37 bis
1636 1540 2777 1618 waltung nicht den geringsten Einfluß auf die Beschluß¬
450 1566 1014 1622 18) aufgenommen wurden.
1652 1602 2791 1656 assung des Ehrenrathes ausübt, können wir nicht be¬
554 1603 1621 1686 Der nächste Grund, weshalb wir uns mit obiger
1641 1644 2778 1704 dingungslos zustimmen, denn diese übt schon deshalb Ein¬
448 1660 1613 1723 Vorschrift befassen, liegt darin, daß sowohl in der
1641 1702 2789 1769 fluß aus, weil sie noch immer nach der „Vorschrift für
456 1713 1606 1779 österreichischen als auch in der und arischen Delegation
1640 1748 2661 1812 das ehrenräthliche Verfahren vom Jahre 1884“
454 1766 1607 1827 in dieser Angelegenheit mehrfache Isterpellationen ein¬
1633 1786 2778 1856 Untersuchung und Beschlußfassung durchführen läßt und
447 1800 1600 1877 gebracht wurden, und weil die in der ungarischen Beie¬
1640 1847 2790 1914 es bisher nicht der Mühe werth fand, diese Vorschrift
454 1856 1596 1922 gation gegebene Beautuertung der dies bezüliche suter
1648 1891 2790 1957 #assiren und eine neue, den modernen Anschauungen
453 1912 1600 1967 pellationen seitens des Sonschefe FML. Ludwie
1657 1953 2779 2005 ngene herauszugeben. Weiter sagte der Herr Sections¬
457 1956 1608 2019 v. Jekelfalussy als Vertrete Reichskriegsministers
1881 1991 2784 2049 #erseits nicht wünschen würde, daß an dieser
457 2002 1608 2057 nicht befriedigen kann. Wie gehenier auf die Er¬
1630 2037 1811 2101 Institul
1892 2042 2789 2103 ##h#t werde. Dieser Ausspruch steht in
457 2054 1613 2120 örterungen des Duells nichte in, obgleich#e# so lange als
1636 2095 2778 2150 directem Geget zu dem, was der Redner in derselben
460 2100 1608 2157 keine entsprechenden Gesetze geschaffen werden, die unsere
1622 2139 2779 2200 Sitzung über dus s#strafgesetz sagte: „Die Reform
462 2154 1604 2209 persönliche Ehre schützen, und so lange es möglich ist,
1630 2186 2786 2249 des Militärstrafver#### allerdings eine Seeschlange.
453 2196 1607 2243 daß der in seiner Ehre Beleidigte und Gekränkte unter Um¬
1633 2234 2781 2286 ##e Vorlagen befinden sich bereits bei den beiden Landes¬
456 2240 1618 2309 ständen gar keine Genugthuung bei Gericht zu erwarten hat
1641 2287 2783 2344 vertheidigungsministerien, und das weitere Verfahren geht
515 2288 1599 2349 kaum zu umgehen ist. Wir wollen uns nur mit dem
1636 2331 2787 2394 die Ge# hung an. Die Grundprincipien, auf denen
458 2330 1611 2399 ehrenräthlichen Verfahren allein befassen, das aber leider
1952 2386 2789 2441 basirt, entsprechen vollkommen den mo¬
1640 2370 1966 2439 das Vertahren!
453 2386 1129 2462 jeder Gerechtigkeit Hohn spricht.
1638 2429 2792 2482 dernen Anschauungen. Diese Principien stimmen im
564 2431 1606 2500 In der ungarischen Delegationssitzung am 10. Juni
1638 2476 2780 2534 Wesen mit den Anforderungen des modernen Processes
458 2472 1603 2532 d. J. beantwortete FML. v. Jekelfalussy mehrere Au¬
1634 2527 2776 2587 überein, sowohl, was das Verfahren während der Haupt¬
462 2531 1609 2589 fragen. Zu seinen Ausführungen haben wir mehreres
1642 2569 2790 2641 verhandlung, als was jenes vor den betreffenden Gerichten
462 2583 1604 2638 zu bemerken: Uns sind Fälle bekannt, in denen auf dem
1633 2627 2772 2676 anbelangt. Diese Principien sind: Trennung der Ob¬
451 2624 1602 2676 Weg des ehrenräthlichen Verfahrens die politische Ueber¬
1634 2657 2781 2737 liegenheiten des Klägers, Vertheidigers und Richters;
465 2671 1615 2735 zeugung verfolgt wurde, ohne daß diese gegen die
1643 2702 2785 2779 Oeffentlichkeit, Mündlichkeit, Unmittelbarkeit; freie Er¬
458 2719 1614 2774 Officiersstandesehre verstieß. Der Reoner brachte einen
454 2772 1610 2829 Fall vor, in welchem der Ehrenrath einen Freispruch
1639 2767 2787 2830 wägung der Beweise und die Rechtsmittel der Berufung
473 2820 1603 2877 fällte; nachdem sich aber nachträglich herausgestellt hatte,
1633 2816 2780 2871 und Nullität.“ Warum will man nicht auch das ehren¬
468 2868 1616 2930 daß dieser Freispruch auf Grund unrichtiger Informa¬
1643 2861 2779 2927 räthliche Verfahren diesen löblichen Principien anpassen?
460 2912 1608 2970 tionen erfolgt war, erneuerte der Ehrenrath das
1634 2915 2782 2976 Warum soll auch noch weiterhin die Rolle des zuständigen
456 2960 1607 3016 Verfahren über Verlangen des Officierscorps und
1640 2967 2777 3016 ehrenräthlichen Ausschusses erhalten bleiben und ihm die
464 3004 1609 3072 fällte den Schuldspruch. Der gegentheilige Fall, daß
1634 3016 2779 3088 Functionen des Untersuchungsrichters, Anklägers und
457 3049 1607 3107 ein Officier infolge unrichtiger oder mangelhafter In¬
1631 3048 2181 3137 Richters belassen werden?
459 3098 1621 3159 formationen ehrenräthlich entlassen wurde, ist sehr oft
1720 3094 2790 3171 In seinen weiteren Ausführungen führte Sectionschef
464 3156 1618 3222 vorgekommen und dennoch wurde in einem solchen Fall
1645 3157 2776 3217 Jekelfalussy an, daß weder in den Dienstreglements noch
459 3199 1616 3256 nie das Verfahren erneuert, — es blieb bei der un¬
1639 3209 2784 3267 in der Vorschrift über das ehrenräthliche Verfahren des
466 3224 1616 3302 gerechten, ehrenräthlichen Verurtheilung. Der Sections¬
1641 3247 2783 3311 Duells Erwähnung geschieht, vergißt aber darauf, daß im
456 3294 1607 3368 chef hat bezeichnenderweise von solchen Fällen nichts
1639 3305 2772 3354 Militärstrafgesetz das XIV. Hauptstück „Von dem Zwei¬
462 3341 834 3407 zu sagen gewußt.
1639 3347 2775 3403 kampf“ handelt. Zum Schlusse bespricht er die Affaire
1632 3400 2783 3455 Tacoli=Ledochowski und behauptet, daß Graf Ledochowski
560 3374 1619 3461 Sectionschef v. Jekelfalussy führte weiter aus: „Man
462 3443 2789 3526 sagt, der Officier sm immer dem ausgesetzt, daß er auf um eine Revision des ehrenräthlichen Verfahrens und
2813 917 2890 970 Des
2816 965 2893 1020 keit
2808 1013 2894 1070 erw
2805 1053 2903 1111 von
2805 1104 2899 1166 wäl
2808 1157 2899 1213 tei
2813 1251 2905 1312 Sta
2809 1300 2898 1359 Wie
2801 1347 2908 1402 Led
2811 1396 2902 1454 Sol
2813 1446 2900 1507 setzt
2806 1493 2905 1548 Cha
2809 1545 2910 1601 erha
2807 1590 2900 1654 gese
2815 1644 2904 1701 den
2815 1686 2905 1746 Gen
2810 1736 2906 1797 von
2807 1783 2915 1869 geste
2803 1875 2889 1939 d.
2796 1926 2907 2010 gebr
2809 2011 2899 2077 gestel
2811 2065 2901 2119 liche
2813 2100 2914 2166 in W
2813 2151 2905 2232 ond¬
2813 2223 2896 2266 denn
2813 2260 2904 2307 Stra
2807 2298 2902 2344 des A
2805 2337 2907 2387 Jeder
2808 2374 2921 2429 unger
2817 2415 2921 2464 fallen
2801 2455 2912 2518 aus v
2815 2505 2907 2580 führt
2802 2506 2908 2662 U0
2813 2635 2914 2695 der d
2810 2683 2927 2733 mit a
2817 2721 2908 2785 schuß
2813 2766 2889 2811 aus
2814 2804 2891 2848 und
2819 2838 2928 2890 so da
2810 2879 2925 2929 nur e
2813 2917 2921 2986 den 2
2807 2978 2900 3045 ohne
2801 3020 2928 3082 rufu
2803 3071 2927 3124 ehren
2802 3112 2929 3156 active
2812 3149 2920 3209 selbst
2801 3196 2899 3273 eine
2812 3264 2929 3316 „Vorf
2812 3307 2924 3353 werde,
2810 3345 2925 3394 werde
2791 3430 2938 3526 Punkl
