3276 4037
268 184 1099 261 10. Leutnant Gustl
1277 191 1645 287 box 1/9
466 245 649 295 ae den den
761 235 1121 306 ereneerenen en enen nne.
1834 225 3049 302 Ausschnitt aus: Aendiger #
1836 357 2480 457 vom 23¼ 6 7067.
1205 432 1533 524 A0 nn
1072 456 1213 526 —
322 461 971 532 C ssseeeesssssssssssssssesSsaSeSSSERRRSSRsSARRRRE
371 526 638 606 TRAFRE TILECRAPRIOCE:
360 589 651 668 COUPUHES PARIS
711 542 1505 682 Ie COURRIER G R PRESSE
2003 595 3013 699 Nicht Schnitzler, sondern Schnitzer.
463 647 542 705 —.
734 666 1464 730 Tonde en 1880. A. GALLOIS, Directeur
2053 683 2754 742 Von konservativer Seite schreibt man:
368 685 629 764 TELEPHONE
416 738 583 800 N 101.50
749 712 1514 795 BOULEVARD MONTMARTRE. PARIS
2056 727 3001 811 Die Blätter verzeichnen die Meldung, daß dem
693 725 751 811 21
471 776 552 823 00—
760 778 1448 841 FOURNIT COUPURES DE JOURNAUX & DE REVUES
2004 760 2998 851 bekannten Literaten zu Schnitzler literarischen
833 815 1364 860 SUR TOUS SUJETS & PERSONNALITES
378 811 636 872 ASCENSEUR
2008 826 3006 910 Erzeugnisses, die Offizierscharge ehren¬
1998 879 3002 955 räthlich averkannt worden sei. Weder der betrof¬
2006 925 2993 1004 fene Herr, noch sein Opus sind sehr darnach an¬
823 943 1137 1037 Le Temps
1998 979 2997 1058 gethan, Sympathien zu erregen, aber auch die
562 973 760 1051 Journal:
1104 994 1446 1081 23 JUiN 1901
2000 1019 2997 1100 Maßregelung eines Literaten, bloß weil er in
426 1031 493 1117 2
541 1056 671 1136 Date
1994 1074 3003 1158 einem literarischen Werke ein Seelenproblem in
418 1113 463 1147 55
1364 1107 1493 1188 PARIS
1985 1112 2990 1204 einer Weise geschildert hat, die dem oder jenem
559 1113 1285 1195 Adresse: 5, boulevard des Italiens
1987 1182 2988 1248 „standeswidrig“ erscheinen mag, vermag nicht
3037 1191 3185 1274 inclusive
469 1210 581 1272 *
567 1202 750 1271 Siané:
1941 1230 1997 1275 10
1988 1227 2999 1297 gerade sympathisch zu berühren. Wohin kommt
1881 1287 1933 1324 „
1955 1273 2996 1345 20 man mit derlei? Man begibt sich da auf eine
3045 1292 3184 1344 Zahlbar
1878 1321 1930 1363 „
2001 1315 2981 1393 schiese Ebene. Der ganze Vorfall, der natürlich
1881 1344 1978 1408 „ 10
433 1351 480 1396 3
582 1324 1446 1431 NAUVELLES DE UETRANGER
1997 1365 2984 1438 weder von armcefeindlichen Elementen
462 1380 520 1437 —
343 1375 417 1436 8
3005 1393 3229 1459 itte ist das
434 1425 492 1479 955
363 1414 442 1470 55
1991 1419 2987 1490 ordentlich ausgebeutet werden wird, beweist nur,
367 1448 428 1512 65
1835 1433 1980 1493 Abonner
3007 1441 3234 1506 stcht es den
704 1442 1218 1520 „ Autriche-Hongrie
1981 1460 2983 1543 daß die Einrichtung der Ehrenräthe, wie sie
3010 1489 3084 1544 ern.
438 1474 481 1544 5
553 1484 1495 1586 Lesliomsffaux font grand bruit autour d’une déci¬
1988 1507 2983 1575 jetzt besteht, allmählich für Armie und Gesell¬
365 1545 435 1593 u2
503 1534 1487 1620 sion qui retire son grade de médecin-major dans la
1954 1558 2976 1633 rschaft, das heißt, für den Staat geradezu
3006 1555 3235 1627 ithaltend die
372 1581 418 1638 3
505 1586 1491 1663 PGsorvo K Arlhun#chnitzlengantaut dramatique bien
3024 1614 3231 1664 Morgen¬
1837 1600 2975 1697 Inhaltsunerträglich zu werden droht und
369 1633 440 1671 63
451 1623 1483 1706 g kconnu. Schnitzler avait récemment, déerit, dans unc
373 1659 439 1693 + a
2989 1650 3208 1702 ner Zeitung“
1840 1650 2890 1730 blätteiner Reform dringend bedarf.—
501 1663 1493 1746 nouvelle publiée par la Nouvelle Presse libre, l’état
369 1683 425 1720 c
1837 1690 2170 1734 wodurch eind 2
2988 1687 3228 1739 Iftliche Leben
385 1703 451 1750 3
438 1712 483 1748 0
504 1701 1477 1775 d’ame d’un officier qui, dans une rixe avec un civil,
1834 1697 3232 1791 des In- und Auslandes in drastischer Kürze geboten wird. Drese-Mittheilungen
365 1712 451 1776 5u
498 1740 1480 1812 à été désarmé. Le cas est d’eutant plus curieux que
359 1747 478 1801 Da
1846 1770 2603 1829 werden in Wien um 9 Uhr Früh verschickt.
507 1774 1474 1851 depuis quelque temps les Ties-entre civils et offi¬
495 1813 1487 1891 ciers se multiplient. Un cas tut récent ou un civil
2141 1828 2928 1918 Prospecte gratis und franco.
502 1851 1546 1945 fut blessé par un officier àl Botzen, a fait l’objet#.
413 1850 1252 1970 T4 Tune interpellation à la Diète du Tyrol.
353 1917 586 2008 Tarit #.
1375 1919 1492 2010 2
1010 1957 1093 2006 250
896 1948 968 2010 *
381 1946 843 2040 d’avance, sans période
1008 1997 1089 2042 500
1402 2020 1487 2087 *
1330 2027 1415 2082 200
395 2021 701 2090 de temps limité.
1136 2031 1188 2083 *
915 2019 1095 2095 S 1000
1137 2167 1205 2234 G
1096 2183 1232 2257 Seren.
1222 2292 2231 2351 Schnitzler ist auch nach diesem Urtheil als Mann
2224 2282 3237 2351 Verwahrung sonstiger Gesinnungsgemeinschaft. Ich
479 2286 983 2368 Sientenant Gustl.
1235 2330 2216 2390 und als Dichter in der allgeneinen Werthschätzung
2244 2331 3220 2388 für meine Person kann nur danken für die meinen
364 2339 1062 2417 Original=Feulllekon des „Neuen Pester Journal“.)
1224 2372 2163 2433 derselbe geblieben, der er vordem war. Allerdings
2154 2379 2227 2425 —
2236 2374 3217 2428 Anschauungen zutheil gewordene erweilerte Publizität,
469 2392 950 2466 — Voc Balduin Groller.-
1229 2414 2225 2475 Offizier kann er nicht mehr sein, und auch das wäre
2242 2428 3220 2480 nöchte aber auch meinerseits nicht unterlassen, mich
2498 2458 2581 2498 0#
1140 2463 1211 2512 von
2250 2459 2405 2530 ener 9#
331 2438 1108 2523 Arthur Schnitzler ist ein Schriftsteller
1228 2454 2242 2516 traurig und entehrend genug, wenn guse Aber #l
2446 2470 3193 2533 #### so selbstverständlich sie sei,
1139 2501 1210 2555 und
215 2496 1116 2555 Talent. Seine Novellen werden, viel gelesen
1230 2494 2253 2561 militärischen Kreise auch nur ein #er'o zu welchen
2380 2504 3214 2582 enteit anzuschließen. Aber um eine
1239 2536 2247 2604 Gesellschaft das Urtheil als ein stichhaltiges# g#thes
1151 2548 1212 2600 zu
221 2546 1128 2610 sogar viel gekauft, und feine Dramen gehören
2592 2547 3211 2611 80 sich hier gar nicht gehandelt.
2411 2548 2475 2607 700
1145 2585 1208 2640 der
1237 2591 2226 2652 könnte. Das ist aber nicht der Fall und kann es
216 2595 1131 2648 den erfolgreichsten und meist aufgeführten unter
2250 2589 3223 2651 wir bekampfen und verwersen zwar auch die bekann¬
212 2635 1114 2686 modernen Bühnenliteratur. Aber Talent allein
1237 2641 2221 2692 auch nicht sein, wie wir noch zu zeigen gedenken.
2238 2636 3217 2690 ten ehrengerichtlichen Urtheile in Duellangelegen¬
221 2668 1102 2741 es nicht — selbst bei einem General nicht —
1233 2676 2226 2733 Also, Offizier kann er nicht mehr sein; darauf reduzirt
2242 2678 3226 2737 heiten, aber man hat uns nachgerade doch schon daran
223 2718 1206 2767 muß auch Glück haben. Nun denn, bei Schnitzler
1239 2717 2211 2778 sich das Unheil. Aber Se. Exzellenz der Herr gemein¬
2234 2718 3225 2773 gewöhnt, sie als etwas Unabänderliches hinzunehmen.
215 2765 1209 2817 hat es auch daran nicht gefehlt, wie die eben gege¬
1235 2764 2216 2809 same Kriegsminister hat es ja selber ausgesprochen:
2242 2764 3213 2820 Hier handelt es sich um etwas völlig Neues,
221 2805 1212 2855 benen Andeutungen schon darthun, zumal wenn
1234 2800 2212 2856 Es muß ja nicht Jeder Offizier werden! Da darf
2235 2811 3228 2863 nicht etwas Militärisches, sondern etwas Literarisches.
223 2851 1211 2901 dabei auch in Betracht gezogen wird, daß er noch ein
1230 2851 2223 2921 wohl auch ein Schritt weiter gethan werden: Es
2236 2852 3225 2921 Das militärische Ehrengericht hatte sich zu einem
1227 2881 1863 2954 muß ja nicht Jeder Offizier sein!
224 2895 1215 2947 junger Mann ist. Nun wird er wieder mit beglück¬
2234 2891 3220 2940 literarischen Tribunal konstituirt — salvo errore et
1344 2912 2220 2991 Ein sehr schlimmes Dilemma thut sich da auf.
220 2930 1209 2989 wünschenden Briefen und Telegrammen überschwemmt,
2236 2938 3217 2983 ommissione. Man begreift, daß es da von seiner
1242 2972 2211 3031 Ein Mann, kasteverloren, durch ein Gericht, dem man
216 2977 1209 3033 neuerdings ist ihm Heil widerfahren: er ist nämlich
2238 2980 3083 3049 sonstigen Sicherheit Einiges einbüßen mußte.
216 3019 1209 3088 durch ehrenräthliches Urtheil seiner Offizierscharge
1238 3024 2221 3079 eine sehr ernste Autorität zuzuerkennen gewohnt war,
2352 3014 3224 3081 Sehen wir uns den Thatbestand etwas näher
1225 3065 2216 3112 verurtheilt und förmlich zu einem Tschandaladasein
215 3056 752 3125 für verlustig erklärt worden.
2245 3063 3221 3113 an. Dr. Arthur Schnitzler, Regimentsarzt in der Re¬
1227 3110 2220 3158 verdammt, und die Gesellschaft acceptirt das Urtheil
335 3080 1205 3166 Wie furchtbar frivol das doch klingt! Aber die
2249 3110 3228 3158 serve, ist kassirt worden aus zwei Gründen: 1. weil
221 3139 1212 3194 Thatsäche besteht doch: Schnitzler wird glücklich ge¬
1225 3154 2213 3216 dennoch nicht; sie lächelt darüber oder sie weist es
2240 3159 3223 3218 er in einer novellistischen Studie „Lientenant Gustl“
218 3193 1206 3242 priesen, und die es wohl mit ihm meinen, legen es
1232 3193 2218 3243 mit flammender Entrüstung zurück. Das allgemeine
2232 3186 3232 3253 die Ehre des österreichischen Offiziersstandes verletzt
211 3235 1202 3287 ihm nahe, einen Ring ins Meer zu wersen. Eine
1236 3237 2213 3296 Rechtsbewußtsein, das das Gewissen der Gesellschaft
2244 3239 3218 3293 haben soll, und 2., weil er auf eine gegen ihn
223 3277 1162 3328 Nachricht, die sich ausnimmt wie eine Hiobspost
1223 3284 2223 3335 ist, lehnt sich dagegen auf. Wahrlich, Frivolität mag
2247 3278 3225 3336 gerichtete literarische, aber mit persönlichen Schmä¬
214 3315 1200 3377 man denke nur: einem Manne, der in der Oeffentlich¬
1223 3322 2216 3389 da nicht mitgespielt haben, aber ein schwerer Irrthum
2242 3324 3228 3378 hungen durchsetzte Kritik nicht reagirt habe. Selten
222 3362 1201 3413 keit steht und wirkt, wird unter feierlichen Zurüstungen
1229 3358 1815 3432 ist jedenfalls begangen worden.
2237 3371 3228 3423 ist ein verblüffenderes Urtheil in die Oeffentlichkeit
226 3412 1205 3468 die Ehre aberkannt! — und doch findet sich Niemand,
1337 3386 2212 3468 Wenn's noch der gebräuchliche Fall gewesen
2230 3417 3229 3478 gedrungen. Hätte Schnitzler einen Leitartikel oder ein
225 3455 1208 3500 der sie tragisch nähme. Entspringt eine solche Auf¬
1222 3452 2208 3509 wäre! Wenn Schnitzler das Kapitalverbrechen began¬
2240 3452 3229 3507 Feuilleton gegen den Offiziersstand veröffentlicht,
223 3494 1207 3551 fassung wirklich der Frivolität? Nicht doch, ein
1234 3505 2211 3554 gen hätte, sich nicht schlagen zu wollen. Das wäre
2239 3498 3230 3552 dann ließe sich über die Sache noch reden, kann
218 3541 1204 3594 kleiner Nebenumstand spielt da mit herein und der
1229 3534 2222 3606 möglich gewesen. Er ist ein Freidenker und dieser
2237 3543 3231 3612 aber durch eine Novelle irgend eine Standesehre ver¬
221 3579 1207 3631 intscheidet, der Umstand nämlich, daß dem Manne
2236 3582 2490 3651 letzt werden?
1238 3584 2224 3634 findet sich da mit den streng religiös Gesinnten, die
223 3618 1206 3676 Jurecht geschehen ist, optima fide natürlich, aber
1238 3626 2219 3678 sich auch nicht schlagen können, zusammen. So hat ja, nur
2339 3601 3227 3679 Der Dichter, der bei der Theilung der Erde
227 3669 1214 3728 as Urtheil mußte ein schiefes werden, weil die
1223 3676 2224 3730 ganz nebenbei bemerkt, das Organ der Klerikal=Feudalen
2234 3666 3213 3722 zu spät gekommen ist, nachdem alle realen Güter
222 3711 1201 3770 Voraussetzungen irrthümliche waren, die den Ausschlag
1223 3706 2217 3774 in Oesterreich mein vor einigen Tagen im „Neuen
2243 3723 3215 3771 schon vertheilt waren, hat wenigstens die eine Frei¬
231 3751 1205 3802 saben, als es geschöpft wurde. Man könnte nun
1230 3752 2216 3813 Pester Journal“ veröffentlichtes Feuilleton über ge¬
2231 3752 3212 3805 heit, sich in seiner Phantasie und zum recht platoni¬
224 3800 1202 3845 über den Mißgriff lächeln, zumal er ja nicht viel
2239 3802 3217 3852 schen Vergnügen der ganzen Welt zu bemächtigen.
1223 3802 2214 3856 wisse Ausläuser der Duellfrage vollinhaltlich nach¬
227 3839 1208 3906 Schaden angerichtet hat, eher noch Nutzen, da sich
2237 3845 3218 3890 Man kann ihm doch um Gotteswillen nicht vor¬
1228 3842 2216 3900 gedruckt und das „Neue Pesier Journal“ sowohl wie mich
2251 3887 3220 3951 chreiben: einen Lientenant darfst Du nicht behan¬
222 3893 2219 3958 zun die ganze Welt um das Buch reißen wird. zum Range von Eidhelfern erhoben, allerdings unter
