3296 4064
267 137 465 221 10.
883 129 1119 200 Gustl
1297 122 1697 218 box 1/11
462 130 829 202 Leutnant
444 178 1122 248 „
808 363 1180 449 Telephon 12801.
446 436 1538 529 Alex. Weigls Unternehmen für Zeitungs-Ausschnitlo
621 512 1354 644 „OBSERVER“
442 618 1535 714 L. österr. behördl. konz. Bureau für Zeitungsberichte u. Personalnachrichten
627 698 1355 791 Wien, I., Concordiaplatz 4.
857 763 1112 837 Vertretungen
439 810 1521 885 In Berlin, Budapest, Chicago, Genf, London, New-Tork,
432 856 1524 936 Paris, Rom. Mailand, Stockholm, Christiania, St. Petersburg.
706 913 1246 980 (Quellenangabe ohne Gewähr.)
428 980 1400 1076 Ausschnitt aus:
436 1071 841 1171 vom: ####7707
561 1242 1382 1307 Arthur Schnitzler, Lienfofant Guetl.
426 1292 1371 1361 Pfelozil K. S I p SVEröVa Kmnovna, red. Jar. Kva¬
447 1341 1377 1392 pil, sv. 383. Nakl. J. Otto. Autor rozpustilych akto¬
444 1365 1377 1434 vek z videnského svêta, jenz se bavi, podävá tu cha¬
446 1414 1381 1463 rakteristickou episodu ze Zivota mladého düstoinika.
452 1446 1372 1505 Mladik beze vsech vyssich idel, majlel näsledkem své¬
442 1483 1371 1540 ho vychováni toliko svon vojanéinu, toliko predsudek
453 1523 1385 1577 vyssi stavovské cli, ocitf se v tragickém konfliktu.
454 1564 1379 1617 Mä se bit a säm povazuje se näsledkem iakés banälnf
452 1600 1381 1657 prihody za zneucténa, soudi, ze musi säm uöinit konec
452 1640 1378 1693 svému Zivotu, az jej novà nähoda zbavf této domnélé
446 1677 1378 1740 povinnosti. Autoru podakilo se, znäzorniti dusevni
448 1709 1393 1773 stav mladého lehkoväznika, spis rozmrzelého, ze je
438 1757 1113 1828 vsemu konech nez skuteëné dojatého.
751 2433 1122 2530 Telephon 12801.
369 2517 1469 2616 Mex. Welgls Unternehmen für Zeitungs-Ausschnitte
568 2595 1286 2725 „OBSERVER“
375 2721 1472 2798 Lösterr. behördl. Könz. Bureau für Zeitungsberichte u. Personalnachrichten
569 2774 1294 2866 Wien, I., Concordiaplatz 4.
794 2852 1064 2921 Vertretungen
379 2872 1458 2958 in Berlin, Budapest, Chicago, Genf, London, New-Tork,
383 2945 1467 3010 Paris, Rom, Mailand, Stockholm, Christiania, St. Petersburg.
644 2986 1192 3069 (Quellenangabe ohne Gewähr.)
374 3061 1637 3152 Ausschnitt aus: n
387 3163 896 3258 e. 7/77%
763 3212 1011 3291 E
521 3309 1494 3384 Lentenant Gustl. Neunte Auflage. Novelle von Ar¬
434 3347 1484 3417 sthur Schnitzler. (Berlin 1904. S Fischer, Verlag.) Ein
443 3390 1494 3462 Monolog—von dreinnsjechig Seiten, in dem das ganze
437 3425 1500 3500 Inventar eines Leutnantsherzens Revue passiert. Gustl ist
447 3477 1487 3534 ein österreichischer Leutnant, aber er wird sich von manchem
448 3508 1498 3576 seiner Kameraden im Deutschen Reich wohl nicht sehr unter¬
450 3537 1503 3616 scheiden. Schnitzler wollte nach dem Leven zeichnen, hat es
447 3586 1493 3652 wohl auch gelan. Der Ton gutnütigen Leich siuns ist von
440 3640 1242 3699 Anfang bis zu Ende vortrefflich durchgeführt.
2313 372 2667 464 Telephon 12801.
1945 458 3028 549 Alox. Welgls Unternehmen für Zoltungs-Ausschhilfo
2137 543 2856 664 „OBSERVER“
1946 653 3026 737 L. österr. behördl. konz. Bureau für Zeitungsberichte u. Personalpachrichten
2128 713 2871 812 Wien, I., Concordiaplatz 4.
2356 792 2616 853 Vertretungen
1944 833 3024 908 in Berlin, Budapest, Chicago, Genf, London, New-Vork,
1945 876 3031 958 Paris, Rom, Mailand, Stockholm, Christiania, St. Petersburg.
2218 924 2748 1004 (Quellenangabe ohne Gewähr.)
1946 1008 3070 1097 Ausschnitt aus: Sil#rane Aale
1943 1110 2381 1184 vor: 7 d. 74 0
2641 1131 2898 1229 Gese 1.
1959 1235 3261 1319 Wenn es möglich wäre, hätten wir bei der Lektüre von Arthur Schnitz¬
1845 1290 3249 1371 lers „Leutnant Gustl“*) nervös werden können; denn die 64 Seiten des
1848 1349 3257 1420 Büchleins bilden einen einzigen, psychologisch interessanten Monolog des Leutnants
1847 1400 3249 1474 Gustl; der sitzt im Theater, macht alle möglichen Bemerkungen über Gesehenes
1849 1453 3256 1533 vor sich hin, wird beim Hinausgehen von einem Bäcker angerempelt, das bringt
1852 1506 3262 1580 ihn fast zum Selbstmord, denn die Verhöhnung seitens eines Zivilisten ist zu
1846 1572 3263 1639 furchtbar und unerträglich. Alles mögliche stellt er sich vor. Wie gesagt, psycho¬
1848 1612 3267 1685 logisch interessant erzählt, fein beobachtet; aber eine verdammte Lektüre. Wehe
1848 1675 3260 1742 der deutschen Sprache, wehe dem deutschen Stil; das wäre ihr Tod! Das
1851 1724 3263 1803 Heftchen ist nach Form und Inhalt dekadent durch und durch, und hat natürlich
1913 1783 3045 1851 die 9. Auflage! Bezeichnend für den großartigen Geschmack!!
2943 2271 3304 2345 (1897), „Ein Vater“
2943 2319 3303 2390 türe (1899), „Dorfd
2261 2310 2626 2408 Feuilleton.
2953 2371 3294 2436 „Blumen“ (1900). C
2963 2415 3301 2476 weisen aber von Nu
2162 2441 2737 2529 Belletristische Spaziergänge.
2953 2461 3296 2517 sichtbaren Fortschritt
2951 2501 3300 2565 vielmehr bloße impt
2028 2483 2922 2579 FM. Wie in der bekannten Parabel der Bibel die
2955 2544 3301 2614 den Faden der Erzä
1977 2562 2909 2622 Arbeiter, die erst in der elsten Stunde zur Arbeit er¬
2958 2591 3264 2655 nicht weiterspinnen,
1982 2603 2909 2668 scheinen, trotzdem ihren vollen Lohn erhalten, was sagen
2966 2634 3303 2698 Strecken von einem H
1979 2645 2913 2708 will, daß es zur Besserung niemals zu spät ist und
2957 2678 3303 2743 schreiten und auch hi¬
1981 2684 2915 2754 diese, wenn sie auch noch so spät erfolgt, nicht geringer
2963 2724 3300 2786 als vielmehr ihre
1989 2746 2911 2794 als die angestammte Tugend geschätzt und belohnt wird,
2960 2769 3290 2832 Beziehung haftet ein
1981 2789 2922 2842 so ist es wohl auch für den Kritiker nie zu spät, ein
2960 2807 3291 2872 tantisches an. Jedoch
1978 2828 2921 2898 Unrecht, eine Unterlassungssünde gutzumachen. Bei dem
2961 2857 3293 2917 ist so echt poetisch u
1986 2869 2923 2927 ehrlichsten Bestreben des Rezensenten, aus der großen
2961 2900 3300 2964 ursprüngsicher, kräfti
1990 2914 2915 2974 Flut der Romane und Novellen das Echte und Gute
2961 2944 3293 3008 tig gewirkt, daß sie
1985 2962 2919 3019 herauszufinden und ihm die verdiente Beachtung zu ver¬
2962 2980 3303 3049 ist ein echter Poet,
1994 2995 2925 3060 schaffen, ist es nicht zu vermeiden, daß seine Auswahl,
2959 3031 3294 3095 der Natur vollgesog
1985 3042 2921 3108 welch letztere schon eine Kritik ohne Worte ist, das eine
2965 3075 3290 3138 durch, daß insbeson
1967 3099 2920 3167 und andere wertvolle Buch übersieht. Unter der Ueber¬
2966 3124 3279 3182 duftige Stimmung
1990 3136 2916 3194 produktion der Unmenge mittelmäßiger und schlechter
2970 3166 3293 3221 plastischen Ausdruck
1987 3174 2918 3230 Bücher leiden die wenigen guten ohnehin. Die Ungunst
2970 3208 3290 3272 spiel des jungen Ta
1988 3227 2922 3278 dieser Umstände verschuldete es, daß ein vor längerer
2966 3253 3282 3313 unbewußte Regung
1981 3282 2934 3332 Zeit erschienenes Werk eines jungen Landsmanns s. Z.
2962 3296 3296 3370 satten, simmungsv
1991 3311 2924 3366 unserer Aufmerksamkeit entging und kürzlich, als 2
2978 3347 3302 3401 „Kinder“ und „Ave
1989 3356 2923 3418 zufällig uns in die Hände siel, durch das unverkennbare
2975 3384 3300 3448 werte Stücke, die
1989 3408 2944 3456 Gepräge echten poetischen Talentes das Rezensenten¬
2973 3428 3296 3489 virtuose poctische Le
1996 3440 2925 3505 gewissen schlagen machte. „Früh am Morgen“, Stu¬
2968 3475 3303 3540 St. Galler Poeten
1994 3482 2922 3544 dien von Gallus Walz*), betitelt sich der hübsch aus¬
2961 3521 3094 3588 gegnen.
1986 3528 2922 3598 gestattete Band von 200 Seiten. Seinen Inhalt bilden
3023 3560 3302 3628 Auch gegenüber
2006 3573 2936 3631 die acht folgenden Stücke, denen die Jahreszahl ihrer
2973 3608 3287 3667 versäumte Pflicht
1998 3612 2929 3692 Entstehung beigefügt ist: „Kinder“ (1896), „Begegnung“
2973 3648 3303 3714 Siegfried Cronbach
2950 3694 3278 3772 Roman von M.
2046 3684 2702 3785 *) Leipzig, Verlag von Robert Baum.
