3276 4037
278 142 401 245 10.
464 169 836 238 Leutnant
852 170 1073 242 Gust
460 220 1126 275 e  e e eenen
370 536 1335 606 schtung beim Volke zu untergraben. Wir glauben,
370 586 1334 653 lss die Zeit nicht mehr ferne ist, in welcher aus
358 633 1332 691 in Officierskreisen selbst sich eine Bewegung ge¬
370 681 1334 759 en das Duell entwickeln wird. Die jüngsten trau¬
375 724 1330 795 gen Vorfälle in Bozen, die sicherlich die Offi¬
354 786 1332 849 dere am meisten bedauern werden, haben wieder
356 829 1330 889 gezeigt, wie manche Angehörige des Officiers¬
348 886 1333 948 oorps glauben, dass es ihre Officiersehre ver¬
366 932 1323 1012 ingt, gegen Wehrlose mit dem Säbel dreinzu¬
396 975 470 1032 ten.
384 1006 1330 1100 Schnitzler zeichnet im Lieutenant Gustl eine
368 1072 1333 1148 igur, die vielleicht wie in allen übrigen Ständen
406 1122 1326 1193 zukommen pflegt, aber er hat es verstanden,
378 1173 1326 1233 s Absurde der Officiersehre mit grellen Streif¬
327 1217 1322 1285 lichtern zu beleuchten; denn es klingt wie ein
354 1273 1329 1338 ohn auf die Officiersehre, wenn man liest, dass
409 1322 1328 1390 blasierte Lieutenant, der den Straßendirnen
430 1366 1318 1437 äuft, der Ehemänner betrügt, der über alles,
427 1413 1320 1489 sonst den Menschen heilig ist, in der frivolsten
416 1477 1323 1537 e spricht, auf einmal glaubt, sich erschießen
398 1518 1326 1574 müssen, weil er sich gegen die Officiers¬
429 1570 1324 1622 schwer vergangen habe, obgleich er hundert¬
415 1616 1328 1684 seine persönliche Ehrenhaftigkeit befleckt hat,
341 1661 1316 1727 ind sich niemals daraus Gewissensbisse gemacht
345 1713 1318 1774 at. Zwischen der Scylla der Officiersehre und der
436 1760 1317 1827 bdis der persönlichen Ehre durchzuschwim¬
480 1816 1305 1868 nicht leicht und wir möchten es wünschen,
329 1860 1315 1914 dass endlich der Officiersehrenbegriff einer Re¬
404 1909 1313 1977 n unterzogen werde, damit auch nicht mehr
399 1953 1308 2024 Kriegsminister zu sagen braucht, wer keinen
383 1999 1309 2071 fallen findet an der sacrosancten Officiers¬
326 2047 1318 2125 ehre, kann ja einen anderen Beruf ergreifen. Viel¬
323 2093 1308 2172 leicht hat der Minister damit sagen wollen, es
343 2141 1305 2222 önnen ja nicht alle Menschen Officiere werden,
371 2197 1317 2269 muss ja auch Schuster geben. Unsere Armee
317 2240 1312 2314 ist eine Volksarmee und es darf daher einem
308 2292 1310 2356 überzeugungstreuen Katholiken der Weg zum
322 2335 1153 2409 Officierscorps nicht verrammelt werden.
479 2429 1145 2548 Tagesbericht.
348 2525 1301 2606 Kalender für Sonntag den 23. Juni: Edeltrud,
305 2558 1300 2634 Jungfrau, Aebtissin. Sonnenaufgang: 4 Uhr 1 Minuten mor
302 2620 1290 2683 gens. Sonnenuntergang: 8 Uhr 2 Minuten abends. Mon
306 2649 1301 2718 besaufgang: 11 Uhr 50 Minuten morgens. Mondesuntergang:
303 2693 1289 2756 11 Uhr 35 Minuten abends. — Erstes Viertel: 10 Uhr 4 Mi¬
298 2730 542 2781 nuten abends.
332 2772 1298 2840 Kalender für Montag den 24. Juni: Johann der
290 2811 1293 2871 Täufer. Sonnenaufgang: 4 Uhr 1 Minute morgens. Son¬
291 2850 1295 2914 nenuntergang: 8 Uhr 2 Minuten abends. Mondesaufgang:
297 2891 1289 2959 0 Uhr 53 Minuten abends. Mondesuntergang: 11 Uhr 58 Mi¬
295 2928 536 2987 nuten abends.
338 2979 1293 3085 * Schriftleiter gesucht. Für den „Sonntags¬
290 3066 1289 3140 boten“ wird ein tüchtiger Schriftleiter weltlichen
299 3118 1295 3207 Standes gesucht. Wir verweisen auf die Ankündi¬
285 3175 1124 3260 gung im Anzeigentheile unseres Blattes.
338 3237 1286 3321 * Gemeinderaths=Sitzung. Am Dienstag
274 3304 1284 3360 den 25. Juni um 4 Uhr nachmittags wird eine
283 3350 1282 3407 ordentliche Sitzung des Gemeinderathes abgehalten.
282 3386 1288 3459 Auf der Tagesordnung stehen 30 Gegenstände und
289 3449 1282 3505 unter diesen auch folgende: Note des k. k. Eisen¬
286 3484 1276 3564 bahnministetiums vom 11. Juni d. J. betreffs besserer
279 3535 1285 3613 Zugsverbindungen in Obersteiermark. Zaschrift der
278 3585 1285 3645 k. k. Staatsbahndirection Villach betreffend die Her¬
290 3632 1270 3705 stellung einer Schnellzugsverbindung auf der Strecke
285 3685 1270 3748 Graz=Fehring=Ofenpest. Zuschrift der Handels= und
282 3729 1277 3800 Gewerbekammer in Graz in Angelegenheit des Aus¬
270 3787 1269 3846 baues des steirischen Bahnnetzes. Zuschrift der k. k.
288 3826 1276 3903 privil. Südbahngesellschaft mit Mittheilung ihres
274 3878 1219 3956 Schreibens an die Handels= und Gewerbekammer
1226 3889 1278 3949 in
334 3902 1110 4039 —. — ekand die Verhältuisse kornte.o
908 3934 1129 4008 a M
1287 165 1628 266 box 1/9
2179 783 2533 849 Telefon 12801.
1722 882 2988 969 Alex. Weigl's Unternehmen für Zeitungs-Ausschnitte
2715 944 2856 1003 Ausschnitt
2045 958 2620 1095 „OBSERVER
2746 985 2995 1099 Nr. 38
1651 1093 3044 1164 I. österr. behördl. conc. Bureau für Zeitungsberichte u. Personalnachrichten
1819 1162 2883 1248 Wien, IX. Türkenstrasse 17.
1994 1234 2681 1323 — Filiale in Budapest: „Figyelö“
1649 1297 3051 1392 Vertretungen in Berlin, Chicago, Genf, London, Newyork, Paris, Rom, Stockholm.
1639 1424 2131 1510 Ausschnitt aus:
2304 1415 2919 1596 Tetnps, Paris
1642 1539 1926 1652 vom 76
1833 1599 2098 1714 #0
2116 1885 2505 1986 Autriche-Hongrie
1867 1947 2793 2028 Les journaux font grand bruit autour d’une déci¬
1828 2020 2792 2070 sion qui retire son grade de médecin-major dans la
1826 2058 2790 2107 réserve à Arthur Schnitzler, auteur dramatique bien
1825 2093 2787 2138 connu. Schnitzler avait récemment, décrit, dans unc
1821 2136 2787 2186 nouvelle publiée par la Nouvelle Presse lihre, l’état
1827 2168 2785 2216 d’äme d’un officier qui, dans une rixe avec un civil,
1821 2211 2783 2252 aété désarmd. Le cas est d’autant plus curieux que
1822 2245 2785 2290 depuis quelque temps les rixes entre civils et offi¬
1827 2282 2798 2344 ciers se multiplient. Un cas tout récent ou un civil
1815 2317 2803 2368 fut blessé par un oflicier à Botzen, a fait l’objet
1821 2358 2569 2417 d’une interpellation à la Diète du Tyrol.
2837 2409 2985 2470 inclusive
1689 2434 1736 2480 „
2664 2412 2761 2487 28•—
2593 2414 2645 2485 —
2860 2455 2972 2498 Porto.
1755 2462 1819 2504 200
1697 2477 1732 2515 „
2671 2473 2774 2516 50.—
2219 2479 2266 2521 1
2326 2448 2387 2528 70
2596 2469 2676 2533 „
2842 2493 2979 2545 Zahlbar
1743 2499 1823 2544 500
1694 2497 1744 2550 „
2729 2509 2765 2567 —
1975 2517 2012 2559 11
2546 2507 2735 2565 „ 110.
2336 2525 2371 2555 „
2450 2519 2489 2572 „
2807 2527 3004 2597 im Voraus
1692 2535 1825 2609 „ 1000
1972 2556 2008 2601 1
2606 2547 2746 2616 „ 200.—
2443 2555 2489 2600 19
2552 2547 2615 2606 2000
2220 2557 2270 2608 „
1754 2573 2430 2648 Im Gegensatze zu anderen Bureauy
2474 2593 3039 2660 für Zeitungsausschnitte ist das
1636 2609 2439 2686 Abonnement durch keine bestimmte Zeitdaue
2480 2645 2686 2692 begrenzt; —
2697 2644 3039 2702 auch steht es den
1635 2675 2424 2744 Abonnenten frei die aufgegebenen Themen zu
2440 2687 2876 2751 ergänzen oder zu ändern.
1748 2762 3027 2826 Der „OBSERVER“ veranstaltet täglich einen Auszug enthaltend die
1637 2801 3031 2862 Inhaltsangabe aller wichtigen Mittheilungen der Wiener Morgen¬
1633 2836 3024 2903 blätter (Tagesjournale ausser „Neue Freie Presse“ und Wiener Zeitung“)
1642 2873 3018 2937 wodurch eine Uebersicht über das gesammte politische und wirthschaftliche Leben
1639 2923 3033 2986 des In- und Auslandes in drastischer Kürze geboten wird. Diese Mittheilungen
1642 2958 2407 3015 werden in Wien um 9 Uhr Früh verschickt.
1936 3027 2719 3114 Prospecte gratis und franco.
2936 -4 3015 68 WA
