3296 4128
1247 171 1638 262 box 1/12
226 194 1038 282 10. Leutnant Gust.
811 371 1656 422 Sehine aber die Glaubiger mient, au die A.
618 383 1658 445 jenen Ziffern eingeschlossenen Getreidezölle, welche dies¬
620 437 1658 483 mal mit nur Milr. 42,843 gegen Milr. 453,420 im gleichen
618 473 1669 528 Vorjahrsmonat, d. h. Milr. 410,577 weniger ausgewiesen
655 515 1660 563 erden, dem Convenio nicht unterliegen. Der genaue
632 552 1654 597 uf die Auslandsanleihen entlallende Betrag, welcher
624 658 1655 710 nömlich jetzt nicht mehr von der „schmalen Sichel des Mon¬
624 693 1662 748 des“, sondern wer etwas auf Modernität hält, kann nur noch
618 738 1659 786 von einer „sehr schmalen Sichel“ reden. Man sagt nicht
624 786 1658 829 mehr: die schwarzen Schatten, sondern: die sehr schwarzen
625 825 1668 883 Schatten. Beide Beispiele finden sich auf der ersten Seite
616 869 1659 922 jener Erzählung. Immer schien mir schon bei David Intuition
625 911 1658 961 und Reflexion miteinander im Kampf zu liegen. Es scheint
629 952 1657 1005 fast, als würde letztere immer meyr Herr über den Dichter.
625 1002 1668 1048 Das wäre sehr schade bei seinem Talent, das man auch in
612 1039 1325 1103 diesem Band oft genug bewundern muß.
677 1086 1657 1146 Bei den „Frühlingsblumen“.*) Novellen von
620 1135 1662 1191 Johannes Schlaf, bedauert man auch, daß lange Stellen
624 1189 1657 1240 dürrer Reflexion mitten zwischen den intimsten, anheimelnd¬
625 1231 1659 1282 sten Stimmungen stehen. Mitten zwischen Worten, Bildern,
625 1276 1670 1335 Sätzen, auf denen man ruhen und träumen möchte, so weich
628 1315 1665 1369 sind sie. Diese Reflexionen wollen Perspektive geben, Hori¬
625 1362 1658 1418 zonte öffnen, aus der Enge in Weiten und Tiefen deuten,
623 1406 1668 1463 aber sie stehen doch nur mitten zwischen den Blüthen dieser
626 1446 1667 1495 Dichtungen wie ein pedantischer Magister mit großmächtiger
622 1491 1656 1539 Brille auf einer blühenden, bunten Wiese. Schlaf strichelt
612 1535 1665 1581 mit schalkhaftem Lächeln und stillem Behagen reizende Idyl¬
624 1576 1658 1629 len, seinen feinen Augen entgeht das Kleinste nicht. Und
627 1622 1658 1683 wenn es nöthig ist, hat er immer noch vom „Meister Oelze“
620 1666 1666 1725 her den festen, grausamen Griff, wie z. B. in der Novelle
627 1713 1659 1768 „Gerechtigkeit“. Wenn er sich nur den naturphilosophischen
623 1753 1670 1811 Mummenschanz abthun wollte. Er steht den Dichtungen
625 1795 1659 1855 nicht, er stört nur. Es muß ja nicht jeder „Wilhelm Böl¬
611 1835 752 1906 scheln“.
676 1882 1666 1933 Auch von Wilhelm v. Polenz liegt ein Bändchen Ge¬
618 1925 1655 1980 schichten vor, Dorfgeschichten. Es nennt sich „Lugins¬
615 1971 1664 2033 land".**) Polenz hat einmal wieder von seinem Gut aus
610 2012 1657 2074 mit hellen Augen Ausschau gehalten nach allerhand Bauern¬
611 2060 1661 2118 wolk ringsum und dabei Manchen für sein Buch eingefangen,
614 2102 1657 2160 den es lohnt, kennenzulernen. Namentlich gilt das von den
615 2146 1655 2204 ersten Geschichten. Ihr Hauptwerth liegt in der Zeichnung
613 2189 1657 2246 der Charaitere. Das dürfte überhaupt die Stärke dieses
613 2232 1667 2281 Schriftstellers sein, dessen lyrisches Vermögen, dessen Gabe
616 2280 1659 2331 zu fabuliren ziemlich gering ist. Ich habe wenigstens stets
615 2324 1653 2384 seine kürzeren Sachen am höchsten gestellt. Da fallen diese
612 2366 1659 2420 Mängel nicht auf, wie bei langen Romanen. Auch der
613 2407 1654 2462 Stil seiner Dorfgeschichten ist farbiger, kräftiger als der
616 2450 1664 2510 seiner letzten Romane, deren Sprache geradezu konventionell
608 2500 1653 2548 werden kann. An dem Großbauer Kumack, der Leichenfrau
613 2539 1659 2603 Mauksch, dem alten Wrack Bierlich, der Familie Riegel und
613 2585 1653 2643 als Gegenstück dazu die leichte Sippe der Krapse, an ihnen
665 2644 1379 2711 *) Berlin W., F. Fontane & Co. 1901.
664 2697 1413 2765 **) Berlin W., F. Fontane & Co. 1901.
1709 376 1981 457 D. Grundschld.4-
2002 392 2098 457 42.—b
2119 384 2512 463 41.90b 1 Pr. Centr. v. 50
2548 417 2640 457 33.200
2668 411 2755 459 9.200
2800 423 2923 463 Charieet
1715 445 1979 483 10. 3¼
2013 447 2059 479 10.—
2128 447 2217 482 10.—b
2240 449 2517 488 do. V. 96 3½
2548 450 2641 487 92.505
2657 451 2752 488 92.505
2803 457 2927 493 ContGes
1704 473 1979 514 Goth.Gr-Präm.3½
2117 475 2209 514 16.—
2003 474 2101 513 15.60
2240 477 2518 521 do. Comm.-Obl.3½
2544 481 2628 520 95.25
2669 482 2751 519 95.50b
2800 484 2930 522 Consolic
1707 503 1979 541 Meining.Pr.-Pfd.4
2116 503 2224 543 30.—a
2237 505 2517 551 do. Hyp. A.-B. 4
2538 509 2594 548 80.
2666 512 2748 545 80.—
2593 513 2644 571 —
2794 513 2928 552 Dannen!
2016 534 2101 567 2.255
1710 532 1980 573 Pr. Bor.A-BS 163½
2124 531 2216 573 92.25
2243 535 2526 579 do. do. 3½
2658 536 2749 581 11.25
2800 543 2928 584 Dessaue
1707 562 1972 605 do.S.14 4
2002 562 2099 607 98.60b
2124 564 2237 610 93.50g
2236 565 2648 612 Rheinprov.Obl.3½ 98.10b
2654 569 2727 610 99.—
2800 570 2914 613 D. Wafl.
1712 650 2748 712 allen kann man nur seine ästhetische Freude haben. Sie
2808 660 2923 721 ür die
1701 703 2748 749 alle stehen fest und sicher, wohlgetroffen vor uns. Nur zwei
2799 706 2912 763 umgel
1715 741 2752 786 Gestalten wollen mir nicht recht behagen. Der „rothe“ Run¬
2855 750 2903 799 G
1713 790 2750 844 zel aus Gerechtigkeitsgefühl nicht. Wäre ich Mitglied der
2799 784 2906 848 von 2
1725 835 2749 884 ozialdemokratischen Partei, würde sie mich direkt verletzen,
1706 875 2757 931 denn dieser Runzig, der als Typus gehalten ist, ist nicht
2808 888 2883 936 iren,
1713 918 2753 973 typisch für den Sozialdemokraten seiner Art und Lage. Die
2808 924 2904 978 oscha
1704 965 2757 1013 andere Gestalt behagt mir aus rein ästhetischen Gründen
2792 965 2893 1027 Men
1714 1005 2748 1051 nicht recht, denn Zittelgusts inna, die Heldin der letzten
2794 1009 2898 1068 daß si
1707 1046 2747 1102 Erzählung, steht durchaus nicht so im Vordergrund des In¬
2803 1054 2873 1109 alles
1704 1087 2752 1143 teresses, wie man es nach der ganzen Anlage der Geschichte
2803 1099 2867 1154 irt,
1710 1130 1966 1189 erwarten sollte.
2794 1142 2887 1190 kann.
2795 1182 2899 1241 schicht
1777 1203 2750 1256 Ebenfalls hauptsächlich durch die dargestellten Charaktere
2798 1233 2883 1284 einen
1716 1252 2749 1307 esseln die vier Geschichten in dem Bändchen: „Die
2801 1269 2895 1322 wiede
1733 1301 2745 1348 chwarze Madonna“*), von Hans Weber=Lut¬
2790 1315 2893 1366 wirkli
1705 1340 2746 1395 kow. Es sind Geschichten aus dem österreichisch=ungarischen
1711 1380 2747 1431 Kleinrußland, deren Menschen zuml Theil in ganz ähnlichem
2807 1403 2897 1461 chütte
1713 1423 2745 1475 Milieu leben wie die Menschen in „Luginsland“. Aber welch'
2792 1447 2893 1499 noch :
1708 1471 2748 1523 weite Rassen= und Kulturunterschiede! Bei Weber=Lutkow
2802 1491 2900 1543 o klu
1713 1510 2741 1562 finden sich fast nur dumpfe Triebmenschen, die von den aller¬
2792 1535 2904 1587 hat si
1713 1560 2745 1608 primitivsten Trieben beherrscht werden. Da ist z. B. die
2792 1576 2896 1634 Einfa
1710 1601 2747 1657 gutkatholische Martha, die des Geldes wegen einen alten,
2794 1620 2871 1676 ihm
1705 1648 2746 1695 vertrunkenen Kerl geheirathet hat, während sie einen jungen
2795 1662 2889 1722 gleich
1718 1689 2758 1746 übschen Burschen liebt. Sie wartet und wartet, daß der
2800 1707 2903 1763 r ist,
1705 1731 2755 1779 Alte endlich stirbt, und wenn sie ungeduldig wird, tröstet sie
2793 1752 2906 1812 Fehler
1713 1772 2743 1837 hre Mutter: Gott werde schon gnädig sein und bald ein Ein¬
2788 1795 2903 1856 gebore
1709 1821 2756 1870 sehen haben. Aber es dauert ihr doch zu lange, viel zu lange
2801 1841 2901 1893 chnelle
1700 1862 2753 1918 und sie fleht zur schwarzen Madonna, die im Zimmer hängt,
2787 1882 2905 1938 „Gesch
1719 1905 2751 1958 ie möge doch helfen, ohne aber gleich zu wissen, wie sie denn
2784 1929 2902 1990 konpen
1712 1951 2750 2005 helfen soll, nur aus dem dumpfen Instinkt heraus, daß sie
2848 1981 2915 2044 Ha
1707 1996 2748 2043 das Leben an der Seite des Alten nicht mehr lange aus¬
2796 2020 2907 2088 her vor
1709 2037 2739 2093 halten kann. Plötzlich kommt ihr der Gedanke, sie müsse den
2796 2074 2900 2132 sind,
1714 2082 2739 2132 Alten todtschlagen. Sie erschrickt, sie kämpft gegen den Ge¬
2833 2121 2909 2173 jetzt
1710 2124 2753 2174 danken, aber die schwarze Madonna an der Wand siehl sie
2792 2161 2917 2210 es von
1716 2171 2744 2220 o freundlich an, gerade als billige sie den Gedanken. Ja sie
2785 2202 2906 2261 leicht?
1717 2214 2741 2266 chaut fast so aus, als wäre sie selbst es, die ihr den Ge¬
2783 2244 2909 2302 wir D
1705 2257 2745 2305 danken eingegeben. So führt sie ihn denn aus und wird von
2791 2290 2898 2348 „Feier
1702 2301 2745 2360 den bäuerlichen Geschworenen freigesprochen, denn was die
2786 2333 2888 2394 Buch:
1698 2346 2735 2402 Madonna wünscht, muß man thun, das fordert die Frömmig¬
2794 2381 2893 2438 dageac
1702 2388 2735 2449 keit. Krasse Brutalitäten dieser Triebmenschen versteht Weber
2784 2415 2913 2481 net, fel
1704 2434 2742 2491 Lutkow so darzustellen, daß sie verständlich werden, daß man
2788 2464 2913 2525 schichte
1700 2477 2753 2527 nicht nur Grauen empfindet vor diesen Wesen. Und darin
2784 2505 2918 2565 blutvol
1705 2516 2753 2577 zeigt sich eben, daß Weber=Lutkow ein Dichter ist. Das trifft
2781 2552 2905 2615 unbedin
1713 2564 2747 2614 ür alle vier Geschichten zu. Darin und in der Fähigkeit, die
2843 2636 2877 2680 #t
2846 2674 2924 2726 **).
1785 2651 2741 2732 )Linz, Wien, Leipzig, Oesterreichische Verlagsanstalt,
2773 2704 2906 2778 1901
1692 2704 1814 2765 1901.
1949 2775 3071 2845 * Vortrag Edouard Dujardin. Im Romanischen Seminar
1897 2814 3065 2882 sprach Edouard Dujardin, einer der wenigen heute noch lebenden
1901 2855 3064 2925 Symbolisten, die in Frankreich vor mehr als fünfzig Jahren
1901 2903 3063 2972 Epoche machten, über das Thema: Der innere Monolog im zeit¬
1899 2946 3077 3014 genössischen Roman (Le monologue intérieur dans le roman con¬
1898 2991 3064 3061 temporain). Der Monolog schlechtweg, der traditionelle Mono¬
1914 3030 3069 3099 log, der vom Theater stammt, ist etwas Grundverschiedenes von
1906 3074 3065 3142 dem inneren Monolog, dessen genialster zeitgenössischer Ver¬
1912 3119 3071 3189 treter James Joyce ist, und der mit der kategorischen Anwen¬
1909 3166 3069 3238 dung des inneren Monologs in seinem Roman „Ulysses“ eine neue
1905 3198 3064 3283 literarische Form ins Leben gerufen hat. Doch ist Joyce der
1920 3255 3073 3318 eigentliche Erfinder? Es scheint nicht. Zum ersten Male wurde
1917 3297 3067 3383 diese Form des Romans in Frankreich vor fünfzig Jahren ange¬
1898 3355 3063 3425 wandt, und zwar vom Redner selbst in einem Roman, den er
1904 3401 3060 3474 unter Schopenhauers Einfluss 1882 schrieb. Die Liebe und die
1894 3450 3049 3516 exakte Detaillierung, mit der Dujardin das Thema behandelte,
1896 3486 3049 3565 sind also leicht erklärlich. Er definierte in einer langen Reihe
1900 3532 3051 3593 von Formulierungen den inneren Monolog, der eine Expression
1908 3569 3059 3639 der Gefühle und Gedanken des Unterbewusstseins ist, charakte¬
1904 3617 3063 3683 ristisch durch unlogische, unordentliche, nicht organisierte
1906 3660 3065 3723 Wiedergabe eben dieser Gedanken und Gefühle. Proust und
1906 3713 3055 3772 Dostojewski, die analysieren und erklären, nicht aber die Ge¬
1907 3749 3070 3808 danken im Werden wiedergeben, dürfen nicht zu den Vertretern
1911 3802 3064 3855 dieser literarischen Form des inneren Monologs gerechnet wer¬
1914 3833 3064 3898 den. Dagegen wies Dujardin auf „Leutnant Gustl“ von Schnitz¬
1904 3872 3063 3938 ler und auf mehrere junge Franzosen hin, und zwar hauptsächlich
2930 3916 3040 3985 L. R.
1902 3933 2134 3995 Surrealisten.
