3296 4096
1287 161 1689 257 bos 1/11
272 166 1124 260 10. Leutnant Gustl
379 554 1518 626 II Auch Schnitzlers Monolog=Novelle „Gunst!“ (mit Illustrationen
383 616 1519 671 von Coschell; Verlag S. Fischer, Berlin) gehört zu diesem Genre.
377 651 1523 716 Bekanntlich wurde der Dichter, der Regimentsarzt der Reserve in
373 693 1518 744 der österreichischen Armee bis vor kurzem war, wegen dieser harm¬
382 737 1513 799 losen, liebenswürdigen Novelle, weil in ihr der Offiziersstand
376 773 1507 836 herabgesetzt werde, aus der österreichischen Armee ausgestoßen.
381 822 1509 883 Der Inhalt der Novelle ist kurz folgender: Der Leutnant kommt
370 865 1518 919 aus einem Konzert und hat eine Kontrahage mit einem Bäcker¬
372 910 1519 973 meister. Hierbei hält der Bäckermeister den Säbel des Offiziers
371 947 1506 1021 fest, um letzteren zu hindern, seine Ehre handgreiflich wieder her¬
374 995 1514 1050 zustellen. In der That kommt der Offizier gar nicht dazu, er
368 1038 1510 1100 denkt zunächst auch gar nicht daran, sich zu rächen. Erst, als er
367 1082 1510 1138 es nicht mehr kann, fällt ihm ein, daß seine Ehre für immer durch
379 1126 1502 1189 dieses Renkontre verletzt sei, daß er den Bäckermeister hätte nieder¬
374 1161 1508 1223 schlagen müssen. Die Novelle schildert uns nun, indem sie die
378 1204 1508 1269 Reflektionen des Offiziers in einem Selbstgespräche desselben, also
376 1257 1507 1315 direkt, wiedergiebt, wie der in seiner „Ehre“ Gekränkte sich all¬
374 1294 1505 1355 mählich der Verzweiflung preisgiebt und beschließt, sich zu er¬
380 1334 1504 1386 chießen. Er irrt im Prater ziellos umher, alle möglichen Ein¬
371 1375 1502 1444 fälle und Erinnerungen peinigen ihn, bis er übermüde auf eine
368 1419 1456 1484 Bank niedersinkt. Am frühen Morgen hörte er dann im Café
374 1461 1510 1517 nach dem Besuche desselben wollte er sich in seiner Wohnung er¬
367 1503 1503 1574 schießen, daß der Bäckermeister gestern abend schon am Schlazfluß
367 1557 1499 1609 plötzlich gestorben sei. Der Offizier kann sich vor innerster Freude
374 1592 1501 1647 nicht fassen. Er eilt in den Dienst und stürzt sich wie ein vom
359 1639 1512 1686 Tode Geretieter aufs neue in das Leben. Mit diesem feinen:
360 1677 1505 1739 satirischen Schluß scheint der Dichter die Ehre der österreichischen
375 1723 1499 1784 Armee verletzt zu haben. Nach der Ansicht des Militärgerichtes
366 1771 1504 1824 zu Wien hätte sich der junge Leutnant dennoch erschießen müssen.
364 1809 1502 1874 Die ergreifende und schließlich amüsante Novelle ist ein stilistisch
359 1844 1030 1917 sehr feines und vornehmes Kunstwerk.
892 2267 1442 2363 Vom Büchermarkt.
631 2336 1610 2441 Arthur Schnitzler, Leutnant Gustl. S. Fischer, Berlin.
666 2400 1690 2477 Diese Novelle behandelt die Säbel=Ehre, ähnlich wie das
638 2449 1696 2515 Schauspiel „Freiwild“ desselben Verfassers. Sie war zuerst
636 2490 1696 2566 in der Neuen Freien Presse erschienen, und es hieß danach,
640 2537 1696 2603 Schnitzler, der Reserve=Offizier sei, werde seinen Offiziers¬
637 2579 1688 2651 rang verlieren. War das Gerede berechtigt oder nicht, ich
647 2617 1696 2701 weiß es nicht. Im Leutnant,Gestl ist der Begriff der Säbel¬
637 2667 1691 2735 Ehre tiefer und gründlicher erfaßt als im Freiwild. Leutant
642 2716 1698 2781 Gustl ist ein guter KerlKvom Dutzend. Der Leutnant im
645 2763 1699 2833 Freiwild ist ein böser Bkuder#und Va banque-Spieler im
643 2805 1699 2875 Leben. Für ihn bedeutet die Säbelehre einen Deckmantel
645 2848 1698 2920 für alles übrige Thun. Anders bei Leutnant Gustl, der nach
651 2892 1693 2970 der Weise vieler seiner Kacheraden „harmlos“ lebt. Da
646 2939 1702 3008 erfährt der Harmlose einmal ein tragikomisches Abenteuer.
651 2983 1707 3046 Er war in ein klassisches Oratorium gelotst worden und hat
651 3031 1700 3095 sich, da er mehr „für's Fesche“ ist, „riesig“ gelangweilt. An
660 3071 1706 3136 der Garderobe dann, das Gedrängle, vor ihm ein breiter, dicker
651 3110 1706 3181 Bäckermeister, kurz, Leutnant Gustl wird nervös, verliert die
656 3156 1698 3224 Selbstbeherrschung und fährt den feisten Bäckermeister an:
656 3207 1710 3268 „Machen Sie doch Platz!“ Ein Wort giebt das andere,
668 3247 1704 3312 Lentnant Gustl ruft: „Halten Sie's Maul!“ und der Bäcker¬
661 3287 1710 3352 meister, ein herkulischer Mann, erfaßt den Säbel des
660 3333 1713 3396 Leutnants am Griff, hält ihn fest und sagt dem Leutnant
671 3374 1713 3448 Gustl still ins Ohr: „Wenn Sie das geringste Aufsehen
659 3416 1719 3492 machen, zieh' ich den Säbel aus der Scheide, zerbrech' ihn
668 3468 1722 3530 und schick' die Stück' an Ihr Regimentskommando, versteh'n
659 3510 1194 3584 Sie mich, Sie dummer Bub?“
703 3544 1715 3617 Der Leutnant ist wie betäubt, er meint zu träumen. Der
660 3592 1715 3665 Bäckermeister fügte hinzu: „Es hat's niemand g’hört, ich
668 3649 1720 3704 will Ihnen die Karriere nicht verderben. Hab' die Ehr',
672 3691 1714 3744 Herr Leutnant!“ Fort war der Bäckermeister, und der
670 3720 1721 3804 Zeutnant in seiner Bestürzung hat ihm nicht den „Schädel
677 3777 1039 3856 #useinander g’hauen.
718 3795 1729 3879 Der Zwischenfall ist im Gedränge nicht beachtet worden
662 3849 1729 3926 Aber seine Ehrbegriffe hat man doch nicht bloß für seine
657 3897 1729 3971 Kameradschaft, sondern für sich zunächst. Das eigene Ge¬
640 3945 1735 4014 wissen richtet, und Leutnant Gustl richtet streng korrekt. Du
2353 251 2718 324 Telefon 12801.
1898 348 3176 434 Alex. Weigl's Unternehmen für Zeitungs-Ausschnitte
2912 410 3044 471 Ausschnitt
1937 435 3186 572 708 „OBSERVER“ Nr. 72
1830 544 3246 647 I. österr. behördl. conc. Bareau für Zeitungsberichte u. Personalnacbrichten
2008 625 3084 721 Wien, IX/, Türkenstrasse 17.
2211 711 2882 802 - Filiale in Budapest: „Figyeló“ —
1846 774 3250 874 Vertretungen in Berlin, Chicago, Genf, London, Newyork, Paris, Rom, Stockholm.
1831 910 2327 1011 Ausschnitt aus:
2313 973 2947 1070 Lectauhe warie
1852 1025 2371 1167 von+OPGg
2122 1235 2912 1312 Leutnant Gustl von Arthur Schnitzler.
2009 1291 2914 1346 Illustrirt von M. Coschell. Verlag von S. Fischer, Berlin.
2256 1325 2903 1374 Die alte Leutnantsgeschichte, welche immer
2174 1335 2252 1374 —
2053 1337 2177 1381 Auflage.
2018 1373 2909 1412 wieder die Romanschreiber reizt: das Duell, welches aus
2019 1400 2915 1443 einem lächerlichen Grunde heraufbeschworen wird, und der
2007 1464 2909 1515 meidlich erscheint. Die Erzählung spielt in Oesterreich. Ich
2014 1505 2908 1545 kann mir einen preußischen Lentnant kaum in solchen
2014 1539 2919 1584 Siluationen denken. Keinesfalls scheint mir dieser Leutnant
2017 1575 2913 1615 „Gustl“ für unsere Verhältnisse typisch zu sein. Das Ganze ist
2009 1605 2905 1681 weder die eine noch die andere Frage ihre Erledigung darin.
2007 1672 2912 1745 Handdenegemin, die Sache hat denn doch noch eine andere
2009 1741 2910 1779 Seite, und gottlob, es finden sich Widerspiele zu dieser
2010 1772 2905 1836 trostlosen Gustl = Geschichte, wie ja die Medaille ihre Kehrseite
2001 1809 2074 1872 hat.
2777 1810 2826 1861 A
2906 1859 2959 1916 15.
1989 1863 2866 1945 50 Zeitungsaueschnitte (Artikel oder Notizen) . Kr.
1890 1870 1971 1943 Für
3065 1858 3226 1945 inclusive
2900 1910 2949 1953 28
1899 1912 2043 1970 „ 100
3079 1926 3194 1968 Porto.
2824 1959 2862 2005 „
1966 1956 2042 1999 200
2673 1930 2729 2010 a
2199 1967 2237 2017 „
3068 1961 3204 2018 Zahlbar
1897 1958 1964 2016 „
2880 1981 2979 2029 110.—
1969 1994 2044 2038 500
1898 2000 1962 2054 „
3045 2002 3225 2060 im Voraus.
2885 2026 2963 2084 200.—
2821 2039 2868 2078 „
2558 2042 2599 2080 „
1901 2032 2039 2089 „ 1000
2669 2045 2720 2087 „
1987 2048 3276 2135 Im Gegensatze zu anderen Bureaux für Zeitungsausschnitte ist das
2926 2118 3269 2180 auch steht es den
1861 2129 2859 2176 Abonnement durch keine bestimmte Zeitdauer begrenzt;
2814 2155 3122 2214 oder zu ändern.
1854 2169 2818 2234 Abonnenten frei die aufgegebenen Themen zn ergänzen
1745 2224 2807 2292 hast die Säbelehre, die dir anvertraut ist, nicht gewahrt;
2863 2226 3267 2297 Auszug enthaltend die
1748 2268 2800 2336 du bist vor dir selbst kein Offizier mehr. Als Nicht=Offizier
2853 2285 3260 2339 Wiener Morgen¬
2859 2325 3266 2378 und „Wiener Zeirung“)
1754 2319 2316 2382 kannst du nicht leben, also stirb!
2835 2361 3265 2409 id wirthschaftliche Leben
1788 2335 2799 2420 Wie die Gedanken an Freunde und Verwandte einstürmen,
2844 2402 3264 2469 ird. Diese Mittheilungea
1748 2397 2802 2463 wie das ganze, ziemlich nichtige Leben des Leutnants Gustl
1759 2439 2804 2510 noch einmal vor seinen Augen vorüberzieht, wie sich die
1758 2486 2814 2555 süßen Gewohnheiten des Daseins melden, das ist in vielen
2837 2513 2948 2579 her
1749 2540 2817 2602 Zügen sehr fein beobachtet und das Beste an der Erzählung.
1757 2585 2820 2640 Leider schlägt die Novelle zum Schluß in Ironie um, in
1757 2620 2811 2682 eine Ironie, die sehr geistreich mit dem ganzen Begriff der
1759 2664 2811 2727 Säbelehre spielt, und mit welchem Standesbegriff ließe sich nicht
1763 2715 2812 2773 spielen. Aber sie löst den tragikomischen Konflikt nicht innerlich,
1762 2753 2816 2817 sie ist ein Witz des Zufalls und ist im höchsten Sinn unkünstlerisch.
1769 2798 2814 2866 Bevor Leutnant Gustl zum Revolver greift, geht er noch ins
1761 2837 2812 2904 gewohnte Café, und dort erfährt er, daß der Bäckermeister,
1777 2886 2820 2942 ein Bäckermeister en tödlich vom Schlage getroffen sei.
1758 2926 2814 2983 Alle Lebenslust tollt neu in seinem Blut, der Alp ist von
1758 2983 2821 3028 ihm genommen. Was ist's nun mit der Säbelehre? Ist sie
1762 3021 2818 3076 nicht weniger verletzt, weil der Mitwisser plötzlich starb? In
1772 3055 2817 3119 Wien allerdings erlebt man keine Tragödien, so meint
1771 3111 2816 3168 Hermann Bahr, und wenn er nach den Wiener Dichtungen
1770 3143 2816 3215 von heute urteilt, die fast insgesamt gern ins Spielerische
2566 3191 2795 3253 L. Schönhoff.
1778 3202 2390 3262 einmünden, so mag er recht haben.
2261 3262 2342 3315 —
