3296 4064
1300 111 1703 201 box 1/11
287 115 1132 192 10. Leutnant Gustl
461 176 919 229 0
889 843 1270 914 Telefon 12801.
431 940 1718 1021 Alex. Weigl’s Unternehmen für Zeitungs-Ausschnitte
1439 1007 1593 1058 Ausschpitt
1261 1026 1354 1141 R
766 1032 1264 1153 „OBSERVE
1457 1037 1735 1157 N. 72.
345 1059 617 1175 9105
366 1157 1794 1224 I. österr. behördl. conc. Bureau für Zeitungsberichte u. Personalnachrichten
540 1231 1616 1307 Wien, IX/1. Türkenstrasse 17.
771 1304 1416 1390 Filiale in Budapest: „Figyelö“ —
379 1376 1792 1455 Vertretungen in Berlin, Chicago, Genf, London, Newyork, Paris, Rom, Stockholm.
376 1502 872 1589 Ausschnitt aus:
1026 1593 1496 1690 beiter-Zeitune
376 1638 963 1767 0/070b
543 2044 1546 2136 7 Schnitzler=Vorlesung. Der Verein jugendlicher Arbeiter
418 2105 1542 2182 gröffnete Sonntag seine Winterthätigkeit mit einer Vorlesung des
429 2171 1543 2238 Schrftstellers Dr. Arthur Schnitzler. Auf besonderes Ver¬
422 2212 1541 2285 langen des Vereines las Dr. Schnitzler seine Novelle „Lieutenant
433 2259 1549 2324 Gustr“ vor, die mit stürmischem Beifall aufgenommen wurde.
423 2307 1538 2375 Herr Dr. Schnitzler mußte sich zu einer Zugabe entschließen und
433 2355 1551 2414 wählte dazu seinen neuen Einakter „Lebendige Stunden“. Die
423 2404 1538 2464 Vorlesung war ausgezeichnet besucht, leider nicht von Zuhörern,
422 2445 1534 2517 die sich bei solchen Veranstaltungen zusammenfinden sollep von
1595 2472 1752 2538 inclusive
419 2487 606 2562 Arbeitern.
1616 2523 1729 2567 Porto.
1430 2525 1518 2595 50.—
435 2542 573 2613 „ 200
1606 2559 1740 2609 Zahlbar
1352 2559 1524 2650 „ 110.—
488 2589 563 2633 500
1079 2589 1131 2650 „
987 2598 1023 2636 11
723 2591 769 2644 „
1577 2600 1771 2654 im Voraus.
1406 2621 1518 2677 200.—
1340 2627 1405 2680 11
433 2625 574 2687 „ 1000
1211 2602 1254 2679 7
1092 2642 1129 2683 „
509 2682 1791 2729 Im Gegensatze zu anderen Bureaux für Zeitungsausschnitte ist das
1462 2716 1800 2779 auch steht es den
392 2726 1465 2771 Abonnerent durch keine bestimmte Zeitdauer begrenzt; —
398 2755 1640 2822 Abonnenten frei die aufgegebenen Themen zu ergänzen oder zu ändern.
508 2828 1792 2903 Der „OBSERVER“ veranstaltet täglich einen Auszug enthaltend die
424 2885 1800 2952 nhaltsangabe aller wichtigen Mittheilungen der Wiener Morgen¬
442 2929 1783 2983 ätter (Tagesjournale ausser „Neue Freie Presse“ und Wiener Zeitung“
474 2972 1788 3020 rch eine Uebersicht über das gesammte politische und wirthschaftliche Leben
489 3004 1805 3059 n- und Auslandes in drastischer Kürze geboten wird. Diese Mittheilungen
474 3045 1180 3114 n in Wien um 9 Uhr Früh verschickt.
705 3114 1502 3197 Prospecte gratis und franco.
2235 1553 2966 1612 Verein jugendlicher Arbeiter.
2378 1595 2802 1645 Tentrale: VIII. Lerchengasse 13.
2090 1585 2466 1673 Einschreibegebühr 20 Heller.
2727 1595 3064 1664 Monatsbeitrag 20 Heller.
2070 1648 3087 1689 Ortsgruppen: Leopoldstadt, Prager Reichsstraße 16; Landstraße, Apostel¬
2073 1679 3089 1715 gasse 29; Margarethen, Kohlgasse 27; Favoriten, Quellengasse 129; Ottakring,
2068 1695 3093 1746 Lerchenfeldergürtel 8; Hernals, Rötzergasse 40; Floridsdorf, Pragerstraße 4;
2068 1727 3094 1771 Liesing, Marktplatz. — Zahlstelle: Alsergrund, Badgasse 29, Koch's Gasthaus.
2277 1796 2881 1881 Sonntag den 6. October
2045 1866 3042 1958 im Annasaale, I. Annagasse Nr.
2132 1938 2994 2089 . Autoren-Nachmittat
2285 2104 2890 2198 Vorlesung
2409 2182 2758 2242 des Schriftstellers Herrn
2226 2223 2953 2315 Dr. ARTHUR SCHNITZLER
2249 2295 2923 2359 aus keinen neuterteif autsedenerergenden Berten.
2094 2332 3055 2422 Beginn 3 Uhr Nachmittags. Eintritt 40 Heller.
2058 2403 3094 2446 Karten sind zu haben: Arbeiterbildungsverein, VI. Gumpendorfer¬
2072 2446 3085 2478 straße; Redaction des „Handlungsgehilfen“, 1. Wildpretmarkt 3: „Arbeiter¬
2064 2473 3085 2504 Zeitung" VI. Mariahilferstraße 89; Wiener Volksbuchhandlung, VI. Gumpen¬
2067 2495 3085 2538 dorferstraße 18; Zeitungsverschleiß Huber, III. Wassergasse; beim Cassier,
2044 2532 3092 2577 Genossen O. Friedländer, II. Schiffamtsgasse 7; in den Localen obiger Orts¬
2239 2562 2921 2604 gruppen und bei sämmtlichen Vereinsfunctionären.
3019 2560 3095 2608 1611
