3248 4096
1233 98 1592 197 box 1/11
203 105 1035 189 10. Leutnant Gustl
618 1084 1381 1181 Dr. Max Goldschmidt
782 1164 1241 1258 . Bureau für .
755 1249 1239 1330 Zeitungsausschnitte
515 1311 1480 1380 verbunden mit direktem Nachrichtendienst durch
757 1368 1234 1438 eigene Korrespondenten.
1044 1428 1420 1497 Telephon: III, 3051.
556 1423 884 1501 Berlin N. 24.
665 1477 1305 1549 —.—.—
801 1528 1196 1629 Ausschnitt aus
588 1682 1347 1775 Deuische Tageszeitung, Berlin
1022 1835 1330 1984 Z #
532 2048 1426 2138 Kunst und Wissenschaft.
456 2103 1526 2164 Einen Arthur Schnitzler=Abend hatte der allezeit rührige
407 2159 1520 2226 „Verein zur Förderung der Kunst“ am Montag im Berliner
405 2204 1518 2276 Rathaussaale veranstaltet. — Zwei Seelen leben in Schnitzlers
400 2254 1529 2323 Brust: die eine, die ihn die „Anatolszeuen“ hat dichten lassen, jene
408 2304 1525 2370 lebefrohen und gewagten „Gespräche über die Liebe", die
405 2357 1530 2419 der lasciv=tändelnden Anmut Wielands oder des Boccaz
402 2401 1525 2469 nicht unebenbürtig scheinen; und eine andere, die um
412 2448 1566 2516 tiefste und letzte Dinge wirht. — Beide kamen in
409 2490 1531 2569 diesem Schnitzler=Abend zu Wort. Szenen aus dem „ Schleigr
410 2551 1536 2625 der Beatrice“ wurden durch das begabte Frl. Friederlke
418 2596 1532 2669 Stritt=Dresden und Dr. Gustav Manz interpostiert.
411 2653 1541 2718 „Leutuant Gustl“, jene kecke und technisch brillant gehachte
411 2690 1525 2760 kleine Skizze, die, wie man weiß, ihrem Verfasser seine Mlitär
422 2739 1537 2816 charge gekostet hat, verlas in meisterlicher Abtönung Herr Josef
419 2786 1535 2863 Giampictro, das bekannte Mitglied des Kleinen und Neuen
416 2845 1537 2913 Theaters. — Herr Dr. Ludwig Bauer ans Wien hies den
425 2871 1542 2955 einleitenden, etwa einstündigen Vortrag, dessen Inhalt beim beten
410 2940 1539 3009 Willen nicht zu rekognoszieren war. Wie jemand, der sich offenber
415 2987 1554 3053 über die selbstverständlichen Regeln des mündlichen Vortrages nicht
420 3047 1540 3104 klar, zudem mit störenden Stimm= und Zungenfehlern belastet ist,
422 3094 1540 3155 und ein waschechtes Leopoldstädtisch — das Weanerisch der Fiaker
427 3137 1544 3199 und der Wäschermaderln — spricht — wie ein solcher jemand es
426 3177 1571 3270 wagen kann, in Berlin öffentlich zu sprechen, ist völlig unerfindlich¬“
2015 1123 2606 1226 Deutsche Warte, Barlin
2314 1428 2563 1514 23.12.03
1700 1474 2660 1551 Heimatkunst. Im Rathaussaal veranstaltter
1714 1542 2634 1600 Montag der Verein zur Förderung der
1709 1590 2632 1644 Kunst einen Abend österreichischer Heimatkunst. Er
1715 1623 2639 1700 war dem pilanten Wiener Artur Schnitzler
1715 1669 2556 1738 gewidmet. In einem sein poine
1728 1720 2642 1783 sich allerdings manchmal in Paradoxen verlor, ent¬
1725 1756 2641 1821 wickelte der Freund und Landsmann des Dichters,
1714 1803 2641 1864 Dr. Ludwig Bauer, die Ursachen im Leben
1719 1851 2643 1909 Schnizlers, die zur Gestaltung seiner stark per¬
1722 1889 2632 1961 sönlichen Dichtungen beigetragen haben. Wenn man
1725 1939 2627 1998 auch des Reserenten patriotisch gefärbte Begeisterung,
1728 1975 2638 2042 die den Schöpfer des „Schleiers der Beatrice“
1720 2018 2639 2090 als einen der größten Lebenden auf seinem Ge¬
1722 2067 2636 2129 biete geselert wissen will, nicht immer voll
1735 2107 2643 2164 teilen konnte, so war es doch ein Genuß, seinen sein¬
1738 2150 2633 2218 sinnigen und geistreichen Besprechungen Schnitzlerscher
1735 2195 2644 2256 Dichtungen, denen es auch nicht an originellen An¬
1731 2236 2640 2297 regungen gebrach, zuzuhören. Als Ergebnisse seines
1740 2283 2640 2348 sorgjältigen Studiums boi er charakteristische Zitate der
1734 2343 2644 2396 besprochenen Werke, die Darlegung dessen, was an
1749 2369 2640 2438 Schnitzler spezifisch österreichisch, was an ihm das
1744 2413 2639 2476 natürliche Ergebnis seiner semitisch=slawisch=deutschen
1744 2457 2643 2521 Blutmischung und was an ihm künstlerische In¬
1746 2502 2648 2564 dividualität ist. Als eine hervorragende Eigenschaft des
1739 2556 2644 2611 Dichters beionte er dessen überaus scharfe Selbstkritik, die
1746 2589 2641 2650 laum ein Viertel seiner fruchtharen Produktion vor das Forum
1743 2632 2647 2698 der Oeffentlichkeit bringt. Die Anspielung Dr. Bauers,
1729 2676 2650 2741 daß in der Zeburtsstadt des Hauptmannschen „Roten
2418 2718 2656 2778 Sumgeleden
1737 2724 2363 2787 Hahn“ und des Sudermannschen
1747 2764 2656 2826 Sokrates“ für diesen Vorzug vielleicht wenig Verstäudnis
1744 2811 2654 2877 vorhanden sei, war von einem Gast nicht gerade liebens¬
1742 2855 2651 2912 wördig und traf #uch nicht den Kern der Sache. An
1743 2899 2653 2954 den Vortrag schloß sich die Rezitation Schnitzlerscher
1749 2930 2664 3000 Dichtungen. Dr. Manz hätte die drei Gedichte ein¬
1748 2977 2658 3046 schher lesen sollen. In der Beschränkung zelgt sich erst
1754 3025 2662 3089 d# Meister. — Fräulein Friederike Stritt aus
1745 3081 2650 3132 Desden, die die Hauptszenen der „Beatrice“ vortrug,
1764 3119 2654 3175 Edient warmes Lob, noch viel mehr Heir Josef
1762 3158 2660 3226 Rampietro vom Kleinen Thealer=d## mit dem
1760 3200 2619 3275 Neutnant Gustel ein kleines Kabinettstück hot. he.
