3248 4128
1206 218 1619 329 box 1/12
185 217 1031 328 10. Leutnant Gustl
352 269 1049 352 uneeentine dn nen n enenenerenene ieren eneeene
1583 1260 2735 1342 Denkens verrät. Es sind doch nur zwei Fälle möglich, so
409 1290 1552 1350 könnte man ebensogut den entgegengesetzten Schluß ziehen:
37 1286 397 1348 kr entscheidenden
1581 1311 2717 1381 ungefähr räsonniert der fromme Fürst: entweder er unter¬
413 1329 1565 1389 wie weit verbreitet muß in einem Theaterpublikum das Ver¬
55 1330 396 1393 ädte dem roma¬
1580 1365 2726 1430 liegt, dann „werde ich in Deinen Augen, meine liebe
429 1375 1562 1439 ständnis für Philosophie sein, wenn ein Komödiendichter es
45 1377 392 1453 r spanisch=italie¬
1582 1403 2737 1471 Nannie, deshalb nicht kleiner, nicht wertloser erscheinen...“
421 1423 1567 1486 wagen darf, einen derartigen philosophischen Terminus zum
59 1428 390 1494 des Großen der
2065 1456 2729 1533 „so will ich mich einst bei
412 1469 1571 1532 Titel eines der Unterhaltung dienenden Lustspiels zu machen.
1580 1468 2088 1541 Oder aber, er siegt,
47 1466 394 1538 dt mitbestimmen
1582 1514 2731 1570 Euch an meinen. Bewußtsein erfreuen und wir
421 1517 1557 1582 Im übrigen erklärt sich diese Entgleisung, die man nicht all¬
46 1520 400 1584 nationale Selbst¬
1590 1551 2720 1615 wollen dann weiter unsere Bäume pflanzen und
414 1577 1560 1630 zu ernst zu nehmen braucht; aus einer grundsätzlichen Ab¬
48 1560 395 1633 der Vergötterer
1590 1600 2723 1667 säen.." Aber während der Fürst mit einem schönen
415 1617 1561 1670 neigung gegen Bauernfeld, der dem Berliner Empfinden nun
42 1595 398 1674 Fach, und Maria
1590 1661 2716 1714 Ausolich zu den Gestirnen, wohin jetzt auch sicher seine ge¬
412 1656 1568 1727 einmal gegen den Strich geht. Sie wiederholt sich in einem
60 1652 400 1726 zösischen Sprache
1587 1687 2730 1763 liebte Nannie ihre Blicke sendet, sein briefliches Adagio
412 1712 1561 1775 anderen gleichfalls aus der Literatur gegriffenen Beispiel,
41 1691 391 1780 in von Neazel:
1590 1745 2726 1802 schließt, hat sich der „wuckere Blücher“, wie er sich ausdrückt,
419 1751 1562 1807 woses sich um einen Berliner Liebling handelt. Ein solcher ist
51 1749 398 1814 eboren sind, und
1593 1797 2729 1857 bereits marschmäßig „in Bewegung gesetzt“, um sich auf
411 1805 1560 1863 Georg Hermann der behagliche Tichter von „Jettchen
52 1805 406 1866 zu bewahren, die
1576 1828 2729 1912 Mapoleon zu stürzen. Der wackere Blücher schreibt denn auch
59 1849 390 1924 und Geradheit.“
419 1847 1554 1903 Gebert“ offenbar; und weil er das ist, wird er mit Artur
1578 1886 2731 1953 erst nach der Schlacht an seine Gattin: „duß wir Siegreich¬
421 1899 1560 1952 Schnitzler verglichen. Wenn wir die Autoren recht verstehen,
41 1900 408 1988 en baut sich dann
1579 1937 2729 1995 fort gehn“, und daß sie sich in Hinkunft etwas mehr gönnen
421 1934 1561 1995 ist ihnen Schnitzler so etwas wie ein wienerischer Georg
56 1951 403 2024 ganisch auf und
1588 1984 2724 2043 könne, da sie nun „Feldmarschallin“ sei. Auch von 4 Beute¬
421 1980 1563 2044 Hermann. Und warum soll er das sein? Weil „Die Nacht
52 2005 409 2070 t ihrer größten
1589 2016 2728 2089 pferden und „2 maul Esell“ berichtet er, und es macht ihm
419 2034 1562 2093 des Doktor Herzfeld“ eine Berliner Nacht beschreibt und
63 2041 397 2117 sehen der Mutter
1582 2082 2731 2142 Sorge, wie er sie zu ihr „hin krigen könnte . ..“ Dann fügt
412 2086 1554 2142 weil „Leutnank Gustel“ von Schnitzler gleichfalls in einer
50 2096 407 2165 nicht müde, diese
1575 2128 2731 2185 er, immer gleich salopp und unorthographisch hinzu: „Mit
430 2130 1559 2184 einzigen Nacht vor sich geht. Das ist allerdings eine Aehn¬
46 2145 400 2216 um an ihr den
1577 2174 2726 2238 die ordens weiß ich mich nun kein Raht mehr, ich bin wie
425 2175 1541 2242 lichkeit, aber die einzige, die zwischen den beiden Erzäh
50 2188 400 2261 neue zu erörtern.
1581 2214 2727 2279 ein alt Kuttsch Ferd behangen . . .“ Man sieht, der alte
418 2215 1135 2294 lungen und ihren Urhebern besteht.
51 2230 415 2307 ng, Makart und
1585 2267 2724 2338 Haudegen macht sich nicht viel aus derlei Aeußerlichkeiten
503 2249 1563 2331 Stichhältiger als diese literarischen Antithesen ist, ob¬
52 2288 406 2357 die vielen, die die
1586 2317 2735 2374 und betrachtet seine eigenen Dekorationen mit jener Ironie
421 2321 1567 2387 wohl nicht so geistreich zugespitzt, eine andere, die die Ver¬
50 2335 404 2401 ein, sinnreich an¬
1594 2358 2730 2422 im Spiegel, mit der man anderwärts höchstens die der
429 2375 1555 2431 fässer der Weltgeschichte entnehmen. Der große Augenblick,
58 2382 405 2450 sie den Nagel auf
1589 2405 2734 2467 anderen betrachtet. Aber eins freut ihn doch oder, in seiner
432 2422 1558 2487 in dem sie fühlbar wird, ist die Schlacht bei Leipzig, die
58 2424 398 2500 Behauptung auf¬
1591 2468 2717 2515 immer praktischen Sprache zu reden: lohnt ihn über alles
424 2474 1563 2534 bekanntlich Schwarzenberg zusammen mit Blücher gegen
52 2477 403 2541 theisch, in Wien
1583 2503 2725 2563 „daß ich es wahr, der den übermüttigen Tihrannen
421 2517 1570 2583 Napoleon geschlagen hat. Beide Feldherren, der österreichische
55 2525 411 2591 den kategorischen
1585 2552 2727 2617 demütigte“. Wie wunderbar phonetisch wirkt da die unortho¬
421 2567 1557 2620 und der preußische, sind verheiratet, und beide schreiben sie
64 2573 398 2639 s entgegenstellen,
1588 2594 2727 2654 graphische Schreibweise des „Tihrannen“; man hört förm¬
424 2608 1563 2668 von Leipzig aus an ihre Frauen. Der Brief des Fürsten
46 2612 410 2682 Berlin die Stadt
1591 2642 2730 2710 lich den „ollen Berliner“ wie er das Wort mit langgedehnter
433 2654 1565 2711 Schwarzenberg ist oft zitiert worden und in der Tat ein
38 2663 412 2726 Stadt der Musik,
1587 2701 2677 2758 erster Silbe und abgehackter zweiter grimmig herausbellt.
423 2701 1566 2757 Schuldeispiel österreichischer Prosa; er spiegelt die absolute
50 2713 407 2777 nahetreten, wenn
1672 2742 2712 2811 Mit Blücher beginnt dann auch der Reigen jener volks¬
423 2754 1563 2811 Seelerruhe eines Mannes, der sich mit seinem Gotte eins
44 2760 407 2810 die es Wien ver¬
1584 2776 2727 2853 tümlichen Figuren, die dem Berliner Berlin verkörpern; es
424 2806 1563 2859 weiß. Das „es kann dir nix g'schehen Anzengrubers wird
50 2798 407 2867 ich unphilosophisch
1586 2839 2735 2910 beginnt sich dasjenige herauszubilden, was die Autoren den
425 2847 1567 2904 darin vorweggenommen und in ein gottgefälliges Räsonne¬
55 2842 409 2917 spiel, das m.t dem
420 2895 2741 2949 ment aufgelöst, dessen Gedankengang an die antiken Philo=] „Berliner Humor“ nennen und was man wohl richtiger als
58 2900 405 2963 chlüsse zu ziehen,
66 2932 2740 3015 erlaubt wäre, so sooben erinnert und das die aute „Aucht des lateinischen; den Berliner Witz bezeichnen; könnte, denn von Humor, 1
