3228 4068
719 45 2977 109 Jeden Sonmag erscheint ein Helt zum Preise von 30 Heller: ¼ Jähr. Abonnement (13 Hefte) 3 Kronen. Künstlet-Postkarten für Abonnenten des Blattes zum halben Preiz.
713 92 2972 192 Das moderne Familienblatt spannende Romane, Revellen, Erzählungen, Cheater, Kunzi. Tierstur, Spert, Gezuncheiuspliege, Alpines.
717 190 2979 284 wichunt ertianine an wen in von u. uus. Osterreichs Illustrierte Zeitung 2. Jabraanz. — mehrrb. Kunztbellagen.
711 304 2972 416 Preisräfbsel, Amateur-Photographen=Eche, Neubeiten und Erlindungen, Phpiikalsches Auentel en. Sollfe in keiftem Dause sehlen!
704 375 3243 459 Abonnement=Beginn mit jedem Hette. — Frühere Hetie können nachgelielert werden. — Probehefte gratis. — Administration Wien, VI., Eszierbazygasse Nr. 19. 1Zu haben In
2856 446 3010 515 mi
2607 441 2752 530 antennn
644 505 1835 586 unsereiner wird unter vier Augen insultirt und ist ein
1813 508 3243 590 machen, der Eine früher, der Andere später, und du auch ein:
655 559 1846 617 todter Mann. ... Wenn sich so ein Fallot wenigstens
1829 561 2388 645 kommst halt früher d'ran.
3001 572 3220 647 man das
2477 573 3004 645 Viel werth bist du ja
656 611 1842 695 schlagen möcht' — aber nein da wär' er ja vorsichtiger, da
3003 622 3226 691 blöd'! —
1826 616 3001 705 nie gewesen, so benimm dich wenigstens anständig zu¬
651 640 1836 734 möcht' er so was nicht riskiren ... und der Kerl lebt
3021 675 3087 721 —
3061 667 3245 744 Heilige
1842 673 2997 741 guterletzt, das verlang' ich von dir! — So, jetzt heißt's
645 702 1836 784 weiter, ruhig weiter, während ich — crepiren muß! — Der
1833 723 2995 784 nur überlegen — aber was denn? ... Immer will ich
2995 713 3241 783 halt' ich g
643 737 1198 815 hat mich doch umgebracht
1214 750 1834 822 . ja, Gustl, merkst d' was?
1831 762 2822 840 mir was überlegen ..ist doch ganz einfach:
2991 752 3244 830 nicht mit
2897 771 2994 839 im
650 776 1831 858 — Der ist es, der dich umbringt! Aber so glatt soll's ihm
1827 808 3005 877 Nachtkastelladel liegt er, geladen ist er auch, heißt's nur:
2995 816 3213 895 Andacht
652 838 1827 922 doch nicht ausgeh'n! — Nein, nein, nein! Ich werd'
1819 857 2926 920 losdrucken — das wird doch keine Kunst sein! —
2983 863 3139 926 licht.
638 874 1826 968 dem Kopetzky einen Brief schreiben, wo Alles drinsteht, die
1819 904 2978 962 Die geht schon ins G'schäft ... die armen Mädeln! —
2999 891 3242 987 schen vorbe
646 943 1815 1014 ganze G'schicht' schreib' ich auf ... oder noch besser:
1822 950 2993 1031 Die Adel' war auch in einem G’schäft — ein paarmal
2990 959 3243 1025 Prater
649 978 1827 1054 ich schreib's dem Obersten, ich mach' eine Meldung ans
1823 994 2043 1066 hab' ich
2996 1001 3236 1065 ich gestern
2665 991 2996 1074 Wenn sie in
2052 997 2594 1074 ie ja am Abend abg’holt.
649 1033 1236 1112 Regiments=Commando
1229 1037 1830 1115 ganz wie eine dienstliche
2996 1044 3222 1125 einmal! —
1825 1027 2993 1121 einem G'schäft sind, werd'n sie doch keine solchen
638 1074 1725 1153 Meldung ... ja, auf einen umbrochenen Bogen.
1831 1078 2044 1159 Menscher.
2026 1096 2166 1150 * * „
2146 1087 3004 1152 Wenn die Steffi mir allein g’hören
3007 1096 3219 1158 stücken...
651 1111 1819 1192 Ja, wart’, du glaubst, daß so was geheim bleiben
2993 1138 3242 1209 sonderbar
1820 1144 2921 1198 möcht', ich ließ' sie Modistin werden oder so was.
641 1172 1264 1242 kann? — Du irrst dich
1284 1178 1826 1251 — aufgeschrieben wird's
1825 1177 2913 1261 Wie wird sie's denn erfahren? Aus der Zeitung ...
2996 1188 3241 1253 sind, in d
2902 1167 2998 1260 sie
642 1229 1830 1304 zum ewigen Gedächtniß, und dann möcht' ich sehen, ob
1814 1237 2902 1290 wird sich ärgern, daß ich ihr's nicht geschrieben hab'.
2997 1238 3243 1303 Cigarrl ra
636 1277 1817 1337 du dich noch ins Kaffeehaus traust! — ha! „das
1820 1267 2988 1344 Mir scheint, ich schnapp’ doch noch über... was geht denn
2990 1285 3242 1349 nicht! Gar
636 1301 1169 1392 möcht' ich sehen“ ist gut!
1243 1341 1297 1389 *
1272 1319 1825 1403 ich möcht' noch Manches
1810 1313 2610 1404 das mich an, ob sie sich ärgert? .
2651 1330 3000 1412 Wie lang hat
2993 1331 3232 1399 Kaffee wir
632 1347 1817 1444 gern seh'n, wird nur leider nicht mehr möglich sein —
1813 1367 2671 1436 denn die ganze G'schicht' gedauert?
2814 1380 2988 1448 Seit'n
2983 1376 3242 1448 Aber in d
639 1430 2098 1503 aus is! — Jetzt kommt der Johann in mein Zimmer, Januar ...
2079 1407 2989 1500 ah nein, es muß'sdoch schon vor Weihnachten
2990 1425 3243 1513 ist komisch
640 1471 1822 1540 jetzt merkt er, daß der Lieutenant nicht zu
1809 1483 2983 1535 gewesen sein... ich hab' ihr ja aus Graz Zuckerln
2978 1475 3137 1542 geh'n
642 1494 1811 1580 Hause geschlafen hat — na, alles Mögliche wird er
1810 1532 2991 1596 g'schickt — und zu Neujahr hat sie mir ein Brieferl
2987 1508 3244 1596 doch Keine
653 1558 1815 1626 sich denken, aber daß der Herr Lieutenant im Prater
1810 1569 2991 1651 g'schickt. ... Richtig, die Briefe, die ich zu Haus' hab' —
2988 1576 3244 1642 ein Zeiche
646 1598 1808 1682 übernachtet hat, das, meiner Seel', das nicht. ... Ah,
1805 1604 2644 1676 sind keine da, die ich verbrennen sollt'?
2984 1613 3243 1687 noch im K
2755 1615 2985 1709 Hm, der
641 1659 1677 1720 die Vierundvierziger! Zur Schießstätte marschiren
1807 1666 2162 1734 vom Fallsteiner
2141 1644 2977 1747 — wenn man den Brief findet ... der
2986 1671 3241 1737 sich erschoss
636 1707 1823 1775 lassen m'r sie vorübergeh'n ... so, stellen wir uns da
1805 1714 2983 1785 Bursch könnt' Unannehmlichkeiten haben. ... Was mir
2978 1717 3242 1782 das Gehen
644 1749 809 1805 her.
875 1753 1811 1822 — Da ohen wird ein Fenster aufgemacht —
1797 1758 2971 1826 das schon aufliegt: — No, es ist ja keine große Anstren¬
2973 1755 3235 1832 mich Keine
643 1793 1808 1877 hübsche. Person — no, ich möcht' mir wenigstens ein
1807 1806 2969 1871 gung . .. aber hervorsuchen kann ich den Wisch nicht,
2972 1810 3243 1882 #amer den
641 1832 1809 1897 Tüchel umnehmen, wenn ich zum Fenster geh'. ...
1802 1853 2980 1921 wo mir der Fallsteiner die schmutzige G'schicht' erzählt
3022 1858 3242 1929 Was ist
641 1893 1809 1965 Vorigen Sonntag war's zum letztenmal . . . daß g'rad'
1796 1913 2971 1967 — das Beste ist, ich verbrenn' Alles zusammen . .. wer
2969 1903 3241 1976 Mir scheint
638 1936 1810 2000 die Steffi die Letzte sein wird, hab' ich mir nicht träumen
2652 1955 2736 2007 —
1797 1951 2614 2016 braucht's denn? Ist lauter Maculatur
2722 1954 2981 2029 Und meine
2969 1945 3243 2022 ich vielleicht
631 1981 1812 2041 lassen — ach Gott, das ist doch das einzige reelle Ver¬
1792 1982 2754 2074 paar Bücher könnt' ich dem Blany vermachen
2735 1999 2976 2067 — „Durch
2970 2001 3202 2070 einbild', ich
636 2034 1678 2096 gnügen. :... Na ja, der Herr Oberst wird in
1660 2043 1816 2111 zwei
1803 2039 2159 2123 Nachi und Eis“
2228 2055 2967 2112 schad', daß ich's nimmer auslesen
2964 2051 3196 2119 ich will!
641 2084 1806 2161 Stunden nobel nachreiten... die Herren haben's gut
1792 2100 2963 2171 kann . . . bin wenig zum Lesen gekommen in der letzten
2973 2096 3241 2163 Gustl, daß
630 2133 1811 2199 — ja, ja, rechts g'schaut! — Ist schon gut ... wenn
1793 2137 2181 2218 Zeir. Orgel
2159 2142 2972 2207 — ah, aus der Kirche.:. Frühmesse
2962 2141 3240 2217 gehst? Und
627 2165 1337 2236 ihr wüßtet, wie ich auf euch pfeif'
1323 2176 1799 2251 !— Ah, das ist nicht
1844 2189 2964 2253 — bin schon lang' bei keiner gewesen ... das letztemul
2965 2196 3242 2264 voll — und
641 2218 1062 2278 schlecht, der Katzer.
1058 2221 1804 2296 .. seit wann ist denn der zu den
1803 2224 2961 2294 im Februar, wie mein Zug dazu commandirt
2977 2237 3241 2315 Hand geben
634 2274 1802 2342 Vierundvierzigern übersetzt? — Servus, servus! — Was
1798 2267 2960 2353 war .. aber das gilt nichts — ich hab' auf meine Leut'
2969 2281 3241 2364 geworden —
620 2327 1802 2383 der für ein G'sicht macht.:. warum deutet er denn
1797 2309 2965 2405 aufgepaßt, ob sie andächtig sind und sich ordentlich be¬
2958 2323 3243 2407 danken. ::
629 2362 1797 2444 auf seinen Kopf? — Mein Lieber, dein Schädelweh
1797 2373 2046 2440 nehmen ..
2162 2378 2882 2449 Möcht in die Kirche hineinaeh'n
2959 2389 3235 2458 gesagt!...
625 2393 1242 2479 interessirt mich sehr wenig.
1328 2418 1801 2503 Ah so! Nein, mein
1796 2411 2616 2487 am End' ist doch was d'ran. ... —
2956 2433 3226 2500 Na, über
2598 2406 2963 2506 Na, heut' nach
624 2438 1796 2529 Lieber, du irrst dich: im Prater hab' ich übernachtet...
1791 2471 2646 2547 Tisch werd' ich's schon genau wissen.
2679 2480 2963 2546 : Ah, „nach
2962 2482 3243 2546 außer Dien
627 2515 1801 2571 wirst schon heut' im Abendblatt lesen — „Nicht mög¬
1793 2516 2345 2595 Tisch“ ist sehr gut!...
2328 2505 2967 2592 Also, wus ist, soll ich hinein¬
2957 2527 3244 2593 Manöver w
635 2559 1797 2624 lich!“ wird er sagen, „heut' Früh, wie wir zur Schieß¬
1795 2571 2953 2642 geh'n? — Ich glaub', der Mama wär's ein Trost, wenn
2957 2579 3136 2643 pagnie
640 2597 1805 2668 stätte ausgerückt sind, hab' ich ihn noch auf der Prater¬
1790 2615 2958 2676 sie das wüßt' ... die Clara gibt weniger d'rauf. ... No,
2957 2630 3020 2693 ei
621 2642 2957 2740 straße getroffen!“ — Wer wird denn meinen Zug geh'n m'r hinein — schaden kann's ja nicht!... Orgel
2972 2697 3022 2736 „1
619 2703 1800 2756 kriegen? — Ob sie's dem Walterer geben werden? —
1782 2706 2924 2776 — Gesang — hm! — Was ist denn das? — Mir ist
631 2749 2948 2813 Na, da wird was Schönes herauskommen — ein Kerl ganz schwindlig . . . o Gott, o Gott, o Gott! ich möcht'
621 2792 1805 2856 ohne Schneid' der hätt' auch lieber Schuster werden
1789 2811 2947 2868 einen Menschen haben, mit dem ich ein Wort reden könnt'
622 2834 1790 2906 sollen. ... Was geht schon die Sonne auf? — Das
1794 2854 2963 2928 vorher! — Das wär' so was — zur Beicht' geh'n! Der
617 2880 1791 2966 wird heut' ein schöner Tag — so ein rechter Frühlings¬
1787 2888 2956 2972 möcht' Augen machen, der Pfaff' wenn ich zum Schluß
2965 2916 3044 2972 gut
619 2936 829 2995 fag
819 2939 1787 2998 ist doch eigentlich zum Teufelholen! — Der
1786 2942 2958 3017 sagen möcht': Habe die Ehre, Hochwürden, jetzt geh' ich,
2958 2954 3230 3021 wir im 78e
622 2986 1793 3044 Comfortabelkutscher wird noch um Achte in der Früh
1782 2990 2954 3068 mich umbringen . .: — Am liebsten läg' ich da auf dem
2957 3003 3244 3071 daß uns di
614 3033 1214 3095 auf der Welt sein, und ich .
1281 3029 1791 3102 na, was ist denn das?
1785 3036 2511 3100 Steinboden und thät' heulen. ...
2497 3045 2953 3118 Ah nein, das darf
2952 3052 3224 3116 bei so was
620 3076 1791 3159 He, das wär' so was — noch im letzten Moment die
1788 3092 2960 3149 man nicht thun! Aber Weinen thut manchmal so gut...
2959 3099 3243 3164 Alle auf vor
608 3111 1757 3197 Contenance verlieren, wegen einem Comfortabelkutscher.
1784 3139 2959 3204 Setzen wir uns einen Moment — aber nicht wieder ein¬
2954 3143 3235 3217 halt zuwider,
614 3160 1789 3240 Was ist denn das, daß ich auf einmal so ein blödes
1787 3181 2952 3256 schlafen wie im Prater. . . . — Die Leut', die eine Reli¬
2953 3190 3244 3271 schöner gewe
615 3212 1793 3286 Herzklopfen krieg'? — Das wird doch nicht deßwegen
1777 3241 2945 3305 gion haben, sind doch besser b'ran. ... Na, jetzt fangen
2946 3240 3237 3307 land, als so.
626 3264 1784 3339 sein . . . nein, es ist, weil ich so lang' nichts gegessen
1783 3278 2957 3341 mir gar die Händ' zu zittern an! ... Wenn's so weiter
2952 3292 3242 3358 lich gut weg
614 3311 1779 3375 hab' —— Aber Gustl, sei doch aufrichtig mit dir selber:
1782 3329 2947 3401 geht, werd' ich mir selber auf die Letzt' so ekelhaft, daß
2953 3331 3244 3402 nehmen kön
692 3362 1792 3427 Angst hast du — Angst, weil du's noch nie probirt
1782 3376 2612 3444 ich mich vor lauter Schand' umbring'! —
2596 3378 2955 3444 Das alte Weib
2948 3383 3211 3452 lassen, daß
614 3392 748 3468 hast.
835 3415 2961 3490 Aber das hilft dir ja nichts, die Angst hat da — um was betet denn die noch?... Wär' eine
2948 3434 3242 3502 meinerstatt n
620 3463 3234 3561 noch Keinem was geholfen, Jeder muß es einmal durch= Idee, wenn ich ihr sagen möcht': Sie, schließen Sie mich der doch nich
1724 3808 1953 3913 Sneen
2160 3820 2270 3931 1
