3296 4064
1300 130 1685 219 box 1/11
879 135 1112 211 Gustl
261 146 837 218 10. Leutnant
601 204 668 253 1
2009 416 2969 498 Sahe Sdan-Kiste
2884 470 3150 547 P.1E.6 4.
870 488 1227 542 Telefon 12801.
1998 489 2246 581 22 Len
2419 510 3071 588 Gustl. Novelle von Arthur
2404 573 3058 646 ler. Illustrirt von M. Coschell.
395 596 1674 657 Alex. Weigl’s Unternehmen für Zeitungs-Ausschnitte
2429 615 2623 679 Fischer.
1413 636 1560 701 Ausschnitt
2190 660 3061 739 Auf=der großen Weltausstellung in Chicago, die
1427 677 1691 781 Nr. 52
2113 722 3062 772 ja neben den bedeukendsten Blüthen der Cultur auch
519 659 1355 810 106 „OBSERVER“
2117 759 3064 811 den ungeheierlichsten Blödunn der verschiedensten Art
2120 800 3050 850 zeitigte, ließ sich für Gel ein Mann sehen, der ohne
330 804 1747 851 I. österr. behördl. conc. Bureau für Zeitungsberichte u. Personalnachrichten
2123 818 3053 890 Unterbrechungsvom Mor#en bis zum Abend sprach
2118 879 3066 935 und dabei die Verpflichtung üternommen hatte, nicht
509 860 1583 946 Wien, IX, Türkenstrasse 17.
2112 915 3053 972 weniger als so und so viele tausend Worte in der
693 933 1379 1019 — Filiale in Budapest: „Firyeló“ —
2111 951 3058 1011 Stunde auszusprechen. Nun, nachgezählt wird wohl
2118 990 3054 1042 Keiner haben. Mit diesem Geschwind= und Dauer¬
347 1010 1754 1079 Vertretungen in Berlin, Chicago, Genf, London, Newyork, Paris, Rom, Stockholm.
2111 1026 3057 1084 redner aber hat Arthur Schnitzker in seiner neuesten
2117 1067 3046 1131 Novelle eine gewisse Aehnlichkeit. Diese Novelle von
2122 1115 3045 1163 achtzig Seiten nämlich besteht aus einem einzigen
348 1131 828 1220 Ausschnitt aus:
2106 1148 3055 1199 Selbstgespräch des jungen, in Wien garnisonirenden
2105 1184 3051 1249 Leutnants „Gustl“. Zwischen dem Chicagoer Redner
868 1168 1508 1267 rtiner Tagebiat:
2111 1227 3044 1283 und dem genialen Schnitzler gibt es freilich auch wieder
2101 1269 3054 1325 einen großen Unterschied. Jener redete Blödsinn, denn
351 1250 653 1352 vom 72
2120 1306 3042 1361 zur aufs Reden kam es ihm an, Schnitzler's Schnell¬
2108 1344 3042 1401 und Dauerredner dagegen (er redet nämlich auch von
565 1233 901 1423 S
2110 1382 3053 1444 Abends 9 bis zum nächsten Morgen 9 Uhr un¬
2122 1424 3050 1480 unterbrochen) fesselt den Zuhörer durch die Geschichte,
2111 1462 3048 1507 welche enthüllt wird, ganz ungemein. Nur hier und
2109 1499 3045 1559 da wird einem das ewige Gerede durch seine Ein¬
2104 1538 3041 1590 tönigkeit ein bischen zu viel. Das ist schade, denn
389 1519 1589 1616 Arthur Schnitzler. Leutnant Gustel. Berlin, S. Fischer.
2107 1576 3033 1629 die Novelle ist nicht mehr und nicht weniger als eine
477 1588 1591 1639 Leutnant Gustel hat bei dem Ausgang aus einem Konzert, in
2101 1614 3036 1666 feine Seelenmalerei. Leutnant Gustl wird im Concert
430 1633 1602 1682 das ihn ein guter Freund versetzt hat, ein Abenteuer mit einem
2111 1657 3041 1715 von einem Bäckermeister tödtlich insultirt, ohne sich
436 1670 1592 1717 Bäckermeister, das wirklich sich so anläßt, als sollte es tragisch
2108 1696 3038 1750 wehren zu können, und da er unter diesen Umständen
440 1700 1596 1754 enden. Der Bäckermeister, dem er grob begegnet ist hat ihn im
2096 1742 3035 1789 ein Duell nicht fordern darf, meint er, sich todt¬
441 1729 1591 1792 Gebränge einen „dummen Buben“ genannt. Er hat ihm dies
2105 1770 3046 1830 schießen zu müssen. Die letzte Nacht seines Lebens ist
433 1777 1596 1831 allerdings un, in das Ohr gesagt, aber er hat ihm die
2105 1813 3033 1864 durch ein Selhstgespräch ausgefüllt, in dem Reflexionen
439 1817 1583 1869 Hand so fest gepreßt, daß er den Degen nicht ziehen
2105 1856 3030 1908 aus Vergangenheit und Gegenwart, Kämpfe des
439 1856 1591 1902 konnte. Leutnant Gustel konnte die ihm angethaue Beschimpfung
433 1894 1591 1947 nicht rächen. Das kann er nicht verwinden. Der ganze Mensch ist
2097 1890 2604 1947 Lebensdranges mit dem
2605 1891 3040 1952 die Selbstvernichtung
431 1932 1529 1975 auf den Begriff der Offiziersehre gestimmt, an ihm nimmt er
2111 1916 3041 1978 fordernden Ehrgefühl, Erinnerungen mit einander
1457 1957 1593 2012 Jetzt,
435 1971 1459 2014 seiner Leichtlebigkeit und Leichtfertigkeit den einzigen Halt.
2110 1964 2303 2017 abwechseln.
2343 1966 3033 2029 Ehe der Todescandidat Morgens
440 1995 1503 2050 da ihm dieser entzogen ist, sieht er nur das Nichts vor sich.
2100 1994 3030 2057 heimwankt, um ein Ende zu machen, erfährt er in
1538 2038 1599 2084 hat
432 2043 1502 2094 spielt mit dem Gedanken, sich zu erschießen aber er
2108 2050 3033 2111 einem Caféhause, daß seinen Beleidiger gleich nach
430 2068 1520 2122 noch Glück im Unglück. Denn ehe der Gedanke sich
2101 2081 3031 2139 seinem Rencontre der Schlag getroffen hat, und da
1524 2105 1586 2158 daß
435 2112 1507 2159 Entschluß und That umwandelt, meldet ihm die Zeitung.
2098 2123 3043 2188 die Beleidigung keine Zeugen hatte, ist dem glücklichen
1637 2154 1697 2196 10.
433 2143 1588 2196 der grobe Bäckermeister auf dem Heimwege aus dem Konzert
2099 2160 2748 2227 Leutnant Gustl das Leben geschenkt.
435 2191 1587 2234 tödtlich vom Schlage getroffen worden ist. Und eine ungeheure
437 2230 1593 2277 Erleichterung zieht in Leutnants Gustels Seele ein. Denn Niemand
1628 2233 1725 2289 braus.
434 2263 1593 2312 wird je erfahren, daß er ungestraft ein „dummer Bub“ genannt
432 2309 1595 2354 worden ist, — er kann weiter leben. Schnitzler beschreibt die Vor¬
1631 2295 1748 2353 it das
432 2341 1595 2389 gänge in der Seele Gustels von dem Eintritt in das Konzert bis
1639 2341 1755 2394 s den
431 2380 1594 2424 zum Tode des Bäckermeisters als Gedankenleser. Gustels Ideen
432 2411 1600 2467 wickeln sich unmittelbar vor dem Leser ab, wie menn ein Knäuel
434 2444 1601 2492 Garn abgewickelt wird. Es kommt alles heraus, was in dem
1632 2461 1751 2518 1d die
431 2478 1588 2532 armen kleinen Köpschen steckt. Es ist nicht Schnitzlers Schuld,
1642 2510 1758 2559 gen¬
2044 2486 3021 2587 Untalnglut Jaale sne
437 2519 1593 2568 wenn es nicht mehr ist. Aber es ist mit einem überlegenen und
1646 2550 1730 2598 ung
431 2560 1588 2609 doch gutmüthigen Humor erzählt, als wollte der Dichter sagen: es
2001 2574 2232 2651 7 419
434 2600 972 2646 muß auch solche Thiere geben.
1490 2596 1546 2651 g.
2785 2597 2997 2689 ##
525 2621 1761 2689 Mr Ausidnace 1 „ueud ebchu. Litsehmtscheilungen
362 2641 1127 2728 werden in Wien um 9 Uhr Früh verschickt.
672 2738 1444 2814 Prospecte gratis und france
2062 2740 3153 2806 Arthur Schnitzler: Leutnant Gustl„Mit 21 Illustrationen
2001 2787 3152 2861 von M. Coschell. Verlag von S. Fischer, Beekin. Arthur Schnitzler
1997 2819 3141 2889 hat das Charakterbild eines jungen österreschischen Leutnants, wie es
1994 2859 3151 2930 sich in einem kritischen Augenblick, semes Lebens offenbart, zu erfassen
1994 2900 3154 2972 gesucht und, im Rahmen eineß=trägikomischen Erlebnisses, dieser Figur
2005 2939 3154 3008 mit einer gewissen überlegenen Ironie Gestalt gegeben. Diese tragi¬
2002 2970 3156 3048 komische Geschichte vomLeutnant Gustl wird viel und gern gelesen
1998 3009 2125 3065 werden.
1663 3352 2495 3447 Jgrunee Nue dechune
1492 3417 1736 3500 N 269
2398 3389 2685 3533 72222
1686 3552 2713 3630 Arthur Schnitzler: „Lieutenant Gustl.“ Dieses
1568 3608 2711 3660 psychologische Cabinettstück, die erschöpfende Bloslegung der Lieutenants¬
1574 3654 2721 3699 seele, ist nun von M. Cochell illustriert, in Buchform erschienen. Die
1576 3732 2728 3786 gekauft zu werden, da sie bei S. Fischer Berlin in vierter Auflage
1567 3774 1702 3839 vorliegt.
