3296 4128
1310 207 1706 302 box 1/12
279 214 1129 306 10. Leutnant Gustl
739 268 1145 328 me ee eten entenseaene
520 1316 1553 1378 Berlinerisch aber ist es, wenn beiläufig um diesebe Zeit
163 1308 398 1378 Winterpalast
433 1360 1551 1417 Friedrich Wilhelm I., der „väterliche Tyrann“, derselbe, der
152 1365 398 1425 en Sommer¬
430 1417 1556 1467 einmal im Zorn einem seiner Untertanen, den Stock über ihn
156 1411 387 1472 ger mit ein¬
445 1458 1549 1520 chwingend, mit den Worten nachlief: „Ihr sollt mich nicht
149 1456 398 1516 klledem den
442 1502 1550 1565 ürchten, Ihr müßt mich lieben... wenn dieser fürsorgliche
162 1503 385 1565 lem schwebt,
432 1551 1548 1600 Monarch dekretiert, daß die Marktweider nicht müßig hinter
158 1548 383 1610 ch für Wien,
431 1597 1559 1646 ihren Waren sitzen dürfen und daß die Hökerinnen monatlich
160 1595 391 1656 ebäude aber,
434 1645 1553 1693 4 Pfund Wollengarn abzuliefern hätten. Und ebenso
177 1642 380 1707 gehen aus¬
429 1683 1553 1738 berlinerisch im guten Sinne ist es, wenn derselbe König an
166 1690 390 1753 s I. und die
436 1737 1554 1792 einen fürstlichen Vertrauten schreibt: „Ich denke Tag und
150 1732 384 1804 t das Wien
429 1785 1566 1844 Nacht darüber nach, wie das schöne Land in florisantten
212 1788 388 1849 Abraham
166 1790 217 1835 8
441 1817 1556 1890 Stande kommen kann“, und sich über den „Comerce“ aller¬
141 1831 384 1898 n, wenn wir
435 1870 1548 1942 höchstselbst den Kopf zerbricht. Aber nicht nur über den
136 1873 389 1933 Wien. Und
426 1928 1552 1985 „Comerce“ grübelt dieser musterhafte landesväterliche Haus¬
142 1918 393 1986 ter Bosheit
438 1972 1546 2025 wirt, auch über alle anderen Angelegenheiten seiner Unter¬
166 1962 391 2037 Städte aus
442 2012 1546 2067 tanen, die er bis herunter zu ihren geringsten Lebens¬
178 2009 376 2081 geblieben.“
157 2058 393 2125 essen Pracht
440 2066 1552 2123 äußerungen persönlich regeln möchte, führt er eine scharfe und
431 2116 1551 2169 gewissenhafte Aufsicht. „Mit dem Bau und der Anordnung
162 2111 391 2175 ihr Umtiß
433 2161 1559 2221 der Wohnhäuser, mit der Einrichtung der Wohnungen, mit
188 2153 387 2219 Lebensauf¬
157 2191 389 2265 lige ein Fest
429 2201 1551 2266 den Heiraten und der Berufswahl, mit dem Kirchenbesuch,
155 2247 396 2315 nerische Lust
429 2254 1564 2312 der Kleidung und dem Benehmen auf der Straße, mit jeder
155 2299 391 2365 ßerhalb des
432 2299 1554 2350 äußeten und fast auch inneren Einzelheit im Leben seiner
147 2346 387 2407 das Vorbild
437 2349 1553 2396 Bürger befaßt sich dieser wunderliche und wunderbare
154 2393 380 2457 n Mummen¬
437 2438 1563 2497 jenige vorbereitet, was dann als der „fritzische Geist“, die
139 2437 390 2503 er, als seine
153 2486 386 2544 am, ihr bis
436 2486 1555 2544 Jahrhunderte überdauert. Vom Geist der Barocke ist da nicht
438 2530 1555 2586 viel zu spüren, eher vom Geiste des Exerzierreglements, der
141 2528 404 2599 verkleidet
441 2576 1552 2635 seit den Tagen des Großen Kurfürsten Berlin sichtlich über¬
141 2576 399 2641 erkete es an
433 2624 588 2688 schweht.
611 2622 1563 2688 Friedrich der Große zieht nur die letzten
159 2629 391 2689 uröte, daß
442 2676 1553 2734 Folgerungen aus schon vorhandenen Ansätzen und verewigt
153 2670 396 2741 ie ihn mit
432 2718 1556 2775 die angebahnte Tradition durch die Macht seines Genius. Er
205 2720 400 2788 beschenkt.
159 2765 392 2835 beim Einzug
163 2817 388 2882 istharkeiten:
173 2861 386 2926 anschließend
435 2855 1559 2919 Autoren diese Kaiserin „die große Wienerin“, und sehr
435 2907 1561 2969 richtig ist auch die daran geknüpfte Bemerkung, daß der
217 2908 394 2968 ümen bei
247 2938 1575 3036 Genins Wiens weiblich, derjenige Berlins männlich ist.
1821 1197 2955 1278 Interessant ist ferner die Rolle, die bei der entscheidenden
2993 1213 3302 1274 könnte man eber
1823 1254 2946 1316 Prägung der beiden deutschen Reichshauptstädte dem roma¬
2979 1267 3292 1316 wie weit verbreit
1825 1305 2951 1378 nischen Element zufällt. In Wien ist es der spanisch=italie¬
2981 1314 3303 1376 ständnis für Ph
1832 1350 2956 1403 nische Einschlag, im Berlin Friedrichs des Großen der
2981 1355 3296 1419 wagen darf, eine
1836 1395 2950 1466 ranzösische, der die geistige Form der Stadt mitbestimmen
2988 1402 3302 1457 Titel eines der U
1822 1446 2939 1511 hilft. Dort wie hier jedoch schließt er das nationale Selbst¬
2982 1450 3303 1516 Im übrigen erkl
1827 1497 2944 1562 gefühl nicht aus. Friedrich der Große, der Vergötterer
2982 1498 3303 1561 zu ernst zu neht
1840 1540 2946 1604 Voltatres. besiegt die Franzosen bei Roßbach, und Maria
2986 1543 3302 1609 neigung gegen
1829 1581 2941 1649 Theresia, die sich in ihren Briefen der französischen Sprache
2990 1590 3303 1659 einmal gegen de
1829 1628 2950 1688 bedient, schreibt an ihre Tochter, die Königin von Neapel:
1826 1672 2948 1746 „Vergessen Sie nie, daß Sie als Deutsche geboren sind, und
2979 1686 3301 1748 wo es sich un ei
1823 1726 2945 1782 bemühen Sie sich immer, die Eigenschaften zu bewahren, die
2990 1732 3297 1796 Georg Hermani
1821 1770 2938 1841 für naser Volk charakteristisch sind: Güte und Geradheit.“
2985 1778 3284 1841 Gebert“ offenbe
2996 1804 3303 1889 Schnitzler verglic
1911 1831 2953 1909 Auf den einmal gewonnenen Grundlagen baut sich dann
2985 1873 3303 1941 ist ihnen Schn
1827 1871 2954 1953 der Charakter der beiden Städte weiter organisch auf und
2998 1918 3302 1986 Hermann. Und
1828 1936 2947 1991 nimmt in der überragenden Persönlichkeit ihrer größten
2991 1966 3303 2031 des Doktor ##
1830 1977 2940 2042 Söhne geschichtliche Bedeutung an. Sie alle sehen der Mutter
2991 2013 3289 2077 weil „Leutnant
1817 2019 2945 2085 irgendwie ähnlich und die Verfasser werden nicht mude, diese
2980 2060 3287 2127 einzigen Nachtt
1817 2072 2953 2135 Aehnlichkeit von Fall zu Fall aufzuzeigen, um an ihr den
2988 2108 3301 2172 lichkeit, aber d
1824 2117 2948 2188 Gegensatz von Wien und Berlin stets aufs neue zu erörtern.
2984 2155 3293 2219 lungen und ihr
1824 2165 2936 2231 Kleist und Grillpaxzer, Mozart und Lessing, Makart und
3074 2206 3301 2277 Stichhältige
1823 2210 2953 2267 Menzel, das sind so ein paar Beispiele für die vielen, die die
1813 2254 2954 2328 Autoren, bis in die jüngste Gegenwart hinein, sinnreich an¬
2978 2244 3285 2323 wohl nicht sog
2998 2301 3304 2372 asser der Weltg
1821 2307 2947 2376 einanderreiben. In manchen Fällen treffen sie den Nagel auf
1820 2355 2937 2418 den Kopf so zum Beispiel wenn sie die Behauptung auf¬
2988 2355 3280 2417 in dem sie fühl
2994 2395 3281 2461 bekanntlich Sch
1833 2404 2947 2465 stellen, daß die Romantik in Berlin goctheisch, in Wien
2980 2443 3295 2512 Napoleon geschla
1821 2446 2952 2515 katholisch gerichtet war; in anderen, wo sie den kat gorischen
1827 2493 2945 2553 Imperativ Kants demjenigen Bauernfelds entgesenstellen,
2979 2495 3303 2559 und der preußis
1817 2541 2945 2605 iun sie Wien entschieden unrecht. Mag auch Berlin die Stadt
2987 2539 3303 2609 von Leipzig aus
1823 2591 2938 2652 der Philosophie, im Gegensatz zu Wien, der Stadt der Musik,
2983 2591 3265 2653 Schwarzenberg
1822 2638 2951 2704 sein, so hieße es doch ebenso sehr, Berlin nahetreten, wenn
2981 2636 3282 2700 Schulbeispiel ös
1820 2692 2946 2744 man  für völlig unmusikolisch hielte, wie es Wien ver¬
2984 2681 3302 2748 Seelenruhe eines
1825 2730 2969 2777 uugumpfen heißt, wenn man es für gänzlich unphilosophisch¬
2975 2731 3276 2794 weiß. Das „es
1810 2785 2954 2838 erklärt. In dieser Richtung aus einem Lustspiel, das mt dem
2984 2777 3302 2843 darin vorweggen
1828 2823 2956 2881 kantischen Begriffe scherzt, irgendweiche Schlüsse zu ziehen,
2980 2825 3269 2893 ment aufgelöst,
1825 2868 3303 2936 ist durchaus unangebracht, und wenn es erlaubt wäre. son soohen erinnert
