3344 4000
1292 127 1709 227 box I/11
275 137 1103 234 10. Leutnant Gust
1421 643 1498 683 —
583 641 1641 728 Leutnant Gustl. Von Arthur Schnitzler.
515 693 1636 776 Illustriert von M. Coschell. (Berlin, Verlag S. Fischer.
519 743 632 801 1901.
587 767 1643 862 Eine „Novelle“ hat Schnitzler den Prosamonolog ge¬
512 836 1642 905 nannt, den er vom 13.—17. Juli 1900, also in vier
519 874 1643 947 Tagen, hinschrieb. Dem Inhalte nach ist es eine Offi¬
515 921 1646 989 zierstragödie. Freilich, dicht vor der Katastrophe wird
519 971 1640 1031 noch glücklich abgeschwenkt. Leutnant Gustl braucht sich
444 972 497 1025 F
511 1013 1631 1077 nicht totzuschießen, wie er es diese ganze schreckliche
504 1049 1636 1118 Nacht hindurch für seine Pflicht gehalten. Denn am Mor¬
461 1111 1628 1166 gen erfährt er, daß der dicke, starke Bäckermeister, der
458 1135 521 1189 „
515 1150 1626 1206 ihn beim Hinausgehen aus dem Konzert ganz leise einen
508 1196 1633 1258 „dummen Buben“ genannt hatte und der nun allen Leuten
399 1216 479 1272 Abo
519 1236 1628 1295 erzählen könnte, daß Gustl nicht im stande war, ihn so¬
525 1270 1624 1340 ort niederzustechen, denn er hielt mit eiserner Faust die
503 1321 1628 1385 Hand und den Degengriff des Leutnants umklammert,
575 1361 1618 1428 daß dieser fatale Bäckermeister beim Nachhauseweg
406 1387 474 1442 Inn
505 1409 1611 1467 einem Schlaganfall erlegen ist. „Also doch eine Novelle“
403 1435 477 1479 b13
566 1447 1615 1519 sagt der Leser. Ja, nur nicht in der Form. Nichts
397 1473 469 1527 woll
506 1492 1626 1560 wird erzählt. Nie ergreift der Verfasser das Wort.
402 1510 464 1558 des
499 1537 1619 1605 Jedes epische Moment ist mit sauberer Technik in den
393 1547 474 1608 werd
495 1578 1614 1648 Monolog des Leutnants hineingewirkt. Und dieser Mono¬
494 1623 1628 1692 log, im Konzert anhebend, das der Leutnant mit einem
498 1672 1616 1735 geschenkten Billet besucht und in dem er sich schier zu
498 1712 1623 1778 Tode langweilt, ist das wundervollste anatomische Prä¬
491 1755 1623 1820 parat einer österreichischen Leutnantsseele. „So seht ihr
492 1795 775 1856 inwendig aus
854 1809 1610 1869 scheint der Dichter dem Durchschnitt
493 1841 1613 1912 dieser Herren zuzurufen; er weiß natürlich, daß es auch
498 1888 1623 1954 andere giebt, bessere und schlechtere, gescheitere und
495 1936 1610 1990 noch dümmere als sein Leutnant Gustl. Aber offenbar
482 1973 1606 2043 stellt Gustl den häufigsten Typus vor. Zu diesem Typus
481 2021 1614 2082 gehört wahrscheinlich auch der Widerspruch von Seite 32
496 2068 1616 2129 und Seite 80. Auf Seite 32 sagt sich Gustl, er müsse
495 2105 1604 2176 sich töten, auch wenn der Bäckermeister, der ihn beschimpft
483 2150 1617 2206 hat, diese Nacht noch sterben sollte und also niemand von
481 2195 1609 2263 der Geschichte erführe. Denn: „Ich weiß es . . . und ich
477 2234 1605 2296 bin nicht der Mensch, der weiter den Rock trägt und den
485 2280 1431 2350 Säbel, wenn ein solcher Schimpf auf ihm sitzt!
1545 2295 1613 2355 So
478 2320 1609 2396 muß ich es thun, und Schluß!“ — Auf Seite 80 hingegen
481 2370 1608 2436 denkt er nicht mehr von fern an diesen Zwang im eigenen
476 2412 1602 2467 Gewissen. Der Bäcker, der einzige Zeuge seiner Beschim¬
464 2458 1602 2519 pfung, ist tot. Also — juhe! weitergelebt. Auf den
477 2504 1597 2566 Abend bestellt er sich seine Stephanie und vorher noch, um
468 2551 1593 2614 4 Uhr nachmittags, hat er ein Säbelduell mit einem Dok¬
465 2583 1605 2663 tor. Den wird er „zu Krenfleisch“ zusammenhauen, er
463 2632 963 2696 ist so gut aufgelegt dazu.
522 2680 1590 2745 Der Monolog durchläuft alle möglichen Stimmungen
467 2722 1592 2787 und Gemütszustande. Im Anfang wirkt die wahrhaft
461 2757 1591 2830 klassische Verachtung des Leutnants für die Konzertlang¬
467 2805 1598 2874 weilerei höchst belustigend, auch seine Reminiscenzen an
459 2848 1586 2921 ein Souper bei einer reichen jüdischen Bankierfamilie
464 2889 1593 2960 und die Ausbrüche seines unverfälschten, aber doch mehr
463 2939 1583 3007 nur konventionellen Antisemitismus machen den Eindruck
464 2977 1579 3049 einer fröhlichen Satire. Nachher wird die Sache bäng¬
465 3021 1576 3088 licher. Der arme Fuchs sitzt im Eisen und man fürchtet,
455 3063 1579 3136 es werde ihn erwürgen. Man kann dem Lentnant näm¬
466 3110 1581 3183 lich bei all seiner Thorheit nicht ganz gram werne. Er ist
455 3153 1575 3225 ja nicht das Produkt seines freien Willens. Daß Schnitz¬
457 3200 1572 3280 ler dieses Menschliche so herausgebracht hat, das seinem
479 3260 1611 3324 Helden unsere Sympathie gewinnt, ist der Hauptbeweis
483 3313 1612 3374 dichterischer Genialität, die er in diesem psychologischen
476 3353 867 3426 Essay gegeben hat.
1687 1062 1755 1114 usif
1675 1106 1743 1150 rto
1674 1141 1741 1197 Uba
1686 1189 1748 1251 Draf
1672 1251 1721 1306 ist
1678 1298 1728 1346 es
1633 1413 1724 1474 Itend
1635 1462 1750 1518 OFgC
1637 1500 1746 1554 Zeitun,
1649 1543 1754 1593 eLeh
1640 1580 1751 1640 eilung
2407 695 2775 764 Telefon 12801.
1950 804 3225 874 Alex. Weigl's Unternehmen für Zeitungs-Ausschnitte
2950 860 3102 926 Ausschnitt
2275 878 3224 1000 „OBSERVER“ Nr. 47
1934 934 2107 1028 942 —
1871 1033 3283 1080 I. österr. behördl. conc. Bureau für Zeitungsberichte u. Personalnachrichten
2058 1083 3125 1161 Wien, IX/, Türkenstrasse 17.
2227 1166 2928 1245 — Filiale in Budapest: „Figyelé“ —
1875 1239 3280 1290 Vertretungen in Berlin, Chicago, Genf, London, Newyork, Paris, Rom, Stockholm.
1884 1356 2364 1432 Ausschnitt aus:
2585 1407 3043 1499 mer Borsencolj
2199 1465 2675 1591 4J4.%
1893 1503 2040 1575 vom
2347 1779 2790 1868 Deue Bücher.
2078 1846 3047 1912 Ein neuer Roman „Tantalus“ von Alfred
2014 1874 3050 1940 [Friedmann ist in Kürschner's Bücherschatz (Ver¬
2049 1937 3043 1990 lag Hermann Hilger, Berlin) erschienen. Derselbe
2050 1978 2724 2050 spielt in Perugia, Rom und Berlin.
2103 2051 3047 2123 Im Verlage von S. Fischer Berlin erscheint
2046 2104 3049 2173 soeben eine neue anziehende Schöpfung Arthur
2798 2149 3048 2204 mit einund¬
2050 2146 2798 2203 Schnitzler's: „Leutnant Gustl“
2053 2182 3044 2240 zwanzig Illustrationen von M. Coschell. Arthur
2061 2236 3044 2284 Schnitzter hat hier das Charakterbild eines jungen
2055 2272 3056 2326 österreichischen Leutnants, wie es sich in einem kritischen
2054 2314 3043 2366 Augenblick seines Lebens offenbart, zu erfassen gesucht
3091 2336 3246 2390 inclusive
2009 2355 3035 2421 1 und, im Rahmen eines tragikomischen Erlebnisses
3109 2380 3222 2429 Porto.
1990 2403 2027 2446 2
1921 2384 1970 2457 1
3089 2412 3227 2469 Zahlbar
2056 2416 3041 2481 dieser Figur mit einer gewissen überlegenen Iront
1998 2439 2039 2484 50
3066 2456 3251 2526 im Voraus.
2061 2461 2357 2537 Gestalt gegeben.
1927 2453 1984 2552 n
3060 2513 3283 2588 itte ist das
2111 2522 3038 2601 Als vierter Band-des zehnten Jahrgangs der Ver¬
1894 2556 2035 2625 Abonnen
3060 2573 3275 2628 steht es den
2064 2579 2619 2630 öffentlichungen des „Vereins
2614 2585 3047 2643 der Bücherfreunde“
1882 2614 2036 2668 Abonnen
3062 2617 3140 2671 ern.
2069 2625 3044 2688 Geschäftsleitung: Alfred Schall, königl. Hofbuchhand¬
2057 2672 3044 2729 lung) Berlin W. 30, erschien soeben: Hans
2008 2697 2047 2743 D
3048 2683 3277 2753 nthaltend die
2061 2708 3038 2772 Holbein der Jüngere von Professor Dr. I. W.
1889 2733 2049 2789 Inhaltse
3083 2741 3286 2793 Morgen¬
2063 2751 3036 2813 Stio Richter. Umfang 22 Bogen. Der durch seine
3063 2780 3270 2832 er Zeitung“
2050 2786 3033 2844 historischen Erzählungen aus den verschiedensten Ge¬
1890 2818 2039 2869 wodurch
3061 2812 3281 2869 ftliche Leben
2057 2825 3044 2879 bieten der vaterländischen Geschichte bekannte Autor
3055 2859 3278 2924 Mittheilungen
1902 2857 2029 2909 des In¬
2056 2865 3050 2923 schildert den berühmten Maler Hans Holbein den
1901 2894 2034 2953 werden
2048 2906 3046 2965 Jüngeren von den frühen Tagen der Kindheit an bis zum
2046 2952 3050 3009 vorzeitigen Tod.. Holbein's berühmte Werke, seine
2053 2985 3042 3051 künstlerische Eigenart, sein Privatleben, seine per¬
2040 3024 3043 3085 sönlichen Beziehungen zu bedeutenden Zeitgenossen und
2052 3069 3046 3132 schließlich auch die politischen und die culturellen Zu¬
2046 3111 3047 3167 stände seiner Zeit werden in fesselnder, historisch treuer
2050 3150 3048 3215 Weise dargestellt. Die sechs recht guten Bilder geben
2040 3193 3045 3267 dem Beschauer einen deutlichen Begriff von Holbein's
2038 3235 2489 3302 hervorragendem Talent.
