3296 4096
226 160 1062 249 10. Leutnant Gustl
1248 157 1643 257 box 1/12
364 230 1082 284 „0
2219 903 2315 987 240
1180 905 2023 994 Schnitzler and the Military Censorshiß
1172 987 2311 1069 Gleichzeitig haben Sie sich schriftlich zu recht¬
885 996 1177 1083 tisch sind.
883 1061 2320 1124 fertigen, warum Sie dem Res. Befehle, Nr. 3, welcher am 4.
876 1114 2313 1172 d.M. rekommandiert an Sie abgesendet wurde, bis zu dem am
869 1162 2097 1235 6. d.M. gestellten Termine nicht nachgekommen sind.
957 1248 2314 1321 Schnitzler considered an answer superfluous and did not
879 1323 2314 1388 reply. Several weeks later he was notified by the “ Ehren¬
878 1377 2326 1445 rätlicher Ausschuß der Landwehroffiziere und Kadetten in
878 1435 2176 1503 Wien'’ that proceedings had been instituted against him:
1627 1493 2246 1608 Wien am 24. Jänner 100f
958 1580 2317 1647 Das k.k. Landwehrtruppendivisionskommando hat mit Be¬
883 1645 2310 1706 fehlschreiben vom 11. Jänner l.J. die ehrenrätliche Vorver¬
880 1678 2325 1762 handlung gegen Sie angeordnet. Hiervon werden Herr Oberarzt
893 1746 2320 1802 verständigt und gleichzeitig aufgefordert Mittwoch d. 30. Jänner
893 1798 2313 1858 I.J. 0 Uhr vorm. vor dem ehrenrätlichen Ausschuß für Land¬
886 1846 2308 1910 wehroffiziere und Kadetten Wien (Siebenbrunneng. 37, Land¬
895 1897 2311 1972 wehrkaserne) Dienstzimmer des l. BO. K. einzufinden. Ad¬
881 1945 1552 2032 justierung: Rock und Kappe.
1842 1973 2230 2070 Bruneweki, Obl.“
954 2092 2318 2165 Schnitzler was undecided whether to obey this summons.
887 2141 2318 2215 His friend Burckhard warned him that although they had no
886 2211 2322 2274 legal authority to compel him to appear, nevertheless, it was
881 2270 2313 2341 not impossible in Austria that they might send a military patrol
884 2330 2319 2389 to fetch him. Under no circumstances should he appear in
882 2381 2319 2444 uniform. Burckhard agreed it would be advisable for Schnitzler
889 2440 2330 2508 to give him some valuable papers for safekeeping in case his
887 2502 2324 2579 house sbould be searched. With his friend’s approval Schnitzler
877 2561 1521 2647 finally answered as follows:
972 2649 2325 2730 “Ich nehme zur Kenntnis, daß gegen mich eine ehrenrätliche
891 2713 2330 2767 Vorverhandlung angeordnet ist. Da ich im Sinne des § 62 des
890 2763 2324 2817 Wehrgesetzes in militärischer Hinsicht dermalen nur jenen
893 2807 2319 2879 Beschränkungen unterworfen bin, die für die Evidenzhaltung
886 2863 2322 2923 erforderlich sind, kann ich die an mich gerichtete Voriadung am
892 2917 2310 2979 30. Jänner behufs Einvernahme zu erscheinen nur dahin ver¬
888 2973 2320 3028 stehen, daß mir Gelegenheit zur Aufklärung oder Verteidigung
883 3015 2322 3087 eröffnet werden soll. Ich gedenke jedoch von diesem Rechte
886 3064 2315 3135 keinen Gebrauch zu machen und erkläre mich daher einver¬
899 3111 2318 3179 tanden, daß jenes ehrenrätliche Verfahren, von dessen Ein¬
896 3166 2321 3231 leitung ich mit Zuschrift etc. etc. verständigt wurde, ohne
889 3220 1876 3295 meine Einvernehmung durchgeführt werde.
