3204 4128
2275 157 2688 239 Telefon 12801.“
161 173 1034 256 10. Leutnant Gustl
2601 224 2708 291 —
1186 181 1585 296 box 1/9
348 214 1115 300 — — Ca ada  ASL L
1819 259 3162 373 Alex. Weigl's Unternehmen für Zeitunge-Ausschnitte
2816 347 3031 418 Auzschaitt
2141 379 3165 508 „OBSERVEN Nr. 44
1746 469 3193 564 L. österr. behördl. conc. Bureau für Zeitungsberichte a. Personalnachrichten
1938 539 3036 649 Wien. IX/,, Türkenstrasse 17.
2133 621 2948 723 — Filiale in Budapest: „Figyel““ —
1809 634 1985 730 106
1662 618 1833 771 900
1804 684 3193 774 ertretuhgen in Berlin. Chicago, Genf, London, Newyorz, Paris, Rom, Stockholm.
659 769 1089 872 Telefon 12801.
1741 791 3056 939 Ausschnitt aus: Flguro, Wien
212 862 1566 970 Alex. Weisl’s Unternehmen für Zeitungs-Ausschnitte
1207 936 1427 1010 Aussennitt
1738 905 2326 1062 vom 19 97
101 904 463 1085 Mupit
2083 993 2142 1085 6
528 979 1565 1102 „OSSERVEN Nr. 68
156 1073 1623 1179 I. österr. behördl. conc. Bureau für Zeitungsberichte u. Personalnachrichten
2146 1127 2311 1224 S
335 1148 1446 1254 Wien, IX. Türkenstrasse 17.
2033 1184 2398 1290 Stoßseufzer.
555 1228 1246 1329 Filiale in Budapest: „Figyel““ —
1882 1234 2517 1351 Der Jederbusch am Hut.
154 1313 1601 1393 Vertretungen in Berlin, Chicago, Genf, London, Newyora, Paris, Rom, Steckholm.
1883 1297 2544 1403 Das war (o schön, so gut
1878 1347 2494 1443 And gar das Porteepée.
1875 1384 2495 1490 Ach Hott — Herrjemineß.
152 1424 692 1529 Ausschnitt aus:
1875 1446 2483 1547 Aun ist's vorbei, vorbei
1874 1497 2412 1591 Mit dieser „Liebelei“.
2539 1523 2781 1605 Tient. Gustl.
2137 1557 2285 1608 #.# 6.—
839 1536 1488 1642 Breslauer Zeitung
157 1556 860 1677 27/677 0I
2078 1641 2155 1728 1000
1478 1761 2777 1838 leicht auch an mir ein Exempel statuirt werden, gleichwie an dem un¬
549 1713 1175 1909 Feuilleton.
1482 1827 2774 1895 seligen Arthur Schnitzler, der durch eigene Schuld um die Charge
1150 1852 1450 1951 Nachtruck verberen
1495 1876 2801 1953 gekommen ist, dessen Namen kein österreichisches Heldenbuch, alias
1490 1925 2779 1980 Militärschematismus verkünden wird. Das Schicksal des Aufors
1482 1969 2778 2039 von „Leutnant Gustl“ hat hier viel Staub aufgewirbelt, und die
635 1957 1086 2057 Wiener Brief.
1479 2020 2775 2078 Leihhibliotheken können nicht genug Exemplare dieses Werkes auf¬
265 2036 1495 2119 In die Herrschaft über das Wiener Vergnügen theilen sich die
1493 2059 2769 2122 stellen. Ein Bekannter von mir, der freilich aufzuschneiden pflegt,
223 2065 1484 2152 Fürstin Pauline Metternich und Herr Gabor Steiner. Winter¬
1492 2103 2769 2168 behauptet sogar, die militärehrenräthliche Reklame habe dazu ge¬
231 2149 1489 2208 önigin ist „unsere Pauline“, Sommerkönig unser Gabor, der
1492 2147 2781 2221 führt, daß fünf „Leutenant Gusils“ von begüterten Litteratur¬
223 2194 1488 2253 rührige" Direktor Steiner, wie er im altgewohnten Reklamestil
1499 2196 2776 2247 Mäcenen angelauft worden seien. Das dürfte sich allerdings als
216 2232 1497 2304 obpreisend geheißen wird. Stößt man in den Spalten einer
1495 2244 2779 2313 Uebertreibung herausstellen, aber so viel ist richtig, daß unsere jungen
214 2271 1501 2345 Wiener Zeitung auf das Wort rührig, so kann man tausend gegen
1485 2272 2765 2342 Litteraten sich krampfhafte Mühe geben, zunächst einmal militär¬
210 2334 1490 2397 eins darauf wetten, daß von dem Schöpfer „Venedigs in Wien“ die
1487 2335 2764 2396 tauglich zu werden. Kein Regiments=Ehrennath kann füglich ver¬
208 2370 1492 2439 Rede ist. ... Die göttliche Pauline, diese gutherzige, auf das Ver¬
1495 2382 2785 2463 halten werden, sich zu Gunsten simpler Civilisten unsterblich zu
204 2424 1485 2492 gnügen ihrer Wienerischen Mitnenschen bedachte Greisin, hat uns
1493 2424 1713 2486 blamiren.
204 2456 1500 2521 bisher die weiße und die cothweiße Redoute beschert. Gabor
1547 2455 2772 2520 Ein Mann dürfte übrigens von der Kunde, daß man das
198 2495 1491 2572 Steiner hat bewiesen, doß er an schöpferischer Erfindungskraft
1488 2489 2774 2588 österreichische Offizierscorps der Ehre verlustig erklärt hat, Arthur
200 2549 1497 2619 unseter winterlichen maitresse de plaisir nich: nachsteht. und riesen¬
1482 2553 2763 2634 Schnitzler in seiner Mitte zu haben, nicht unangenehm berührt ge¬
192 2607 1494 2671 große Plakate laden und locken zu den üppigen Genüssen einer blauen
1488 2602 2771 2683 wesen sein. Das ist der Burgtheaterdirektor Dr. Schlenther.
166 2645 2764 2709 Repoute, die dieser Tage im englischen Garten unten im Prater Auf die Dauer i“ 3 nicht gerade angenehm, den Vorwurf, die erste
181 2686 2764 2770 stattfinden soll. Da das Farbenprisma noch lange nicht erschöpft deutsche Bühne der Litteratur zu entfremden, mit der stammelnden
248 2736 306 2802 st
278 2751 2761 2796 haben wir glücklichen Wiener auf längere Zeit hinaus aus= Entschuldigung zu beantworten der Theaterkassirer halte „Flachs¬
210 2789 2764 2837 gesorgt. Wir werden all unsere tolle Lebenslust austoben und aus= mann als Erzieher“ für ein ausgezeichnetes Stück. Jetzt hat Herr
205 2837 2765 2912 tellen können. Wenn nur diese Sommerfeste nicht einen gar so Schlenther im Nachhinein Recht bekommen. Der schlaue Mann
199 2873 2769 2934 kitzenjämmerlichen Leichenbitter=Eindruck machen möchten. Ich wußte, warum er Arthur Schnitzler vor den Kopf stieß unv den
2470 2921 2535 2973 10
202 2931 1486 2986 weiß nicht, ob auch Sie, entzückter Breslauer Leser, von der elften
1481 2928 2761 3003 Schleier der Beatrice" entgegen seinen ursprünglichen Ver¬
196 2964 1489 3041 kayptischen Plage, der Coriandoliplage, heimgesucht sind. Sollte
1483 2979 2760 3055 sprechungen nicht aufführte. Er hatte eine Ahnung, was da
204 3011 1487 3085 das nicht der Fall sein, so danken Sie dem Schöpfer, daß der
1483 3017 2760 3076 kommen würde. Das Burgtheater bedarf keiner Dichter, die der
201 3049 1484 3126 frührige u. s. w. Steiner „unser“ ist. Man muß so ein Wiener
1487 3068 2764 3137 Charge entkleidet sind, und ihre uniformlosen Blößen nothdürftig
192 3098 1486 3175 Coriandoliwerfen einmal gesehen haben: In der Allee des englischen
1486 3118 2760 3168 mit Talent und Begabung decken. Uebrigens hat just Herr
201 3140 1485 3220 Gartens schreiten die Leute gemessenn Schrittes, stumm, tiefelnst,
1483 3158 2764 3232 Schlenther gezeigt, daß die österreichischen Behörden vorurtheilslos
194 3188 1478 3262 mit gramverbissener Miene an einander vorüber. Sie halten
1482 3198 2765 3270 sind, und der freien Kritik keine Schranken setzen. Sie lassen es zu,
208 3242 1488 3313 Papiersäckozen in der Hand, aus denen sie mit vollen Händen die
1482 3250 2752 3326 daß die Uebergriffe der Justiz von der Buratheaterbühne herab ge¬
205 3281 1482 3355 vielfarbigen Schnitzel hervorholen, um sie sich gegenseitig mit wort¬
1481 3304 2758 3356 geißelt werben, nur muß es, wie in der „Rothen Robe“ die fran¬
203 3328 1663 3407 losem düsterem Grimm ins Antlitz zu werfen. Ist aber die bacchan= zösische
1696 3349 2758 3408 stiz sein. Sie haben Nichts dagegen, daß die Schatten¬
200 3376 1483 3435 tische Lust auf das Höchste gestiegen, dann bleiben wohl hier und
1480 3390 1623 3450 seiten
1707 3393 2760 3471 Kilitarismus an den Bühnenprangen gestellt werden, nur
203 3428 1483 3493 vort zwei Leutchen stehen. Ein homerisches Einzelgefecht beginnt.
1474 3437 2760 3508 thut der #iklustige Autor gut, so wie es im „Rosenmontag“ ge¬
204 3470 1481 3537 Sie reden noch immer Nichts, kein unheiliges Lachen ertönt; aber sie
1478 3474 1603 3540 schieh
1725 3485 2755 3549 breußische Militär zu Demonstrationszwecken heranzu¬
202 3507 1482 3584 rücken einander an den Leib. Der Herr sucht der Dame die
1738 3531 2768 3597 e Leutnant Gustl statt im Wiener Prater im Berliner
199 3565 1479 3621 Coriandolis unter die Halskrause hineinzustopfen. Sie werden
1709 3582 2755 3638 Herumgeirrt, dann hätte Arthur Schnitzler vielleicht noch
197 3614 1471 3680 handgemein. Kopf an Kopf, Brust an Brust wird weiter gekämpft.
1689 3628 2764 3677 Eluftrag erhalten, für ein Offiziersrennen einen Prolog
206 3649 1457 3726 Ohne Erbarmen und ohne —— Grazie. So lange eben die Munition
1672 3669 2760 3758 e ja, wir wollen es nicht einmal verschwören, ob er nicht
204 3697 2559 3772 reicht. Unsere Leutnants thun sich bei diesen Coriandoligefechten viellelcht zum Stabsarzt befördert worden wäre.
202 3742 587 3819 besonders hervor.
267 3777 1493 3851 Aus dem vorstehenden Satz dürften Sie erkannt haben, daß ich.
197 3828 1481 3901 nicht der Ehre theilhaftig bin, mich als Regimentsarzt im Verhälte
204 3883 1481 3971 nisse der Evidenz bezeichnen zu dürfen. Andernfalls würde viel¬
