3228 3941
528 -66 1028 31 ——
1027 -29 1166 67 24513
1608 -1 2832 80 Mirvienat
89 -3 831 65 Fint alle bisherigen Apparale.
78 25 1159 115 ren sowol Kesselstein als angebraunten Ruß, ohne dieselben zu beschädigen.
1212 55 2984 152 Schuhwichse, beste Wichse der Welt, gibt schnell tiefschwarzen Glanz und erhält das Leder dauerhast.
85 92 1208 139 Has-Unternehmung. Wien, IX I. Kolingasse Nr. 3. Telepden #n## 1.
1208 125 2984 182 (Gegründet 1832. Fabriksnieverlage: Wien, I., Schulerstraße Nr. 21. Ueberall erhallich
84 215 651 285 #e lang' werd' ich denn da
648 224 1814 276 heißt, bleibt sich gleich —— Und die schönsten Operetten
1808 216 3000 298 scheiden, so anspruchslos, wie die war — die hat mich
90 258 654 333 muß Mitternacht vorbei
644 272 1814 339 kenn' ich auch — und im „Lohengrin“ bin ich zwölfmal
1808 269 3003 352 gern gehabt, da könnt ich d'mauf schwören — doch was
94 310 537 380 er schlagen hören?
645 310 1812 383 d'rin gewesen — und heut' Abends war ich sogar bei
1819 316 2408 391 ganz Anders als die Steffi.
2443 313 3003 395 .. Ich möcht' nur wissen,
113 343 648 430 Wagen fährt da? Um
633 355 1814 419 einem Oratorium — und ein Bäckermeister hat mich einen
1814 366 3013 448 warum ich die aufgeben hab' ... so eine Eselei! Zu
90 399 611 470 ann mir schon denken...
640 404 1824 480 dummen Buben geheißen — meiner Seel', es ist
1807 412 3009 475 sad ist es mir geworden, ja — das war das Ganze. ...
542 448 632 500 cs
227 447 566 514 vielleicht ist
640 446 1800 513 g'rad' genug! — und ich bin gar nimmer neugierig. ...
1816 454 2961 517 So jeden Abend mit ein und derselben ausgeh'n ...
134 482 637 558 .: Warum soll's g'rad'
711 504 1571 558 Also geh'n m'r nach Haus, langsam. .
1579 507 1809 565 Eile hab'
1801 503 3007 578 dann hab' ich eine Angst g'habt, daß ich überhaupt
81 526 641 607 r zu! — Ein hübsches
637 537 1822 621 ich ja wirklich keine — noch ein paar Minuten ausruhen,
1807 561 3013 618 nimmer loskomm — eine solche Raunzen —.— Na, Gustl, —
88 572 381 645 ysl gehabt.
358 578 648 654 .. mit dem
641 594 1818 666 da im Prater, auf einer Bank, obdachlos — ins Bett
1818 602 3002 652 hättest schon noch warten können — war doch die Ein.
99 632 642 704 Uinterg'fahren zu der Rosen¬
642 631 1819 714 leg' ich mich ja doch nimmer — hab' ja Zeit zum Aus¬
1809 645 3007 718 zige, die dich gern gehabt hat. . .. Was sie jetzt macht?
89 672 645 750 e. Hoheit — ein echter
646 680 840 763 schlafen
940 676 1814 760 Ah, die Luft! die wird mir abgeh'n....
1818 689 3016 773 No, was wird s’ denn machen? Jetzt wird sie halt einen
103 722 645 797 und Du ... war doch
720 738 1815 810 Was ist denn? — He, Johann, bringen S' mir ein
1816 744 3029 808 Andern haben. . .. Freilich, das mit der Steffi ist be¬
111 781 175 842 nd
153 781 649 840 war trostlos und im
644 756 1817 847 frisches Glas Wasser. ... Was ist? Wo? ... Ja,
1804 792 3006 854 quemer — wenn man nur gelegentlich engagirt ist und
162 822 643 895 an einem Nachmittag
634 814 1087 907 träum' ich denn?..
1124 836 1817 914 Mein Schädel ... o Donner¬
1813 830 3002 908 ein Anderer hat die ganzen Unannehmlichkeiten, und ich
89 843 642 944 istich getroffen worden ...
640 860 1818 948 wetter ... Fischamend ... ich bring' die Augen nicht
1815 888 3000 957 hab' nur das V## igen ... ja, da kann man auch
94 906 1781 997 em Zug — ein so ver= auf! — Ich bin ja angezogen! — Wo sitz' ich denn ? —
1816 939 3000 1012 nicht verlangen, den sie auf den Friedhof hinaus¬
84 960 1824 1028 mittags haben wir uns Heiliger Himmel, eingeschlafen bin ich! Wie hab' ich denn
1809 976 2031 1048 kommt.
2087 980 2989 1061 Wer ging' denn überhaupt mit, wenn er
94 1005 652 1079 einmal ist plötzlich der
639 1026 1820 1098 nur schlafen können? Es dämmert ja schon! — Wie lang
1804 1030 2992 1107 nicht müßt'! — Vielleicht der Kopetzky und dann wärk
103 1058 646 1138 sich muß g'rad' geträumt
636 1070 1813 1142 hab' ich denn geschlafen? — Muß auf die Uhr schau'n.
1810 1070 1961 1139 Rest!
1939 1082 2991 1151 — Ist doch traurig, so gar Niemanden zu haben ...
127 1105 648 1170 den Säbel, der neben
1133 1123 1190 1182 *
731 1114 1088 1199 Ich seh' nichts.
1169 1120 1812 1202 Wo sind denn meine Zünd¬
1809 1125 2993 1203 aber so ein Unsinn! Der Papa, die Mama und die
93 1151 446 1225 g'schaut haben
522 1148 650 1215 der
637 1139 1429 1226 hölzeln? ... No, brennt eins an?
1472 1173 1807 1232 Drei .. und
1807 1170 2998 1229 Clara . . . no ja: ich bin halt der Sohn, der Bruder..:
92 1192 653 1269 icht — der ist jetzt schon
639 1215 1812 1279 ich soll mich um Vier duelliren — nein, nicht duelliren
1808 1214 2996 1297 aber was ist denn weiter zwischen uns? gern haben sie
123 1239 655 1323 ß ich nicht zur Cavallerie
672 1248 1810 1319 — todtschießen soll ich mich! — Es ist gar nichts mit dem
1807 1273 3006 1331 mich ja — aber was wissen sie denn von mir? — Daß
99 1287 644 1362 hat der Alte nicht wollen
637 1316 1803 1367 Duell, ich muß mich todtschießen, weil ein Bäckermeister
1809 1321 3001 1390 ich meinen Dienst mach', daß ich Karten spiel' und daß
97 1333 647 1425 gewesen — jetzt ist es ja
639 1340 1488 1426 mich einen dummen Buben genannt hat.
1558 1361 1812 1425 Ja, ist es
1812 1355 2447 1429 ich mit Menschern herumlauf'
2424 1363 2802 1432 ... aber sonst
2783 1371 3002 1432 — was
94 1393 643 1465 denn? — Ja, ich weiß
636 1380 1813 1477 denn wirklich g'scheh'n? — Mir ist im Kopf so merk¬
1805 1405 2993 1480 können sie denn sonst noch wissen? Und was wär' denn
104 1436 646 1515 ist es alleseins — sterben
636 1444 1802 1516 würdig . .. wie in einem Schraubstock ist mein Hals —
1799 1467 2994 1533 auch weiter viel aus mir geworden? — Daß mich manch¬
91 1477 644 1562 chau, Gustl, du bist doch
640 1498 1810 1562 ich kann mich gar nicht rühren — das rechte Bein ist ein¬
1809 1504 2997 1579 mal selber vor mir grauft, das hab' ich ihnen ja doch
119 1531 647 1609 gegangen, mitten in der
637 1536 1810 1605 geschlafen. Aufsteh'n! Aufsteh'n! . . . Ah. so ist es besser!
1808 1555 2992 1614 nicht geschrieben — na, mir scheint, ich hab's auch selber
113 1585 645 1660 seele stört — jetzt kannst
640 1597 1821 1667 Es wird schon lichter ... und die Luft .. . ganz wie
1806 1605 2309 1665 gar nicht recht gewußt —
2284 1589 2999 1670 — — Ah was, kommst du jetzt
206 1630 403 1699 Das ist
471 1637 650 1694 lauter
635 1637 1808 1706 damals in der Früh, wie ich auf Vorposten war und im
1806 1644 2994 1701 mit solchen Sachen, Gustl? Fehlt nur noch, daß du zum
96 1657 643 1751 ttiren, und du bist ja viel
636 1682 1816 1751 Wald campirt hab' ... das war ein anderes Auswachen
1811 1696 2226 1775 Weinen ansangst
2334 1692 2716 1767 pfui Teufel!
2690 1697 2998 1761 Ordentlichen
89 1716 642 1792 nzufangen — und wenn
667 1738 1787 1790 — da war ein anderer Tag vor mir — aber heut' — es
1811 1738 2003 1809 Schritt
2090 1719 2992 1826 so! Ob man zu einem Rendezvons geht
104 1771 643 1847 d du denkst d'’ran daß dir
646 1783 1812 1836 ist ja kein ganzer Tag mehr vor mir — um Sieben will
1806 1785 2994 1855 oder auf Posten oder in die Schlacht . .. wer hat das nur
120 1807 641 1900 iwollen und dich einen
637 1826 1811 1891 ich's ja thun. ... Mir scheint, ich glaub's noch nicht
1809 1838 2989 1921 gesagt? ... Ah ja, der Major Lederer, in der Cantin',
123 1864 640 1949 hat und du bist
636 1871 790 1939 recht.
814 1884 1706 1947 .. Vorwärts! Vorwärts! — Immer lichter.
1803 1872 2988 1965 wie man von dem Wingleder erzählt hat, der so blaß ge¬
165 1902 561 1988 thun können.
633 1911 1810 1980 Da liegt die Straße, grau, leer — ich bin jetzt sicher der
1803 1933 3002 2018 worden ist vor seinem eisten Duell — und gespieben
92 1973 1782 2025 nichts — gescheh'n ist ge= einzige Mensch im Prater — um vier Uhr Früh war i
1806 1988 3000 2038 hat. ... Ja: ob man zu einem Rendezvous geht oder
90 2008 1809 2081 Mama und mit der Claraschon einmal herunten, mit'm Pausinger — geritten sind
1811 2028 2992 2106 in den sicher'n Tod, am Gang und am G'sicht laßt sich
88 2054 651 2133 's schon verschmerzen —
626 2067 1811 2131 wir — ich auf dem Pferd vom Hauptmann Mirovic und
1799 2071 2990 2136 das der richtige Officier nicht ankennen! — Also, Gustl
81 2103 638 2178 WWie hat die Mama ge¬
1862 2145 1874 2173 —
637 2109 1825 2189 der Pausinger auf seinem eigenen Krampen — das war
1866 2125 2680 2195 der Major Lederer hat's g'sagt! ha
2754 2126 2993 2193 — Immer
83 2156 643 2233 ben ist! — Und nach vier
639 2161 1823 2229 im Mai, vorigen Jahr — da hat schon Alles geblühr —
1798 2166 2986 2254 lichter ... man könnt' schon lesen. Was pfeift denn
75 2197 358 2272 an gedacht.
377 2208 645 2279 .auf den
633 2205 1811 2273 Alles war grün — jetzt ist's noch so kahl — aber der
1804 2213 1982 2273 da?
2020 2200 2726 2289 Ah, drüben ist der Nordbahnhof
2800 2222 2993 2298 da ist
98 2233 644 2321 zuerst alle Wochen, dann
651 2254 1807 2315 Frühling kommt bald — in ein paar Tagen is. er schon
1808 2240 2993 2351 die Tegetthofffäule so lang hat sie noch nie aus¬
87 2294 640 2374 ehr am Tobestag ——
633 2291 2987 2372 da — Maiglöckerln, Veigerln — schad', daß ich nichtsg'schaut. Da drüben stehen Wagen. ... Abe:
106 2336 641 2418 fünfter April —— Ob
637 2359 1815 2415 mehr davon haben werd' — jeder Schubiak hat was da¬
1804 2339 2989 2428 nichts als Straßenkehrer auf der Straße . . . meine letzten
114 2385 638 2460 Haha! da werden die
636 2399 1809 2453 von und ich muß sterben! Es ist ein Elend! Und die
1812 2409 2993 2474 Straßenkehrer — hai muß immer lachen, wenn ich dran
95 2433 649 2515 haben! — Aber das geht
642 2445 1951 2509 Andern werd'n im Weingartl sitzen beim Nachtmal, als denk'
2022 2460 2989 2529 das versteh' ich gar nicht. ... Ob das bei
79 2493 650 2558 n sich die Anderen den
639 2489 1295 2550 wenn gar nichts gewesen wär'
1357 2494 1811 2565 so wie wir Alle im
1800 2496 2988 2587 allen Leuten so ist, wenn sie's einmal ganz bestimmt
86 2534 642 2611 s geht mich denn eigent¬
631 2530 1812 2601 Weingartl g'sessen sind, noch am Abend nach dem Tag.
1809 2551 2986 2621 wissen? Halb Vier auf der Nordbahnuhr... jetzt
89 2586 642 2654 rtsechzig Gulden für der
639 2588 1495 2658 wo sie den Lippay hinausgetragen haben
1586 2590 1812 2652 und der
1809 2595 2991 2685 ist nur die Frage, ob ich mich um Sieben nach Bahnzeit
93 2622 645 2700 er brauch' ich keine Ver¬
634 2628 1811 2708 Lippay war so beliebt ... sie yab'n ihn lieher g'’habt als
1799 2639 2501 2722 oder nach Wiener Zeit erschieß'.
2594 2647 2803 2714 Sieben
89 2675 645 2737 keiben? Wozu denn? An
639 2671 1820 2752 mich, beim Regiment — warum sollen sie denn nicht im
1807 2675 2292 2761 warum grad Sieben?
2358 2671 2994 2769 Als wenn's gar nicht anders
93 2729 252 2794 men?
229 2731 640 2793 — Ja zum Teufel
639 2729 1816 2796 Weingartl sitzen, wenn ich abkratz'? — Ganz warm ist
1808 2723 2066 2801 sein könnt'
2158 2719 2989 2803 Hunger hab' ich — meiner Seel',
93 2778 639 2846 aug, wenn man sich todt¬
638 2774 1804 2835 es — viel wärmer als gestern — und so ein Duft — es
1805 2761 2985 2858 ich hab Hunger — kein Wunder . . . seit wann hab' ich
103 2815 648 2897 Anderen schon, daß man
633 2821 1164 2892 muß doch schon blühen.
1212 2814 1812 2895 Ob die Steffi mir Blumen
1801 2833 2564 2911 denn nichts gegessen? . . . Seit —
2552 2838 2995 2911 seit 6 Uhr Abends
82 2857 646 2936 Wenn die Leut' wüßten,
639 2875 1809 2936 bringen wird? — Aber fallt ihr ja gar nicht ein! Die
1804 2883 2985 2958 im Kassechaus . . . ja. wie mir der Kopetzky das Bulet
89 2907 646 2995 te ist, möchten sie mich gar
638 2918 1811 2982 wird grad hinausfahren. . . . Ja, wenn's noch die Adel'
1801 2930 2990 2999 gegeben hat — eine Melange und zwei Kipfel — Wu¬
640 2961 778 3022 wär'
800 2969 1328 3031 .. nein, die Abel'! —
92 2952 642 3034 schad' um mich. ... Und
1306 2964 1806 3046 Mir scheint, seit zwei
1802 2983 2982 3041 der Bäckermeister sagen wird, wenn er's erfahrt? . .. Der
107 3008 642 3084 Leben gehabt? — Etwas
639 3011 1806 3089 Jahren hab' ich an die nicht mehr gedacht. . .. Was die
1801 3024 2986 3100 verfluchte Hund! — Ah, der wird wissen, warum — dem
111 3061 643 3132 : einen Krieg — aber da
634 3044 1811 3139 für G'schichten gemacht hat, wie's aus war ... mein
1801 3065 2985 3130 wird der Knopf aufgeh'n — der wird d'raufkommen, was
138 3114 2984 3178 .. und alles Uebrige Lebtag hab' ich kein Frauenzimmer so weinen geseh'n .. . das heißt: Officier! — So ein Kerl kann sich auf offener
109 3160 2998 3232 h Steffi oder Kunigunde das war doch eigentlich das Hübscheste! ... So be= Straße prügeln lassen, und es hat keine Folgen, und
