3248 4128
248 125 780 207 Ausschnitt aus:
791 126 1517 283 Die Natien, Berhn
2057 190 2461 259 Leutnant
2461 189 2724 271 Gustl
1846 184 2751 314 10. LSasLE SEEer
256 236 711 363 1016 70
1620 620 2881 722 die Herren vom Militärehrenrath Beziehung auf eine Rerih¬
445 674 1518 779 Der Dichter vor dem Ehrengericht.
1625 692 2879 762 Kritik, die in einer Tageszeitung über den „Lieutenant
1619 733 2885 813 Gustl“ erschienen ist, und werfen dem Dichter vor, daß er
465 744 1607 821 Vor kurzer Zeit durfte ich hier des Wiener Dichters
1616 786 2879 839 darauf „nicht reagirt“ habe, auf deutsch gesagt, daß der
358 807 1599 872 Arthur Schnitzler Versdrama „Der Schleier der Beatrice“
1622 825 2875 893 Dichter seinen Kritiker nicht zum Duell gefordert habe.
359 859 1616 928 anzeigen. Kurze Zeit nach dem Erscheinen dieses edlen
1617 874 2887 943 Das heißt aus dem Gesichtskreise militärischer Menschen
351 904 1615 980 Gedichtes, das in die Renaissancezeit führt, hat Schnitzler
1621 921 2887 994 angesehen: Der Mann ist ehrlos, oder doch dem Ehrenkodex
359 947 1616 1021 zwei epische Bücher herausgegeben. Das eine „Frau Berta
1614 962 2221 1039 zufolge satisfaktionsunfähig.
354 1004 1617 1048 Garlan“, ein Roman oder wenn man will, eine ins psycho¬
1723 1001 2875 1078 Diese Angelegenheit scheint mir wichtig genug, sie
347 1044 1613 1110 logische Detail gehende Novelle führt ins Leben kleiner
1610 1048 2877 1126 reichsdeutschen Lesern mitzutheilen. Auch sie gibt wieder
300 1086 1613 1156 F Leute mit engem Horizonte, in jene Winkel der Provinz,
1625 1105 2885 1155 Stoff zu einer „Anmerkung über Wiener Kultur". Ein
353 1139 1607 1193 wo die Sehnsucht nach der Hauptstadt, die als Centrum
1609 1143 1822 1206 Offizier
1842 1146 2875 1222 — die Aerzte der Armee haben natürlich diesen
353 1192 1611 1244 reich bewegten Lebens empfunden wird, rege ist, und malt
1610 1191 2883 1265 Rang — wird seiner Charge verlustig, seine Ehre also für
353 1225 1610 1297 also ein Geschick liebevoll ab, dessen Peripetie bei der geringen
1617 1243 2884 1311 alle Welt (die nicht denken kann oder will) als makelhaft
356 1278 1604 1334 menschlichen Größe der Figuren nicht heroisches Ausmaß
1609 1284 2885 1344 erklärt, und die Begründung führt zwei Thatsachen an:
362 1327 1613 1399 annehmen kann. Doch immerhin den dargestellten Menschen
1619 1333 2873 1397 Erstens den Inhalt der Novelle, zu zweit, daß der Dichter
355 1365 1609 1437 sind ihre Schicksale schwer, ihre Naturen werden aufge¬
1614 1368 2881 1442 sich ohne „loszugehen“ habe kritisiren lassen. Man stelle
349 1413 1603 1475 rüttelt, tausend Falten der Seele werden sichtbar, ein Ge¬
1616 1420 2886 1490 sich das nur vor: Ein Kritiker, der jeder „schlechten“ Kritik
352 1454 1609 1509 fühl des verzweigten, jeden noch so Geringen einmal in seine
1614 1456 2891 1541 wegen vom Autor, weil der Reserveoffizier ist, gefordert
357 1507 1608 1570 Kreise bannenden Schicksalslebens ersteht im Leser. Das
1617 1510 2884 1584 wird und weil er selbst Reserveoffizier ist, sich schlagen
348 1539 1608 1606 dichterische Werk ist also vollbracht. Und eine schöne Eigen¬
1613 1561 2886 1638 muß. Blut für Tinte! Allein die Sache scheint nur
355 1592 1613 1664 schaft dieses Buches ist die Liebe, mit der vom Dichter den
1611 1603 2875 1671 heiter; sie ist ernster, wenn man bedenkt, daß die große
352 1638 1619 1712 leisen Regungen kleiner Menschen liebevoll nachgegangen
1609 1649 2876 1714 Mehrheit der österreichischen Schriftsteller dem Offizierstande
355 1686 1612 1748 wird. Diese Qualität theilt der Roman „Frau Berta
1611 1701 2884 1765 in der Reserve angehört. Ich muß aufrichtig gestehen, daß
344 1729 1604 1782 Garlan“ mit einer Novelle „Lieurenant Gustl“, die (eben¬
1611 1741 2875 1811 mir in dieser Begründung weit mehr Gefahr für die
353 1773 1611 1847 falls in Berlin bei S. Fischer) jetzt erschienen ist. Auch
1614 1791 2871 1856 litterarische Freiheit und Rechtssicherheit zu liegen scheint,
351 1821 1605 1885 hier treibt Schnitzler Psychologie, bethätigt eine minutiös
1611 1822 2888 1900 als in der Thatsache einer Chargenentziehung wegen einer
344 1865 1604 1936 ins Detail gehende, also analythische Phantasse. Der Ge¬
1614 1875 2871 1945 Novelle mit militärischem Sujet. Ich verkenne gewiß die
342 1912 1608 1975 dankengang, Gefühlswechsel, ja jede noch so geringe Stim¬
1616 1925 2880 2000 Einengung des Dichterrechtes nicht, die in der mißverständ¬
344 1960 1614 2037 mungswandlung in einer bestimmten Lebensphase eines blut¬
1612 1976 2885 2048 lichen und vor allem mißzuverstehenden Judikatur selbst
342 2005 1605 2070 jungen Lieutenants wird hien notirt, in jener Stunde, da
1609 2012 2866 2074 liegt; allein dennoch scheint mir hier nur ein immerhin an¬
347 2047 1601 2110 für diesen leichtlebigen jungen Mann mit dem dünnen Blut
1616 2053 2870 2131 nehmbares Prinzip der Wahrung der Standesehre falsch,
345 2094 1599 2155 sein Schicksal gekommen zu sein scheint. Es ist vielleicht
1615 2111 2875 2184 vielleicht, —ich will es nicht glauben, gehässig ausgelegt,
342 2138 1605 2209 dem einen oder anderen Leser der Nation“ erinnerlich, daß
1610 2154 2874 2217 während durch den zweiten Punkt der Begründung quasi
340 2170 1603 2242 ich schon in meiner Anzeige des „Schleier der Beatrice" für
1614 2203 2862 2266 ein neuer Rechtsgrundsatz, eine Forde#ng ausgesprochen ist,
350 2232 1611 2301 das spezifisch Schnitzler'sche oichterische Problem erklärt habe,
1604 2245 2405 2289 die ich nicht nur unsinnig, sondern
2385 2248 2869 2332 h unserem bürger¬
342 2273 1599 2331 darzuthun, wie sich die Menschen in der schweren Stunde, da
1610 2281 2408 2361 lichen Rechte sogar unmoralisch finde.
351 2324 1615 2374 ihnen das Schicksal genaht ist, erweisen. Im „Lieutenant
1706 2341 2394 2400 Um den anderen Ausstoßungs
2450 2319 2866 2413 zu würdigen, soll
351 2370 1601 2427 Gustl“ findet man das nämliche Problem; der Lieutenant
1611 2384 2865 2440 der Inhalt des „Lieutenant Gustl“ zum#rein objektiv
336 2407 1609 2482 Gustl hat wohl nie in seinem Leben vorher eine solche
1611 2434 2859 2507 erzählt werden. Lieutenant Gustl hat ein Rencontre ge¬
349 2457 1609 2530 Stunde durchgemacht, wo ihn die Vergangenheit seines
1600 2480 2873 2542 habt; am nächsten Morgen will er sich schlagen. Das
345 2498 1602 2563 Lebens bei der Rückschau bedrängt und wo ihm die
1614 2522 2865 2578 macht ihm nicht allzuviel aus. Er ist nicht feige. Es ist
338 2554 1605 2617 Gegenwart so wichtig ist, daß er an keine Zukunft mehr
1612 2562 2869 2624 auch nicht das erste Mal. Kurz, er hat kaum mehr als
342 2586 1602 2669 glauben kann und darf. Und nach der einen Nacht, die
1605 2602 2866 2679 ein dumpfes Gefühl, und die Zeit läuft ihm nicht rasch
341 2642 1604 2708 die Schnitzler'sche Erzählung Sekunde für Sekunde ab¬
1610 2660 2874 2721 genug vorbei. Deshalb geht er ins Konzert. Die Musit
323 2682 1609 2754 Ipiegelt, wird sein Leben flüssig und unbedacht bis an die
1602 2702 2865 2764 theitt ihm nicht viel mit. Allzu rasch wechseln die Ge¬
340 2730 1603 2782 Mannesgrenze dahinlaufen und dann in die regelrechten
1601 2743 2861 2799 danken. Endlich ist es aus; bei der Garderobe entsteht ein
332 2767 1621 2858 Bahnen des besonnenen Mannes einlaufen. Die eine
1599 2788 2296 2855 Gedränge. Ein Civilist stößt.
2313 2785 2868 2865 Lieutenant Gustl sagt:
343 2823 1241 2893 Stunde aber ist das Thema des Dichters.
1606 2818 2860 2902 „Halten Sie das Maul!“ Der Civilist dreht sich jäh um.
449 2867 1600 2940 Nun gut: das Buch ist erschienen (übrigens in ganz
1603 2882 2864 2945 Lieutenant Gustl erkennt ihn, es ist ein Bäckermeister der
334 2902 1607 2968 schrecklicher Ausstattung mit kläglichen am Texte kiebenden, ihn
1608 2921 2869 3012 das nämliche Stammcafé besucht. Und ehe der Offizier
342 2954 1602 3022 ganz äußerlich kommentirenden und überdies schlecht reprodu¬
1609 2970 2873 3046 sich es versehen kann, hat der brutale und starke Mann
338 3001 1595 3072 zirten Zeichnungen), die Kritiker werden den Meister loben
1603 3015 2864 3084 im Gedränge der Leute nach Gustl's Säbel gegriffen und
336 3045 1602 3100 oder tadeln, vielleicht gibt es einen, der ihn verhöhnt —
1598 3057 2861 3134 sagt: „Herr Lieutenant, wenn Sie das geringste Auf¬
342 3088 1596 3164 ich weiß es nicht, es ist auch gleichgültig. Das souveraine
1609 3108 2860 3161 sehen machen, so zieh' ich den Säbel aus der Scheide, zer¬
343 3130 1607 3224 Publikum wird sein Machtwort sprechen das Buch in Lese¬
1601 3153 2861 3222 brech ihn und schick' die Stück' an Ihr Regimentskommando.
338 3182 1595 3253 zirkeln und Leihbibliotheken verlangen, vielleicht sogar kaufen.
1594 3197 2860 3276 Versteh'n Sie mich, Sie dummer Bub?“ — Der Monolog
339 3214 1593 3307 Das sind so die Schicksale der Bücher, die im Jahre 1901
1605 3239 2012 3311 Gustl's geht nun
2004 3252 2858 3314 weiter: „Was hat er gesagt? Mir
335 3280 1601 3332 erscheinen. Neben alledem herrscht, sollte man meinen,
1607 3281 2049 3357 scheint', ich träum'!
2037 3277 2857 3361 Red't er wirklich zu mir? Ich sollt'
335 3318 1602 3389 Friede und Eintracht auf der Erde, insolange es sich um
1606 3343 2042 3398 was antworten ...
2060 3330 2798 3411 Aber der Kerl macht ja Ernst —
329 3375 1593 3434 gute und schlechte Novellen handelt. Aber nein; es ist ein
1605 3375 2856 3459 der zieht wirklich den Säbel heraus. Herrgott — er thut's!
335 3414 1593 3478 Irrthum. Es gibt wenigstens für österreichische Dichter
1682 3440 2861 3501 Ich spür's, er reißt schon daran! Was red't er
337 3439 1591 3535 noch höhere Gewalten als Kritik und Publikum. Ich meine
1603 3466 1770 3529 denn?
1862 3475 2784 3539 Um Gotteswillen, nur kein' Skandal —
334 3508 1591 3569 nicht die wohledle Censur! die hält sich an dramatische Meister¬
1598 3519 2862 3585 was red't er denn noch immer? „Aber ich will Ihnen die
335 3551 1601 3598 werke jeglichen Kalibers. Und schließlich: Sie unterdrückt nur
1598 3569 2767 3636 Karrière nicht verderben ... Also, schön brav sein! ..
331 3595 1598 3660 das Werk oder vielmehr die Aufführung, dem Dichter wird kein
1598 3612 2795 3679 So hab'n S' keine Angst; 's hat niemand was gehört ..
334 3639 1597 3697 Haar gekrümmt. Anders hier; es muß also heraus: Herr
1602 3647 2866 3722 es ist schon alles gut .. so! Und damit Keiner glaubt, daß
338 3686 1598 3744 Doctor Arthur Schnitzler, Regimentsarzt in der Reserve
1595 3705 2865 3774 wir uns gestritten haben, werd' ich jetzt sehr freundlich mit
342 3731 1599 3802 der k. k. österreichischen Armee, ist um seines „Lieutenant
1600 3742 1882 3807 Ihnen sein!
1904 3755 2849 3807 Habe die Ehre, Herr Lieutenant, hat mich
336 3775 1587 3836 Gustl“ willen vor ein Ehrengericht citirt worden. Dann
1594 3790 2861 3861 sehr gefreut — habe die Ehre!“ Und bevor der Lieutenant
331 3815 2851 3894 hat ein Ehrenrath erklärt, ein Mann, der eine solche noch recht zu Bewußtsein gekommen ist, ist der Herr
337 3871 2857 3962 Novelle schreibt, ist nicht mehr würdig, der Armee anzu= Bäckermeister verschwunden. Nun kommt dem Offizier
332 3924 2852 3980 gehören, und dem Dr. Schnitzler werde deshalb seine Charge „ Alles zum Bewußtsein. Seine Standesehre ist verletzt.
329 3974 2861 4043 abgenommen. In der Begründung der Dearadation nehmen! Er hat sich „dummer Bub“ nennen, an den Säbel greifen
1572 4036 2854 4095 lassen — er ist verloren. Er darf als Offizier nicht weiter¬
2879 158 3262 298 box 1/9
