3204 4128
670 284 877 357 Nr. 52.
1215 486 2218 645 Satisfaction.
1747 2486 1808 2561 70
1634 2478 1705 2570 *
1352 2751 1498 2922 20
1052 3115 1123 3175 K
1281 3294 1332 3374 —
774 3376 2758 3467 Julius Bauer: Geehrter Herr! Alochen Se Ihnen nix daraus, daß Se hoben verloren das Porte diepée! Se bleiben
1265 3427 2110 3489 darüm doch noch à „Ehrenmann mit Quasteln“
756 3539 1331 3668 Sntee e e e
2092 3555 2657 3677 Anen enene
1466 3634 1546 3695 □
657 3624 1418 3721 und boite ide Wbien, Menen, um nutan venesälng mn
1994 3659 2750 3709 Administration (wohin alle geschäftlichen Zuschriften, Re¬
792 3682 1283 3732 portafreier Zusendung 4 Kronen d. Nl.
1995 3691 2756 3747 ciamanonen, Bestellungen auf Abonnements und Insertionen.
658 3710 1413 3777 Abonnements ins Ausland werden bei den betreßenden
2159 3719 2612 3780 sowie Verlagsartikel zu richten und).
684 3746 1387 3808 Postämtern unter unserer Past=Nr. 3833 angenommen
2190 3751 2565 3812 I., Grünangergasse Nr. 6.
1601 3640 1967 3834 G
1981 3783 2762 3842 Cüme per C. Augertr & Gösch. k und h. #ol-Pnotog:. Kunstankell
674 3780 1392 3841 Buchbruckerei Gruß Bergani & Comt — Beraum Leiter: Gem Bababan
2242 3816 2507 3850 XVIe Onakungerstraße 3.
1315 3840 2112 3929 Peengen un venen i e. Hrnten deten Areae.
2245 3888 2738 3997 3O. in 4704
2428 296 2791 377 41. Jahrgang.
