3296 4128
225 200 1088 282 10. Leutnant Gustl
1245 212 1630 306 box 1/9
424 247 1149 328 ee   A U
267 390 1555 496 Ihnen sein! — Habe die Ehre, Herr Lieutenant, hat mich
269 457 1546 543 sehr gefreut — habe die Ehre!" Und bevor der Lieutenant
274 519 1533 588 noch recht zu Bewußtsein gekommen ist ist der Herr
260 559 1539 627 Bäckermeister verschwunden. Nun kommt dem Offizier
271 619 1532 675 Alles zum Bewußtsein. Seine Standesehre ist verletzt.
267 651 1522 729 Er hot sich „dummer Bub“ neunen, an den Säbel greifen
255 707 1499 770 lassen — er ist verloren. Er darf als Offizier nicht weiter¬
255 753 1517 812 leben, er müßte quittiren. Und da ihm jede Lebensform
258 810 1513 871 außerhalb dieses Berufes verhaßt ist, ja ausgeschlossen er¬
254 844 1504 918 scheint, beschließt er, ja es bedarf keiner Entschließung, es
246 903 1502 963 weist sich ihm als der einzig notürlich=ehrenvolle Ausweg, sich
249 951 1506 1012 am nächsten Morgen eine Kugel durch den Kopf zu schießen.
246 989 1507 1052 Eine letzte Nacht vergeht, bringt alle Bilder des jungen,
256 1033 1503 1078 nicht allzu reichen bisher verlebten Lebens, weckt Gedanken
247 1076 1509 1142 an die Heimath, lichte Familienbilder, und jede Vorstellung
260 1132 1502 1179 endet kaum begonnen, die Linie reißt ab — morgen soll er
258 1175 1504 1237 sich ja den Lebensfaden selbst abschneiden. Das Gebot der
244 1220 1508 1273 Offiziersehre heischt das. Der Morgen naht, schwerfällig
252 1261 1504 1317 mühsam kommt der Tag. Lieutenant Gustl nimmt im
254 1304 1513 1374 Café sein letztes Frühstück ein, da sagt ihm der Marqueur:
1069 1353 1126 1403 1
245 1340 1096 1405 „Haben Herr Lieutenant schon gehört?“
1154 1347 1501 1418 — der Bäcker¬
251 1394 1500 1460 meister ist gestorhen. Ein Schlaganfall hat dem Leben des
247 1447 1504 1513 hochgradig erregten Menschen, der wohl am Tag vorher
254 1486 1498 1537 schon nicht mehr in geistiger Ordnung war, ein Ende ge¬
249 1541 1508 1601 macht. — Und Lieutenant Gustl darf weiterleben. Niemand
255 1583 1501 1637 weiß ja von alledem Gestrigen etwas, wie ein Traum ist es
247 1626 1498 1689 nun. Sein junges Leben freut ihn. Nichts ängstigt ihn
251 1662 1508 1736 mehr. Nun geht ja alles gut. Das Duell, das er vor
254 1707 1507 1789 sich hat, ängstigt ihn nicht. Er ist ja tapfer, der Lientenant
253 1757 397 1822 Gustl.
359 1796 1506 1896 Das ist, peinlich objektiv nacherzählt, der Inhalt und
247 1872 1501 1935 auch der Stimmungsgehalt der Novelle. Wo liegt da die
252 1906 1501 1973 Schmähung der Armee? Ist es denn die Aufgabe des
248 1951 1500 2019 Dichters nur die sozusagen moralischen Formen des Lebens
242 1996 1507 2064 darzustellen? Oder soll für die Zukunft die Charakterisirung
244 2044 1505 2108 von Offizieren, die psychologische Analyse ihrer Schicksale
248 2085 1503 2144 überhaupt verboten sein, für österreichische Reserveoffiziere
236 2140 1504 2204 wenigstens? Dabei ist Lieutenant Gusti keineswegs ein ver¬
239 2186 1498 2245 kommener Mensch. Wäre er es, dann könnte ja eine Kommis¬
244 2222 1504 2277 intelligenz vielleicht auf den Gedanken kommen, die Armee
242 2275 1496 2338 verlange von ihren Mitgliedern, auch von denen der Reserve,
238 2317 1505 2382 daß sie ihre Genossen auch dichterisch nicht in bösem Lichte
253 2354 1496 2430 darstellen. Schließlich darf man ja an Hoftheatern
235 2408 1495 2463 Richard III. aufführen, ohne daß man von einem Kartell der
240 2455 1501 2523 gekrönten Häupter gegen diese Aufführung, weil sie geeignet
247 2495 1499 2566 sei, die Achtung vor diesem Stande zu verwischen, ge¬
248 2548 1499 2616 hört hätte. Aber, besinnt man sich nur recht, so ist der
241 2593 1493 2658 Lieutenant Gustl zwar kein. großes Geisteskind, aber er er¬
245 2642 1486 2681 füllt doch alle Bedingungen des ehrenhaften Normal¬
249 2679 1487 2731 menschen, ja er ist in seiner strengen Auffassung des Berufes
237 2720 1498 2798 sogar in gewissem Sinne sympathisch. Daß er sich schließlich
250 2775 1498 2841 freut, nicht sterben zu dürfen, ist doch am Ende entschuldbar.
239 2814 1489 2890 Muth wirk, iym von Schnitzler auch nicht abgesprochen,
246 2855 1499 2921 denn das scharfe Duell am nächsten Tage macht ihm
238 2899 512 2972 keine Angst.
341 2970 1491 3036 Man versteht das Verdikt darnach von keinem Stand¬
247 3009 1495 3062 punkte aus. Der Ton der Novelle ist ebensowenig gehässig,
244 3053 1492 3104 wie der Inhalt. Es ist eine ununterbrochene Aufeinander¬
237 3089 1472 3155 folge aller Gedanken des Lieutenants in dieser Nacht —
239 3151 1488 3200 wo liegt da die Herabsetzung der Armee? Auch von einer
233 3191 1490 3246 Tendenz ist nichts zu merken. Ein Dichter hat ganz einfach
241 3235 1484 3285 eine Seelentragödie aufgeschrieben, ohne eine Moral, eine
225 3279 1493 3349 Tendenz auch nur anzudeuten. Was bleibt von der litterarischen
225 3332 1482 3389 Freiheit übrig, wenn selbst die ungehässige Darstellung eines
235 3383 1485 3449 Schicksals aus irgend einem Berufskreise die gesellschaftliche
245 3416 1493 3492 Ausstoßung zur Folge haben soll. Die Offiziere machen
240 3466 1488 3531 den Anfang. Die Beamten oder Lehrer werden folgen,
227 3507 1477 3579 dem Unverstande ist Macht zu tausend Thorheiten und Be¬
232 3564 1489 3625 schränktheiten gegeben. Deshalb ist hier der eine Fall genau
241 3612 1489 3654 auseinandergesetzt worden. Er ist symptomatisch, vielleicht
229 3653 1487 3711 nur der erste einer nun folgenden Reihe, sicher aber ein
227 3694 1487 3767 charakteristisches Zeichen der gesellschaftlichen und kulturellen
247 3741 1137 3818 Stellung des Dichters in unserem Lande.
322 3809 501 3890 Wien.
1114 3818 1408 3913 W. Fred.
2207 857 2618 927 Telefon 12801.
1746 945 3087 1053 Alex. Weigl’s Unternehmen für Zeitungs-Ausschnitte
2758 1024 2949 1083 Musschnitt
2769 1031 3087 1159 Nr. 53
2078 1064 2715 1172 „OBSER.-K
1685 1168 3127 1232 I. österr. behördl. conc. Bureau für Zeitungsberichte u. Personalnachrichten
1880 1226 2961 1330 Wien, IX/1. Türkenstrasse 17.
1560 1207 1873 1364 MEl
2086 1304 2887 1389 Filiale in Budapest: „Flgyel““ —
1696 1386 3124 1459 Vertretungen in Berlin, Chicago, Genf, London, Newyork, Paris, Rom, Stockholm.
1687 1512 2209 1604 Ausschnitt aus:
2231 1540 2849 1636 d AG
1698 1656 1902 1734 vom
2105 1673 2441 1788 401
2033 1754 2147 1851 72
1812 1947 2933 2033 = Zur Maßregelung Arthur Schnitzler's wird noch
1740 2010 2933 2059 gemeldet: Das Vorverfahren gegen Schnitzler war bereits vor
1729 2044 2694 2110 einigen Monaten eingeleitet worden; Schnitzler hatt
2746 2054 2929 2112 edoch ab¬
1732 2096 2647 2147 gelehnt, die Tendenz seiner Novelle „Leutnant G
2768 2093 2932 2151 or dem
1745 2140 2656 2185 Ehrenrat zu verteidigen, und ist aus diesem Gri
2777 2135 2936 2203 ich vor
1732 2176 2938 2243 dem Ehrenrate, der ihn vorgeladen hatte, nicht erschienen. Ein
1738 2221 2945 2263 empfindlicher Schaden für Schnitzler ist es, daß seine Stücke
1745 2261 2966 2340 hinfort nicht mehr im Burgtheater aufgeführt werden können.)
2157 2386 2699 2474 Bezugs-Bedingungen:
1736 2455 2859 2534 Für 50 Zeitungsausschnitte (Artikel oder Notizen). Kr. 15.—
2905 2460 3105 2555 inclusive
2739 2510 2878 2567 28 —
1813 2511 1925 2568 100
1757 2523 1808 2572 „
2919 2529 3085 2581 Porto.
2734 2543 2881 2604 50.—
1812 2546 1922 2606 200
1753 2562 1816 2616 „
2513 2565 2585 2617 „
2902 2565 3085 2620 Zahlbar
2723 2586 2871 2648 110.—
2676 2571 2729 2656 n
1756 2592 1924 2651 „ 500
2510 2603 2568 2642 1
2683 2605 3120 2699 „ 200.— im Voraus
1753 2625 1919 2693 „ 1000
2508 2628 2589 2696 11
1821 2657 3133 2733 Im Gegensatze zu anderen Bureaux für Zeitungsausschnitte ist das
1703 2732 3136 2777 Abonnement durch keine bestimmte Zeitdauer begrenzt; — auch stcht es den
1705 2759 2988 2822 Abonnenten frei die aufgegebenen Themen zu ergänzen oder zu ändern.
1824 2836 3138 2896 Der „OBSERVER“ veranstaltet täglich einen Auszug enthaltend die
1718 2881 3145 2941 Inhaltsangabe aller wichtigen Mittheilungen der Wiener Morgen¬
1710 2925 3149 2991 Flütter (Tagesjournale ausser „Neue Freie Presse“ und „Wiener Zeitung“)
1707 2968 3132 3015 wodurch eine Uebersicht über das gesammte politische und wirthschaftliche Leben
1708 3007 3145 3065 des In- und Auslandes in drastischer Kürze geboten wird. Diese Mittheilungen
1703 3051 2519 3112 werden in Wien um 9 Uhr Frth verschickt.
2011 3108 2840 3213 Prospecte gratis und franco.
