3248 4128
210 111 354 215 10.
395 107 1058 185 Leutnant Gustl
1245 108 1639 207 box 1/10
434 303 1729 393 beinhalte. Zweitens daß der Ehrenrath mit seinem vorbezogenen
446 382 1738 447 Beschlusse indirect zum Ausdruck bringe, daß sich Dr. Schnitzler
442 425 1725 482 mit dem Autor des ihn höhnenden Artikels in der „Reichswehr“
439 475 1708 531 eventuell mit dem verantwortlichen Redacteur der „Reichswehr
438 519 856 582 hätte duelliren sollen.
546 568 1730 630 Wie stellt sich nun bei objectiver Prüfung dieser Fall?
555 618 1727 674 Vor Allem darf nicht außer Acht gelassen werden, daß — bis
436 658 1731 722 auf den veröffentlichten Text des „Lieutenant Gustl“ — vom Falle
435 706 1735 769 Schnitzler nichts Anthentisches bekannt ist und jener gegen
438 754 1725 812 einen Ehrenrath geführte Kampf möglicherweise die Gefahr einer
432 807 1728 861 Donquixotiade in sich berge. Doch auch selbst unter der Voraus¬
440 854 1727 910 setzung der Richtigkeit und Vollständigkeit des publicirten
436 896 1723 955 Thatbestandes, verfällt man durch die oberwähnte Kritisirung des
435 946 1724 1008 Beschlusses jenes Ehrenrathes in Betreff der Schuld des Dr. Arthur
437 995 1728 1060 Schnitzler in einen ungleich größeren Fehler, als es jener ist, ben
436 1042 1725 1103 man dem Ehrenrathe vorzuwerfen sich berechtigt glaubt. Zunächst
434 1092 1725 1149 we#s hier das Recht betrifft, den Ehrenrathsbeschluß in diesem
435 1126 1730 1197 Einzelnfalle überhaupt nur anzufechten, hat eine Legitimation
446 1185 1733 1238 hiezu in irgend einer Weise nachgewiesen. Nun ist aber denn doch
443 1236 1727 1300 Herr Dr. Schnitzler — der nicht unmündig, nicht schwach an Geist
450 1285 1701 1347 nd der auch sonst sein Recht zu wahren nicht verhindert scheint —
446 1326 1727 1378 zür ganz allein berufen, sich zu äußern, ob er in diesem Ehrenraths¬
441 1375 1731 1422 beschluß ein Unrecht gegen sich erblicke und ob er auch überdies den
441 1419 1558 1480 Willen habe, gegen dieses angebliche Unrecht anzukämpfen.
548 1466 1716 1526 Und so lange Dr. Schnitzler, welcher seine Rechte selber wahr¬
439 1523 1725 1575 zunehmen zweifellos im Stande ist, zu Schritten diesbezüglich keinen
440 1569 1721 1621 Anlaß findet, fehlt auch jedes öffentliche Interesse, diesen Einzelfall
430 1616 1721 1668 zam Ausgangspunkte einer kritischen Action zu wählen. Es ist
442 1663 1730 1720 somit ein großer und auch für die Sache wenig förderlicher Fehler
461 1713 1716 1768 — ohne subjectiven Rechtstitel und ohne ein Gebot des öffentlichen
444 1745 1725 1807 Interesses — gegen eine Specialentscheidung einer competenten
431 1804 1718 1863 staatlichen Institution Angriffe zu formuliren. Doch größer noch
441 1849 940 1917 ist hier ein zweiter Fehler.
509 1906 1727 1962 Eine der anerkannt wichtigsten Garantien gegen Fehlurtheile
431 1939 1728 1995 der Gerichte, selbstverständlich auch in Ehrensachen, bietet die
440 1991 1712 2053 „Unmittelbarkeit" und „Mündlichkeit“ des disbezüg¬
427 2036 1724 2093 lichen Verfahrens. Und erst in allerjüngster Zeit hat der deutsche
428 2086 1725 2152 Reichsgerichtsrath Stenglein — anläßlich des in der Auslandspresse
435 2144 1726 2196 vielerörterten Gumbinner Militärprocesses — die Mißachtung jener
428 2182 1727 2244 Garantien sogar den betreffenden deutschen „Gerichtsherren“ vor¬
434 2234 1725 2294 geworfen, weil dieselben, ohne an der mündlichen Hauptverhandlun
431 2283 1720 2341 unmittelbar theilgenommen zu haben, meritorische Verfügungen
429 2328 1722 2377 getroffen haben. „Wozu,“ ruft Stenglein aus, „dann den
435 2375 1727 2437 Apparat der mündlichen Verhandlung, wenn
427 2420 1719 2471 jene Eindrücke (aus den Acten und mündlicher Bericht¬
432 2472 1716 2530 erstattung) genügen würden, ein sicheres Urtheil zu
426 2509 1712 2567 fällen?“ Und diesen „Gerichtsherren“ standen doch wenigstens ein
424 2557 1714 2617 amtliches Actenmateriale und mündliche Berichte beeideter
424 2609 1720 2670 Amtspersonen zugebote. Jenen Angriffen und Urtheilen
432 2651 1719 2714 in dem Falle Schnitzler liegt aber auch nicht einmal dieses dürftige
433 2702 1716 2762 und unzulängliche Materiale zugrunde! Der größte Fehler aber ist
423 2746 621 2810 der dritte.
540 2778 1714 2859 Es ist nicht ausgeschlossen und kommt vielmehr auch häufig
421 2843 1717 2897 vor, daß — bei nicht zweifelhaftem Thatbestande — Urtheile der
427 2889 1713 2942 staatlichen Gerichte, bezüglich der Richtigkeit der Anwendung einer
418 2936 1721 3005 bestimmten Gesetzesstelle, einer wissenschaftlichen Kritik
427 2984 792 3057 unterzogen werden.
538 3029 1720 3084 Die Frage, ob ein Eigenthumserwerbstitel vorliege, ob ein
427 3074 1719 3129 Vertrag als Kauf oder Tausch anzusehen, ob eine Handlung als
420 3124 1718 3190 Diebstahl, Veruntreuung oder Betrug aufzufassen sei und dergleichen,
425 3178 1719 3238 läßt sich wissenschaftlich frei erörtern, auch wenn ein Gericht sich
423 3221 1728 3288 schon für diese oder jene Auffassung entschieden haben sollte. In
427 3263 1730 3333 diesen Fällen handelt es sich eben nur um einen logischen Proceß
422 3315 1725 3374 der Subsumtion des zweifellosen Thatbestandes unter eine streng
426 3370 1725 3439 umgrenzte gesetzliche Begriffsbestimmung
425 3408 661 3474 (Definition).
531 3445 1719 3517 Worüber aber wird im Falle Schnitzler eigentlich gestritten?
419 3502 1715 3567 Darüber, ob Dr. Arthur Schnitzler die militärische Standes¬
420 3555 1718 3612 ehre verletzt habe oder nicht. Haben wir nun ein Gesetz, das den
423 3605 1712 3655 Begriff der „militärischen Standesehre“, ja der „Ehre“ überhaupt
424 3644 1718 3700 begrifflich festsetzt, definirt? Ja, gibt es selbst nur eine wissen¬
435 3697 1712 3749 schaftlich anerkannte Definirung von der „Ehre“ von der
438 3725 1719 3807 Standesehre“? Nein. Und warum nicht? Weil die „Ehre“ dem
424 3792 1716 3857 Gefühlsleben ange. et; weil die „Ehre“ mehr gefühlt, denn gedacht
1773 307 3075 394 wird, und deshalb alle Versuche, eine — nicht bloß ganz formale
1781 382 3080 462 und inhaltslose — Definition der „Ehre“ zu construiren, er¬
1780 430 2074 506 folglos blieben.
1892 467 3083 534 Ist aber der allgemeine Begriff der „Ehre“ unfaßbar
1786 526 3077 589 und vage, so ist der Begriff der „Standesehre“ — schon der
1786 573 3080 646 Natur der Sache nach — für die Nichtstandesgenossen in vielen
1784 623 3083 686 Fällen direct unverständlich Der glaubensstarke Christ und der antike
1779 673 3070 738 Philosoph, sie finden ihre Ehre darin, einen unverdienten Schimpf
1776 729 3079 778 mit Demuth, respective Gleichmuth zu ertragen und verstehen nicht
1778 765 3077 834 die ritterliche Reaction des stolzen Edelmannes und Officiers des
1776 810 3068 877 Mittelalters und der Neuzeit sowie vice versa. Der größte Schimpf
1779 863 3069 918 bei uns in Europa, dem Nebenmenschen ins Gesicht zu speien, gilt
1782 908 3068 965 bei manchen Stämmen anderer Menschenracen als die höchste „Ehre“.
1776 959 3078 1016 Und ganz umsonst wird eine Einigung im Punkte „Ehre“ zwischen
1778 1009 3073 1074 einem Eskimo und einem Italiener versucht werden. Es muß somit,
1784 1062 3075 1121 wie es auch immer mehr geschieht, ein Spruch in Ehrensachen aus¬
1783 1099 3065 1155 schließlich Standesgenossen vorbehalten werden, und es ist ein doppelt
1786 1151 3070 1214 schwerer Fehler, wenn man als Nichtstandesgenosse den Spruch
1775 1198 2991 1245 eines competenten Gerichtes — hier des Officiersehrenrathes
2987 1204 3027 1251 *
1773 1243 3063 1299 in Ehrensachen einer meritorischen Kritik unterzieht. Ob und inwie¬
1782 1292 3076 1349 ferne Jemand die „Standesehre“ verletzt habe, darüber läßt sich mit
1777 1345 3075 1402 Worten überhaupt nicht, am allerwenigsten mit Nichtstandesgenossen
1770 1383 3072 1449 streiten; darüber kann einzig und allein nur ein Forum standes¬
1776 1447 3078 1504 gemäß (correct) fühlender Standesgenossen entscheiden. Der erwähnte
1768 1485 3074 1549 Fehler ist im Uebrigen in diesem Falle um so größer, als
1780 1533 3067 1603 das ehrenräthliche Verfahren bei der Landwehr wie im Heere auf
1772 1578 3012 1642 dem Grundsatze der „Unmittelbarkeit" und „Mündlichkeit“ fußt.
1880 1619 3073 1689 Der zweite Vorwurf — selbstverständlich auch nur hypothetisch
1840 1679 3071 1727 geht dahin, daß der erwähnte Ehrenrathsbeschluß den „ungesetz¬
1777 1718 3065 1782 lichen" Duellzwang sanctionire. Auf die Duellfrage hier einzugehen,
1775 1765 3069 1822 ist leider absolut unmöglich. (Ich habe meine Anschauung in dieser
1772 1816 3049 1875 Frage übrigens in einer eigenen Broschüre [„Der Zweikampf.“
1780 1865 3063 1925 Zweite Auflage. 1900, Verlag Perles] motivirt zum Ausdrucke ge¬
1775 1914 3076 1979 bracht.) Thatsache ist jedoch, daß dieser Vorwurf aus dem veröffent¬
1771 1957 3072 2017 lichten Wortlaute jenes Ehrenrathsbeschlusses durchaus nicht be¬
1766 2005 3060 2068 gründet werden kann. Ja, wenn man den veröffentlichten Spruch,
1776 2053 3063 2107 daß Dr. Schnitzler „gegen die persönlichen Angriffe der „Reichswehr“
1765 2102 3064 2164 keinerlei Schritte unternahm", ganz' ohne Vorurtheil erwägt,
1768 2148 3067 2207 so kommt man nothgedrungen zu einem völlig gegentheiligen Schluß,
1771 2203 3057 2262 als jenem, der daraus gezogen wurde. „Keinerlei Schritte“
1769 2246 3065 2300 weist denn doch darauf, daß vorliegenden Falls nicht bloß nur ein
1779 2291 3071 2348 Schritt — das Duell — sondern daß eine Mehrheit von Schritten
1768 2338 3068 2393 dem Ehrenrathe — als für Dr. Schnitzler möglich — vorgeschwebt
1770 2384 3058 2446 haben müsse. Von diesem nur so nebenbei Bemerkten abgesehen, gilt
1768 2437 3080 2508 auch für diesen Vorwurf alles in Betreff des ersten Vorwurfes¬
1770 2473 2372 2538 Gesagte in ganz gleicher Weise.
1875 2521 3070 2591 Mag also auch das „ehrenräthliche Verfahren“ in mancher
1767 2563 3065 2628 Richtung eine gründliche Reform wünschenswerth erscheinen lassen, so
1772 2621 3064 2683 ist just der Fall des Dr. Schnitzler wohl am wenigsten geeignet, zu
1773 2664 3065 2731 Reformen anzuregen. Das einzige Gebrechen des Verfahrens,
1768 2716 3065 2775 welches dieser Fall beleuchtet, wäre eigentlich der Umstand, daß
1761 2761 3071 2816 es derzeit an der Möglichkeit gebricht, den Angeklagten, der dem
1763 2808 3062 2874 Ehrenrathe sich nicht stellt, hiezu zu zwingen (wie im Strafproceß),
1761 2855 3076 2903 wodurch der Ehrenrath sehr unliebsamerweise in die Lage kommen¬
1766 2902 3025 2978 kann, über einen Kameraden — ohne ihn gehört zu haben —
1762 2949 2366 3021 eventuell den Stab zu brechen.
2794 2968 3044 3065 v. Norwin)
1927 3129 2920 3227 Die Lanze als Waffe der Keiterei.
1869 3220 2956 3279 Eine Studie von Marcus v. Czerlien, k. u. k. Generalmajor.
2299 3272 2520 3365 (Fortsetzung.)
1882 3348 3052 3406 Trotz alles Bemühens, noch weitere Vortheile der Lanze zu
1765 3398 3049 3478 finden, will es uns nicht gelingen, daher wir nun getrost zur An¬
1768 3461 3059 3535 führung und Besprechung ihrer Nachtheile schreiten können, die sich
1767 3508 2765 3562 in einer recht ansehnlichen Menge wie folgt einstellen:
1875 3558 3055 3621 1. Sie stört — wenn nur theilweise im Gebrauche — die Ein¬
1769 3592 3057 3666 heitlichkeit der Ausrüstung, Ausbildung und Verwendung der Reiterei.
1880 3659 3058 3711 2. Sie erhöht die Belastung des Pferdes und erschwert die
1759 3703 3061 3754 gleiche Gewichtsvertheilung. Die Deutschen machen jetzt Versuche, um
1769 3758 3058 3822 den Carabiner auf der linken Seite des Sattels fortzubringen; über¬
1761 3796 2873 3854 dies soll auch eine zusammenlegbare Lanze im Project sein.
