3248 4128
1185 196 1578 286 box 1/12
164 197 997 276 10. Leutnant Gustl
652 265 1014 308 —
1336 730 1593 792 –almte AU Cie
1645 724 2550 805 Die drrung des ungrückrichen dief einen C.... L—."
556 787 1598 831 Armenpfleger läglich, ja stündlich zu hören bekommen. Es
380 767 516 832 Ettaft
2091 794 2230 853 4
369 825 511 871 r Straf¬
556 823 1600 871 gibt Straßen, namentlich in den Vororten, die sich durch ihre
395 916 507 986 Ruhm
1643 919 2680 980 beständig den dicken Kopf an die geschlossene Scheibe anrennt.
549 920 1594 979 dieser Ausstellungen, die ich nicht unterdrücken durfte, ist
1645 970 2674 1028 Ganz wirr und taumelig wird dem Gustl zu Muth ob all
559 973 1592 1030 es genußreich, die neun Geschichten zu lesen, die unter
390 1006 513 1067 Heyse¬
1639 1015 2673 1063 des ungewohnten Denkens, bis er dann nach langem Herum¬
548 1012 1593 1062 dem eben genannten Titel in zwei Bänden erschienen sind.
376 1057 504 1109 hien in
1637 1056 2678 1102 irren im Prater am Morgen früh erschöpft in seinem Stamm¬
556 1056 1591 1115 Ein gütiges Herz, eine feine Künstlerin hat sie geschrieben.
395 1104 512 1158 ner¬
1645 1102 2678 1147 afé niedersinkt, wie die Fliege schließlich nach allen Mühen
550 1102 1588 1153 Hervorgehoben sei auch die vornehme, schlichte Ausstattung.
395 1142 502 1193 n ein¬
1636 1152 2672 1198 matt, wie iodt ohne sich noch zu rühren, von der Scheibe
549 1144 1597 1194 Den modernen Ausstattungsmarotten gegenüber, die Bücher,
398 1181 503 1239 ür die
1630 1189 2678 1244 aufs Fensterbrett fälli. Da erfährt Gustl den plötzlichen Tod
553 1187 1591 1240 die zum Lesen da sind, immer mehr zu verschrobenen Bil¬
411 1228 508 1282 einen
1636 1232 2671 1281 des Bäckermeisters und athmet erleichtert auf. Nun kann Nie¬
550 1232 1595 1280 derbüchern macht, thut ein Buch doppelt wohl, das den
1636 1280 2676 1329 mand mehr etwas von dem Vorfall erfahren. Er ist so ab¬
552 1273 1597 1333 Hauptwerth auf gutes Papier und auf guten Druck legt.
1642 1315 2678 1381 gehetzt, so schwach, er hat nicht mehr den „Muth“ sich todt
402 1323 497 1372 r, ge¬
556 1317 1592 1379 Schade, daß auf dem Einband nicht auch noch die paar
413 1360 497 1413 Uner¬
1640 1365 2679 1420 zu schießen, er bleibt leben. Diese tragikomische Geschichte
549 1358 1053 1419 Zuckerbäcker=Blümlein fehlen.
406 1398 505 1457 nbach
1644 1407 2678 1457 hat Schnitzler prächtig erzählt. So leichthin, ein wenig sa¬
591 1403 1588 1464 Ihren „Falken“ hat auch die Geschichte Arthur Schnitz¬
1634 1444 2671 1499 lopp, aber immer reizvoll. Trotzdem der Gustl im Grund ein
402 1446 504 1496 teltes,
534 1426 1581 1495 er's „Lieutenant Gustl“*) der eine k. und k. öster¬
398 1489 509 1549 n des
1633 1488 2678 1539 recht fader Gesell ist, interessirt man sich für ihn. Trotzdem
549 1495 1581 1543 reichische Militärbehörde unfreiwillige, aber verdiente Re¬
397 1536 506 1581 # ent¬
1636 1535 2677 1587 er im Grunde direkt widerwärtig sein kann, „Fallobst“, ver¬
541 1535 1585 1587 klame macht. Ihr „Falke“ ist der plötzliche Tod des Bäcker¬
1647 1573 2668 1630 teht es Schnitzler, ihn uns so vor die Augen zu stellen, daß
401 1574 501 1631 hfein
542 1578 1582 1633 meisters Habetswallner, der am Abend vorher mit am Teich¬
1640 1627 2672 1678 er gar nicht so widerwärtig aussieht. Im Leben schaun die
404 1618 502 1677 mich
539 1623 1584 1676 kneten erstarkter Faust des Lieutenant Gustl Säbelgriff fest¬
1634 1665 2675 1718 Lieutenants Gustl ja auch nicht so aus. Ein graziöses, echt
401 1659 502 1720 n hat
541 1666 1584 1713 hielt, als dieser, angeödet von einem ernsten Konzert, seinem
398 1705 508 1762 t. Da
1631 1700 2677 1769 Wiener Gebäck, diese Novelle. Darauf versteht sich Schnitzler
548 1709 1586 1764 Aerger über die verlorne schöne Zeit in der Garderobe durch
397 1745 507 1807 ifgabe
1633 1749 2673 1804 meisterhaft. Und der leicht satirische Ton, in dem sie gehalten
538 1752 1583 1806 grobe Worte an besagtem Bäckermeister Luft macht. Immer
401 1790 494 1842 eGe¬
1640 1796 2222 1859 st, gibt ihr nur einen Reiz mehr.
548 1804 1581 1855 die starke Faust an des Lieutenants Säbelknauf nennt ihn
1698 1834 2664 1884 Noch ein Novellenband eines Oesterreichers liegt vor:
398 1833 507 1886 = und
551 1844 1580 1896 hafür Habetswallner einen dummen Bub und droht, wenn
391 1877 498 1929 n dem
1628 1884 2671 1935 „Die Troika“*), Erzählungen von J. J. David. Die
546 1879 1584 1928 der Gustl nicht gleich ganz „stad“ ist, den Säbel zu zer¬
405 1922 500 1985 ensch¬
1632 1923 2677 1977 erste, die dem Band den Namen gegeben, gibt in der Haupt¬
545 1923 1583 1978 biechen und die Stücke dem Regiment einzuschicken. Gustl
1640 1965 2676 2021 ache aus dem Munde des Sohnes die Geschichte des Vaters,
391 1968 496 2018 in die
541 1969 1589 2027 hat den ehrenwerthen Bäckermeister zwar zuerst und ohne
399 2004 504 2063 hin¬
1627 2008 2668 2065 eines berühmten Schauspielers, der in wildem Ueberschwang
545 2005 1583 2063 allen Grund beleidigt, und nach bürgerlicher Moral thäte
394 2048 498 2109 be ich
1633 2052 2673 2100 dahingestürmt ist durchs Leben, bis die Troika umschlug
543 2055 1584 2103 er am Besten, er sähe das ein und bäte Herrn Habetswallner
1631 2100 2670 2152 Als Symbolum ist dies Gefährt sehr gut verwandt. Ueber¬
402 2095 503 2147 keinen
540 2099 1584 2152 um Entschuldigung, aber seine „Ehre“ verbietet das. Sie
404 2136 501 2192 Men¬
1636 2138 2659 2193 haupt weiß David seine Bilder zu wählen. Oft sind sie frap¬
544 2138 1589 2198 hat durch die Worte und das Gebahren des Bäckermeisters
1626 2191 2658 2235 pirend zutreffend und doch durchaus naheliegend und natür
380 2178 500 2233 sterben
549 2184 1587 2244 ein tödtliches Loch bekommen, sie kann nur wiederhergestellt
1633 2226 2670 2273 lich. Das Beste, was man von Bildern und Gleichnissen sagen
386 2223 499 2282 kannt¬
538 2232 1578 2286 werden, wenn er dem elenden Bäckermeister sofort den Säbel
1629 2267 2669 2319 kann. Zuweilen a sind sie doch auch gesucht. Eine An¬
382 2267 499 2329 gesehen
544 2268 1583 2321 in den Bauch jagt. Wenn der Kerl nur nicht so ungeschlachte,
1632 2317 2665 2368 lage, die David in sich gefunden, hat er nach Kräften aus¬
383 2314 495 2361 il eine
542 2316 1588 2367 starke Fäuste hätte, die nicht vom Säbel lassen! So bleibt
1629 2356 2661 2418 gebildet. Nur, er weiß zu sehr, daß er diese Anlage besitzt
374 2352 499 2411 spitzin“
537 2357 1579 2415 dem armen Gustl schließlich nicht Anderes übrig, als sich
1627 2408 2658 2453 “ hat sich zu sehr darum bemüht, sie auszubilden. Dar¬
378 2398 505 2460 ital in
547 2407 1583 2460 seibst zu tödten. Nur durch ein Loch, sei es in des Bäcker¬
1628 2437 2667 2499 über ist ihm dann ein gut Stück Naivetät des Schaffens
387 2446 505 2500 sie gar
549 2455 1578 2505 neisters dicken Bauch, sei es in des Lieutenants leeren Schä¬
396 2485 501 2542 Aehn¬
1627 2480 2656 2533 verlorengegangen. Bei allem Respekt vor solcher Arbeit an
551 2489 1582 2541 del, kann das Loch in seiner Standesehre reparirt werden.
1629 2530 2653 2581 sich selbst, bedauere ich doch sehr diesen Verlust. Es steckt vie
376 2528 492 2590 schichte
542 2535 1586 2586 Um die Gedanken nun, die dem Gustl kommen, wie, wann,
378 2572 490 2632 och be¬
1625 2580 2662 2627 Ausgesonnenes in dieser Produktion. Das merkt man glück
545 2575 1581 2630 oder ob vielleicht doch nicht dieser Selbstmord auszuführen
1630 2618 2661 2667 licherweise an seiner Menschengestaltung weniger, für die
386 2621 491 2675 sagen,
547 2622 1589 2671 sei, drehn sich drei Viertel der Novelle. Zu Anfang des
1635 2669 2664 2717 olches bewußte, gründliche Nachspüren oft ein Vortheil ist
389 2664 504 2718 Sinne
544 2666 1586 2720 letzten Driktels wollte es mir scheinen, als würde Schnitzler
2607 2709 2669 2749 we
1627 2714 2597 2759 als an seinen Naturschilderungen. Sie sind selten, aber
382 2708 496 2758 edeutet
544 2710 1584 2764 doch ein wenig zu breit. Künstlerisch läßt sich das allerdings
1624 2741 2598 2801 sie sich finden, weniger geschaut als gesucht. Man sehe
2607 2746 2663 2799 sich
379 2750 497 2802 ritikus
549 2752 1586 2799 sehr wohl rechtfertigen. Denn grade dadurch, daß der dumme
1629 2795 2665 2847 daraufhin nur einmal die ersten Seiten der letzten Erzähl
361 2794 496 2852 abe ich
543 2797 1584 2852 Gustl, dessen Hirn bisher nur mit Weibergeschichten gefüllt
1628 2837 2665 2882 ung an. Hier findet sich auch bezeichnenderweise eine mo¬
543 2843 1579 2895 war, sich aun immer und immer wieder den Schädel an dem
371 2836 493 2896 o jung
1627 2874 2665 2930 dernste Unart, wohl aus dem Französischen importirt, die
368 2878 499 2938 ch auf¬
548 2878 1585 2934 Selbstmordgedanken wundstößt, wird Mitleid erweckt. Der
1624 2927 2661 2981 mich bisher nur in modernster Lyrik chokirt hat. Man rede
381 2923 493 2978 Bran¬
548 2923 1576 2976 arme Kerl kommt Einem vor wie eine hilflose Fliege, die
409 2969 501 3030 Trotz
1690 2974 2660 3065 *) Verlegt bei Schuster u. Loeffler, Berlin und Leipzig
600 3011 1581 3074 *) Illustrirt von M. Coschell. Berlin, S. Fischer, Verlag,
1617 3039 1738 3104 1901.
535 3037 650 3125 1901.
353 3043 500 3126 l, 1901.
773 3071 1530 3176 -uner
1177 3139 1437 3236 (11#
1399 3177 1670 3262 A Aau
702 3247 1522 3359 Kaug Oden
812 3355 1545 3471 Sechrer. EI
