3248 4128
240 221 1085 301 10. Leutnant Gustl
654 288 1079 346 — —
152 534 638 610 Ausschnitt aus:
690 560 1301 690 Jeslerr. Volkspresse, Wien
157 674 656 791 vom 1076 770—7
560 1131 964 1243 Chronik.
337 1247 1193 1335 Officiersaffairen und Hetzpresse.
345 1335 1241 1397 Ueber die jüngst in Bozen stattgefundene
261 1397 1236 1448 Säbelaffaire geben die „Neuen Tiroler Stimmen“
274 1438 683 1499 folgende Darstellung:
340 1488 1244 1548 Die „Bozener Zeitung“ brachte einen Artikel,
221 1543 262 1592 „
271 1537 1236 1607 in welchem das Civil beinahe aufgefordert wurde,
268 1584 1241 1647 dem Uebermuth der Officiere durch Selbsthilfe zu
213 1640 244 1675 91
262 1641 1233 1700 begegnen. Veranlasst war dieser Artikel durch
267 1681 1234 1745 einen ganz geringfügigen Spectakel, den einige
271 1733 1239 1802 Lieutenants während der letzten Nacht verübt hatten.
170 1731 260 1806 Abor
279 1784 1241 1837 Dieser Artikel, als dessen Verfasser allgemein
269 1833 1238 1896 Dr. Rudolf Rudolph betrachtet wurde, scheint im
273 1876 1240 1948 Officierscorps gewaltigen Aerger hervorgerufen zu
178 1914 250 1965 Inh
273 1926 1235 1982 haben. Als Dr. Rudolph am 18. d. M., um
170 1956 252 2009 b1ä
309 1975 1229 2039 Uhr abends, über den Johannesplatz gieng,
170 1999 246 2044 wod
268 2026 1237 2090 wurde er vom Oberlieutenant Repaszky ange¬
177 2080 247 2133 wer
261 2077 1232 2132 halten und gefragt, ob er wirklich der Verfasser
257 2124 1239 2190 des besagten Artikel in der „Bozener Zeitung“ sei.
261 2171 1235 2222 Dr. Rudolph bejahte dies, worauf eine heftige
253 2224 1237 2274 Controverse entstand, infolge deren der Officier
235 2258 1237 2333 dem Doctor eine Ohrfeige gab. Nun setzte sich
253 2317 1237 2370 Dr. Rudolph mit seinem Schirm zur Wehre, der
264 2367 1230 2424 Officier aber zog den Säbel und brachte seinem
260 2417 1231 2480 Gegner zwei Wunden bei, eine schwere am Hals
249 2471 1230 2531 und eine leichte an der Hand. Kaum war das
252 2511 1230 2568 geschehen, so eilten zahlreiche Leute herbei und
248 2562 1239 2631 giengen auf den Oberlieutenant los. Dieser rief
254 2615 1236 2673 einem Einjährigen, der sich in der Nähe befand.
244 2665 1237 2717 zu: „Holen Sie sofort die Bereitschaft!“ und suchte
260 2693 1235 2757 dann mit der Waffe in der Hand die Kaserne zu
261 2742 1236 2806 erreichen. Hiebei wurde der Officier von einem
253 2795 1226 2861 Lackierergehilfen namens Forster, der ihm nach¬
263 2841 1232 2904 setzte, am Kragen gepackt und beschimpft. Ober¬
247 2893 1232 2963 lieutenant Repaszky riss sich los und versetzte
245 2937 1225 3005 dem Angreifer einen Säbelhieb über den Kopf.
252 2990 1232 3053 Während man den bedeutend Verwundeten in das
254 3038 1232 3105 Spital überführte, gelangte der Officier in die
251 3079 1230 3149 Kaserne. Nun sammelte sich vor derselben auf dem
253 3137 1219 3192 Dominicanerplatz ein etwa hundertköpfiges Publi¬
250 3187 1222 3257 cum an, das in gellende Pfiffe, Pfui=Rufe und
263 3232 1215 3292 Schimpfworte ausbrach, als etwa acht Officiere
254 3288 1214 3349 aus der Kaserne traten. Die Officiere blieben
248 3328 1215 3398 stehen, betrachteten ruhig den johlenden Haufen,
244 3382 1214 3443 und giengen dann, ohne verfolgt zu werden, durch
245 3426 1209 3492 die Spitalgasse in die Neustadt. Unterdessen wuchs
247 3472 1214 3540 die Menge trotz des strömenden Regens unter fort¬
248 3526 1217 3590 gesetztem Pfeifen und Schreien immer mehr an.
252 3575 1210 3642 Gegen 8 Uhr ertönte plötzlich, unbekannt von wem,
246 3620 1216 3678 das Commando: „Zurück, zurück!“ worauf sich die
250 3669 1213 3729 Leute in die Dominicanergasse und Poststraße
246 3723 1209 3774 zogen. Als aber zwei Minuten später zwei Offi¬
243 3772 1211 3823 eiere die Kaserne verließen und sich der Post zu¬
240 3820 1204 3897 wandten, da rief dieselbe Stimme: „Vorwärts,
1257 227 1616 318 box 1/9
1378 1508 1530 1574 inclusive
1396 1563 1509 1609 Porto.
1359 1638 1533 1708 im Veraus
1276 1703 1562 1766 schnitte ist das
1274 1752 1572 1806 ich stcht es den
1285 1789 1420 1842 ändern.
1269 1870 1572 1935 g enthaltend die
1282 1920 1563 1968 er Morgen¬
1275 1956 1570 2015 Wiener Zeitung)
1266 1988 1583 2058 Schaftliche Leben
1286 2040 2244 2096 vorwärts!“ was die Menge veranlasste, den
1280 2088 2246 2155 Officieren, Beschimpfungen ausstoßend, entgegen zu
1277 2139 2246 2199 wogen. Die Officiere bahnten sich, mit der Hand am
1285 2182 2239 2249 Säbel den Weg durch die Poststraße, als sie aber
1281 2233 2239 2287 förmlich umzingelt wurden, kam aus der Kaserne ein
1279 2287 2239 2345 mit Gewehr versehener Infanterist ihnen zu Hilfe,
1279 2334 2243 2398 bei dessen Anblick die Menge auseinandergieng,
1281 2376 2244 2449 sich aber bald wieder auf dem Dominiconerplatz
1284 2423 2237 2493 sammelte. Jetzt endlich erschien die Stadtpolizei,
1277 2479 2233 2538 doch trat deshalb durchaus nicht Ruhe ein. Um
1280 2527 2240 2592 ¼9 Uhr standen vor dem Café Schgraffer etwa
1275 2574 2242 2633 12 Herren, welche laut nach der Wohnung des
1272 2627 2236 2687 Oberlieutenants Repaszky fragten. Endlich um
1279 2670 2230 2731 9 Uhr, als der Scandal auf dem Dominicaner
1276 2720 2237 2784 platz seinen Höhepunkt erreicht hatte, erschien der
1271 2769 2233 2819 Bürgermeister und forderte die Leute unter be¬
1280 2820 2244 2875 schwichtigenden Worten auf, sich zu zerstreuen. Es
1278 2867 2241 2929 geschah, aber nun zog ein Haufen vor das Café
1273 2914 2230 2972 Kusseth und begann die dort befindlichen Officiere
1266 2964 2228 3012 zu beschimpfen. Die Herren giengen auf wieder¬
1275 3010 2236 3064 holtes Ersuchen des Wirtes in den ersten Stock
1273 3059 2240 3123 hinauf. Unten dauerte das Gejohlt fort. Als ein
1273 3103 2227 3167 Civilist die Leute zu beruhigen suchte, indem er
1273 3156 2238 3223 darauf hinwies, dass man niemals einen ganzen
1274 3204 2230 3267 Stand beschimpfen dürfe, da gerieth er durch den
1266 3255 2224 3309 gereizten Pöbel in die ärgste Gefahr. In einem
1270 3302 2223 3368 Hause, wo zwei Officiere wohnten, wurden Fenster
1268 3353 2221 3411 eingeschlagen. Die ganze Civilbevölkerung Bozens
1273 3398 2221 3469 war in der höchsten Aufregung. Um 11 Uhr
1272 3451 2229 3511 giengen Patrouillen ab, um einzelne Officiere von
1262 3496 2221 3563 da und dort abzuholen. Die Poststraße und der
1262 3544 2223 3614 Johannesplatz wurden um Mitternacht mit gefälltem
1257 3589 1620 3653 Bajonnet geräumt.
1337 3641 2229 3708 Diese Affaire war den Judenblättern und den
1256 3693 2217 3756 mit Ihnen, was Lüge und Verleumdung anbelangt,
1262 3739 2216 3796 gleichstehenden alldeutschen Hetzblättern willkommener
1255 3792 2228 3847 Anlass, wieder einmal recht gründlich gegen Armee
1257 3833 1704 3918 und Officiere zu hetzen.
2355 1091 3251 1182 Was aber von dieser faulen Lügenpresse ver¬
2274 1164 3252 1230 schwiegen wird, ist der Umstand, dafs der Officier
2278 1218 3252 1275 heute, speciell in Tirol, den impertinentesten
2284 1272 3250 1331 Krakehlereien der Bevölkerung ausgesetzt ist. Auf
2272 1316 3246 1370 der einen S#ite die alldeutschen Buben, die überall
2270 1365 3252 1424 sind, wo Gemeinheiten aufgeführt werden, und in
2283 1418 3253 1480 Südtirol noch die Italiener, denen der österreichi¬
2280 1463 3177 1529 sche Offieier von jeher ein Dorn im Auge ist.
2345 1510 3250 1583 Aber ganz besonders erregt sind bei dieser
2277 1546 3245 1619 Affaire die Wiener Judenblätter, und da in erster
2265 1606 3247 1677 Linie wieder das Rothschildorgan. Freilich spielt
2277 1652 2993 1730 da auch gleich ein anderer Fall mit:
2340 1708 3242 1772 Ein Jude ist der Ehre unwürdig befunden
2269 1758 3249 1826 worden, dem Officierscorps unserer Armee fürber¬
2274 1804 3210 1871 hin anzugehören. Wir sagen: „Unsere Ar##
2269 1854 3237 1918 denn diese, den Ehrbegriff und die Mannesvorzüge
2260 1910 3240 1969 verkörpernde Einrichtung, ist durch und durch eine
2260 1952 3251 2018 arische, daher dem jüdischen Wesen strict entgegen¬
2263 2001 3231 2076 gesetzte und von den Hebräern von Grund aus
2272 2048 2427 2109 erhafst.
2341 2092 3228 2168 Das Officiers=Ehrengericht hat in richtiger Er¬
2279 2148 3238 2201 kenntnis den Literaturjuden Schnitzler, dessen
2280 2193 3228 2256 Schundwerke wohl im k. k. Hof=Burgtheater auf¬
2274 2254 3236 2295 geführt werden, aus dem Officiersstande ausge¬
2277 2294 3237 2357 stoßen. Anlass hinzu gab das von diesem Juden
2267 2343 3231 2406 verfasste Schandstück „Lieutenant Gustl“ in welchem,
2269 2394 3227 2450 wie in allen anderen S##nderzeugnissen dieses
2276 2435 3233 2509 Juden, die Officiersehre in jüo chem Geiste behandelt
2271 2485 2358 2543 vird.
2340 2504 3234 2599 Was der Jude Schnitzler dem „Lieutenant
2267 2575 3253 2644 Gustl“ insinuiert, so denkt, so spricht, so handelt
2273 2633 3230 2696 ein Officier, ausgenommen, der betreffende Officier
2262 2677 3226 2747 st selbst Jude was leider auch schon vorkommt
2264 2726 3253 2812 Das ist jüdischer Geist, der so mit sich selbst um
2258 2777 3152 2844 die Selbsttödtung schachert, nicht Officiersgeist.
2329 2825 3223 2882 Und ebenso wie dieser Fall von den Juden¬
2265 2874 3237 2945 blättern in ausgiebiger Weise zur Hetze gegen den
2261 2920 3237 2995 Officiersstand ausgenützt wird, ebenso wurde der
2264 2975 3229 3038 eingangs erwähnte Bozener Vorfall entstellt und
2269 3013 3226 3086 illerlei Lügen zu Gunsten der alldeutschen und
2276 3066 3224 3139 üdischen Hetzer gegen die Officiere und zu Un¬
2268 3115 3020 3182 gunsten der letzeren in die Welt gesetzt.
2328 3168 3227 3223 Es mag ja vorkommen, dass sich hie und da
2257 3220 3219 3273 auch ein dem Officiersstande Angehöriger unge¬
2256 3270 3214 3333 ziemend benimmt. Das ist aber kein Grund,
2265 3316 3211 3370 jegen den ganzen Stand in so nichtswürdiger
2261 3358 2566 3426 Weise zu hetzen.
2325 3410 3225 3481 Zu verwundern ist nur, dass es noch Officiere
2255 3461 3213 3524 gibt, welche die Judenblätter lesen und unterstützen
2264 3509 3215 3575 nd somit die Schlange am eigenen Busen nähren.
2323 3559 3214 3616 Vielleicht dürfte doch die Erkenntnis in diesen
2254 3603 3209 3670 Kreisen sich Bahn brechen, dass des Officiersstandes
2259 3657 3214 3712 rößter Feind die vaterlandslose, prostituierte
2254 3704 3214 3778 Judenpresse ist, wozu es wohl keiner weiteren
2260 3748 2548 3825 Beweise bedarf.
3114 3758 3167 3818 P.
