3276 4037
1565 -4 1629 64 *
247 151 1077 226 10. Leutnant Gustl
1266 155 1614 246 box 1/9
760 207 1098 268 enetesetentechent e ute hententente
808 948 1170 1008 Telefon 12801.
355 1043 1624 1110 Alex. Weigl’s Unternehmen für Zeitungs-Ausschnitte
1345 1106 1497 1168 Ausschnitt
1333 1131 1629 1247 Nr. 87
695 1153 1271 1264 „OBSEKVEK
279 1270 1693 1328 I. österr. behördl. conc. Bureau für Zeitungsberichte u. Personalnachrichten
468 1310 1527 1395 Wien, IX1, Türkenstrasse 17.
560 1414 1307 1492 — Filiale in Budapest: „Figyelé“
293 1460 1691 1533 Vertretungen in Berlin, Chicago, Genf, London, Newyork, Paris, Rom, Stockholm.
283 1602 1776 1707 Mse  Ne 5 ke d
552 1702 675 1795 2%
296 1740 451 1817 vom
690 1977 1363 2074 —The Vienna correspopffent of the Lon¬
646 2057 1365 2103 don Daily Mail says that Arthur Schnitz¬
659 2106 1369 2158 er, the playwright and novelist, bas been
651 2141 1364 2198 expelled fromthe ranksof reservist oflicers
667 2182 1368 2227 athe Austrian army and infamously de¬
625 2193 674 2251 +
645 2229 1367 2276 graded by a military court of honor for
659 2264 1367 2325 publishing a novel in which he throws ridi¬
646 2300 1246 2365 ehle upon the practice of duelling.
749 2464 1258 2554 Bezugs-Bedingungen:
1344 2537 1422 2601 15.—
328 2541 1246 2616 Für 50 Zeitungsausschnitte (Artikel oder Notizen)
1497 2557 1650 2612 inclusive
1329 2584 1410 2636 28 —
415 2591 493 2637 100
1111 2600 1147 2655 „
993 2593 1048 2642 „
354 2600 402 2649 „
1521 2604 1624 2653 Porto
413 2632 487 2676 200
1268 2637 1303 2677 „
987 2637 1038 2678 „
638 2603 686 2677 a
360 2644 407 2690 „
1500 2641 1636 2693 Zahlbar
1312 2663 1436 2721 110.—
1257 2672 1313 2723 „
415 2672 483 2715 500
1111 2687 1159 2726 „
1483 2676 1662 2734 im Voraus
1384 2715 1428 2765 —
1215 2687 1310 2766 „ „
1110 2709 1163 2763 „
353 2707 483 2775 „ 1000
889 2722 926 2760 19
421 2745 1695 2807 Im Gegensatze zu anderen Bureaux für Zeitungsausschnitte ist das
1363 2800 1704 2850 auch steht es den
307 2788 1364 2855 Abonnement durch keine bestimmte Zeitdauer begrenzt: —
305 2845 1548 2903 Abonnenten frei die aufgegebenen Themen zu ergänzen oder zu ändern.
430 2893 1697 2981 Der „OBSERVER“ veranstaltet täglich einen Auszug enthaltend die
319 2963 1691 3011 Inhaltsangabe aller wichtigen Mittheilungen der Wiener Morgen¬
308 3006 1686 3055 blätter (Tagesjournale ausser „Neue Freie Presse“ und „Wiener Zeitung“
314 3046 1690 3088 wodurch eine Uebersicht über das gesammte politische und wirthschaftliche Leben
317 3074 1706 3146 des In- und Auslandes in drastischer Kürze geboten wird. Diese Mittheilungen
313 3115 1076 3185 werden in Wien um 9 Uhr Früh verschickt.
609 3185 1407 3259 Prospecte gratis und franco.
2247 110 2625 179 Telefon 12801.
1787 205 3064 293 Alex. Weigl's Unternehmen für Zeitungs-Ausschnitte
2793 268 2951 329 Ausschnitt
1811 281 1880 385 9
2960 293 3072 409 78
2808 321 2922 410 Nr.
1930 289 2719 420 706 „OBSERVER
1730 404 3141 507 I. österr. behördl. conc. Bureau für Zeitungsberichte u. Personalnachrichten
1913 481 2967 576 Wien, IX, Türkenstrasse 17.
2034 563 2777 639 — Filiale in Budapest: „Figyelé“ —
1733 641 3138 715 Vertretungen in Berlin, Chicago, Genf, London, Newyork, Paris, Rom, Stockholm.
2925 739 3021 826 700
1742 777 2228 850 Ausschnitt aus:
2419 762 2571 861 S#
1937 848 2364 955 216 190
1765 910 1895 997 vom
2697 973 2751 1016 1
2184 989 2707 1156 Neuestes.
2241 1194 2704 1290 „Lieutenant Gustl.
2109 1275 2828 1358 (Ein ehrenräthliches Urtheil.)
2005 1331 3024 1421 Der Wiener Schriftsteller Herr Dr. Arthur
1913 1409 3012 1466 Schnitzler, der Regimentsarzt in der Reserve war,
1901 1454 3017 1513 ist, wie wir erfahren, von einem militärischen Ehren¬
1914 1491 3022 1566 rathe seiner Officierscharge verlustig
1917 1538 3026 1609 erklärt worden. Als Gründe dieses ehrenräthlichen
1922 1589 3016 1657 Richterspruches wird angegeben, daß Dr. Schnitzler durch
1923 1633 3019 1713 seine kürzlich veröffentliche novellistische Studie „Lieute¬
1920 1683 3021 1760 nant Gustl“ der Ehre des österreichischen Officierscorps
1791 1719 1857 1782 Für
1910 1739 3019 1797 nahegetreten sei und daß er weiters auf eine in heftigem
1872 1766 1911 1810 1
1923 1784 3010 1850 und persönlichem Tone geschriebene Kritik dieser schrift¬
1922 1824 3026 1901 stellerischen Arbeit — welche Kritik in einem Wiener
1803 1868 1910 1943 „ 10
1914 1883 2856 1968 Tagesblatt zu lesen war — nicht reagirt habe.
2567 1927 2606 1991 *
2444 1968 2495 2029 *
1762 2018 1903 2084 Abonne
2033 2011 3023 2082 „Lieutenant Gustl“ ist eine kleine Seelenstudie in
1922 2058 3031 2128 der originellen Form eines Gedankenmonologs: Von den
1923 2101 3027 2181 Vorgängen der Novelle erfährt der Leser nur durch die
1769 2131 1896 2193 Inhalt
1927 2163 3017 2230 gedanklichen Reflexe, welche sie im Gehirn des Helden
1773 2184 1893 2230 blät
1929 2212 3021 2274 des Lieutenants Gustl, auslösen. Mit der minutiösesten
1776 2221 1898 2271 wodure
1919 2252 3018 2319 Sorgfalt hat der Autor die kleinen und kleinsten
1921 2302 3031 2372 Gedankentheilchen seines Lieutenants Gustl, gleichsam
1924 2349 3028 2428 eine logische Folge psychischer Momentbilder aneinander¬
1929 2394 3036 2475 gereiht und durch diese musivische Arbeit ein Seelen¬
1921 2444 3041 2529 porträt von großer Schärfe, Naturtrene und Lebensechtheit
1931 2496 3028 2566 zustande gebracht. Als nothwendige Consequenz allerdings
1921 2539 3034 2613 dieser analytischen Art, die seelischen Spiegelungen eines
1927 2589 3032 2672 äußeren Vorgangs in ihre kleinsten Elemente aufzulösen,
1928 2632 3034 2702 ergibt sich eine ein wenig asthmatische Diction. Der
1933 2690 3030 2751 thatsächliche Inhalt der Studie ist — in gedrängter
1926 2737 3038 2803 Kürze — folgender: Lieutenant Gustl hat im Concert
1924 2779 3038 2842 ein Rencontre mit einem energischen CivilistenEs
1928 2828 3032 2892 kommt zu Injurien, der Lieutenant will den Säbel
1925 2868 3028 2956 ziehen, aber der Civilist hindert ihn daran mit Brachial¬
1931 2926 3038 2996 gewalt. Lieutenant Gustl verbringt eine qualvolle Nacht.
1934 2970 3039 3049 Wenn das Regiment von dem Vorfall erfährt, muß er
1938 3026 3032 3086 quittiren. Eine Kugel vor den Kopf scheint der einzige
1936 3062 3045 3137 noble Ausweg aus dieser Affaire. Das Schicksal schenkt
1935 3123 3043 3181 aber dem Lieutenant Gustl eine glücklichere Lösung der
1942 3158 2964 3229 Sache: Deu enragirten Civilisten trifft der Schlag
1936 3196 3045 3285 dieser Schlag ex machina befreit den Lieutenant Gustk
1938 3251 3041 3323 aus aller Verlegenheit. Niemand weiß, was geschehen
1932 3301 3035 3370 ist, der einzige Zeuge seiner Schmach ist todt: Lieutenant
1933 3357 2282 3440 Gustl ist gerettet.
2026 3384 3040 3468 Durch diese bizarre Geschichte nun soll die Ehre
1937 3456 3037 3525 der österreichischen Armee gekränkt worden sein. Der
1944 3504 3044 3578 Armee? Ja, repräsentirt Lieutenaut Gustl die öster¬
1933 3549 3038 3632 reichische Armee? Die Beleidigung unseres Heeres be¬
1938 3601 3037 3677 geht der militärische Ehrenrath, der in „Lieutenant
1947 3647 3020 3715 Gustl“ einen typischen Vertreter des Officierscorp
1945 3696 3020 3778 sieht, nicht der Dichter, welchen allein das gan
1938 3736 3026 3815 individuelle seelische Problem zur Darstellun
1949 3792 3039 3868 gereizt hat. Wie ein Mensch, der in sich keine Kräft
1947 3849 3028 3913 und Gewalten trägt, die sein Leben bestimmen, sondern
1938 3888 3038 3955 nur äußeren Mächten unterliegt — wie also ein
1943 3944 3040 4007 solcher leerer Mensch durch einen Zufall aus seinem
2905 3982 2986 4024 edrä
3041 1807 3097 1854 bar
3043 1895 3161 1970 das
3036 1959 3153 2014 s den
3055 2072 3159 2135 d die
3044 2124 3155 2177 gen¬
3055 2165 3151 2215 ung“)
3055 2201 3157 2252 Leben
3041 2239 3164 2300 lungen
