3276 4037
266 142 418 229 10.
458 150 1075 223 Leutnant Gust
1282 159 1640 242 box 1/9
472 206 1114 261 „„„„
850 809 1210 878 Telefon 12801.
366 921 1659 993 Alex. Weigl’s Unternehmen für Zeitungs-Ausschnitte
707 991 1283 1119 „OBSERVER
1408 1014 1651 1122 Nr. 11
307 1124 1721 1205 I. österr. behördl. conc. Bureau für Zeitungsberichte u. Personalnachrichten
498 1182 1557 1274 Wien, IX, Türkenstrasse 17.
509 1274 1330 1348 — Filiale in Budapest: „Figyeld“
275 1321 1716 1428 & Vertretungen in Berlin, Chicago, Genf, London, Newyork, Paris, Rom, Stockholm.
299 1454 803 1539 Ausschnitt aus:
979 1507 1161 1602 WENa
311 1607 470 1675 vom
647 1602 797 1684 8
789 1619 1005 1710 A0
620 1821 1464 1905 Der Schriftsteller Dr. Arthur Schnitzler.
538 1859 1477 1946 dem bekanntlich das Wiener Officiers=Ehrengericht die
545 1903 1469 1983 Officierscharge nahm, weil er in einer Novellenfigur,
532 1939 1459 2020 dem Leutnant Gustl, den Officiersstand verhöhnt haben
546 1982 1465 2057 soll, hatte als Oberarzt nach Absolvirung des Landwehr¬
530 2017 1451 2098 dienstes auf eigenen Wunsch die Officierscharge behalten
542 2058 1458 2134 sich jetzt jedoch geweigert, vor dem Ehrengericht zu er¬
530 2098 1457 2174 scheinen. Er reagirte auch nicht auf einen beleidigenden
530 2136 1460 2206 Angriff in der „Reichswehr: Die Militärs meinen
521 2169 1460 2249 daher, daß sie einen Eingriff in Schnitzler's Künstler¬
519 2215 1455 2288 rechte nicht beabsichtigt hätten. Seine Verurtheilung
530 2250 1448 2324 sei übrigens selbverständlich gewesen. Anderseits wird
522 2291 1447 2360 dem Kriegsminister vorgeworfen, daß er überhaupt die
528 2328 1459 2398 Verweisung einer anstötzigen Novelle vor das Officiers¬
523 2367 931 2425 gericht betrieben habe.
940 2378 1063 2431 Es
1066 2384 1455 2439 ist ein empfindlicher
524 2402 1449 2479 Schaden für Schnitzler, daß seine Stücke hinfort nicht
330 2397 481 2474 Für 50
510 2433 1355 2511 mehr im Burgtheater aufgeführt werden können.
351 2471 422 2510 „
413 2498 492 2540 200
893 2522 930 2561 „
1269 2489 1438 2564 50.—
991 2498 1047 2563 9
1507 2525 1646 2580 Zahlbar
418 2531 492 2580 500
353 2543 390 2589 „
638 2539 691 2590 „
1320 2538 1430 2589 110.—
1106 2559 1144 2598 „
347 2573 480 2634 „ 1000
995 2593 1052 2630 „
879 2581 922 2637 #
1107 2597 1159 2649 „
428 2619 1691 2699 Im Gegensatze zu anderen Bureaux für Zeitungsausschnitte ist das
297 2662 1302 2733 Abonnement durch keine bestimmte Zeitdauer begrenzt;
1299 2676 1693 2738 — auch steht es den
298 2710 1557 2775 Abonnenten frei die aufgegebenen Themen zu ergänzen oder zu ändern.
423 2793 1697 2861 Der „OBSERVER“ veranstaltet täglich einen Auszug enthaltend die
305 2809 1688 2892 Inhaltsangabe aller wichtigen Mittheilungen der Wiener Morgen¬
298 2870 1674 2940 blätter (Tagesjournale ausser „Neue Freie Presse“ und „Wiener Zeitung“
304 2918 1694 2968 wodurch eine Uebersicht über das gesammte politische und wirthschaftliche Leben
300 2950 1694 3028 des In- und Auslandes in drastischer Kürze geboten wird. Diese Mittheilungen
304 2992 1069 3055 werden in Wien um 9 Uhr Früh verschickt.
598 3057 1402 3148 Prospecte gratis und franco.
1877 1755 1913 1820 4
1965 28 3231 113 Alex. Weigl's Unternehmen für Zeitungs-Ausschnitte
2961 93 3098 154 Ausschnitt
1825 124 1934 216 G
2300 145 2875 236 „OBSLKVEN
2992 132 3225 239 Nr. 16
1893 224 3277 309 I. österr. behördl. conc. Bureau für Zeitungsberichte u. Personalnachrichter
2067 292 3127 388 Wien, IX/. Türkenstrasse 17.
2281 383 2911 467 Filiale in Budapest: „Figyel)“
1890 453 3284 541 Vertretungen in Berlin, Chicago, Genf, London, Newyork, Paris, Rom, Stockholm
1894 572 2373 650 Ausschnitt aus:
2429 568 2999 660 Verwärte (Gerlis)
2421 690 2583 783 227
1883 717 2081 790 vom
2418 898 2669 985 Ausland.
2265 966 2811 1046 Dichter und Reserveoffizier.
2023 1003 3119 1104 Aus Wien wird uns vom 21. Juni geschrieben: Eine
1941 1033 3127 1151 Ek. östreichische Dichtkunst hat es immer gegeben, aber daß man
1947 1091 3112 1185 nach dem militärischen Dienstreglement zu dichten habe,
1938 1125 3112 1227 ist sicherlich etwas Neues. Und doch ist diese Regel gestern hoch¬
1934 1174 3117 1262 amtlich verkündet worden: Ein Schriftsteller ist wegen
1937 1207 3119 1299 einer Novelle vom Ehrenrat seiner Offiziers¬
1924 1239 3112 1332 charge verlustig erklärt worden. Der Held dieser Tragi¬
1926 1280 3107 1379 komödie ist Arthur Schnitzler, unter den Schriftstellern der so¬
1931 1326 3114 1406 genannten Wiener Schule sicherlich der begabteste. Schnitzler ver¬
1919 1360 3098 1450 beentlichte in der Weihnachtsnummer der „Neuen Freien Presse“ eine
1931 1395 3100 1497 Studie „Lientenant Gustl“, die nicht nur dichterisch äußerst
1940 1437 3122 1539 wertvoll, sondern sicherlich eine der schärfsten Satiren ist, die
1937 1477 2991 1578 je gegen den Offiziersstand geschrieben worden sind.
3054 1533 3115 1580 Die
1935 1521 3010 1618 Stärke der Satire liegt darin, daß der Dichter
3148 1557 3231 1612 asive
3051 1575 3119 1624 den
1930 1556 3107 1659 Lientenant nicht verhöhnt, sondern schildert — als einen im
1919 1588 3101 1693 Grunde genommen gutmütigen und nicht ungünstig veranlagten
3130 1616 3221 1701 iar
1932 1630 3106 1737 Menschen, dem jedoch der äußerliche Ehrbegriff des Portepees den
3141 1687 3231 1737 Oraus
1913 1669 3101 1771 Kopf verdreht, das Herz ausgehöhlt, die echte Sittlichkeit vertrieben
1927 1705 3104 1812 hat. Es ist nicht gerade der Offizier, den Schnitzler schildert, sondern
3130 1735 3264 1810 st das
1920 1743 3096 1853 der Lientenant, der halbwüchsige Junge, den der Müßiggang
3148 1796 3256 1857 es der
1922 1781 3110 1894 des Solbatentums zu den Weibern treibt, dessen centrales Empfinden
1931 1826 3101 1925 der geschlechtliche Genuß ist. Die kleine Novelle ist ein einziger
1920 1858 3097 1968 Monolog; Lientenant Gustl ist in ein ernstes Konzert geraten, wo
1915 1902 3092 2005 er sich furchtbar langweilt, und gerät beim Ausgang mit einem
3129 1964 3265 2014 Pgen¬
1909 1941 3093 2042 Bäckermeister in Streit. Dieser beschimpft ihn, der Lientenant will den
3116 2000 3256 2052 leitung“
1913 1976 3087 2082 Säbel ziehen, doch der Bäckermeister hält den Säbel fest und nennt ihn
3114 2036 3253 2088 ie Leben
1915 2017 3087 2120 einen dummen Buben. Nun entwickelt sich in dem verrückten Burschen
3114 2079 3225 2133 eilung
1906 2049 3077 2159 die ganze groteske Gedankenweite des Offiziers, die damit schließt
1911 2092 3098 2205 daß er sich töten müsse; die ,Schmach“ könne er auf sich nicht sitzen
1902 2128 3086 2238 lassen. Er geht in den Prater, um sich die Kugel in den Kopf zu
1909 2167 3095 2276 schießen, tritt aber vor dem entscheidenden Augenblick noch in sein
1910 2209 3085 2310 Stamcafé ein. Dort erfährt er, daß den Bäckermeister in der Nacht
1898 2250 3077 2355 der Schlag getroffen hat, der Verüber und Zeuge seiner „Schande“
1891 2286 3014 2385 tot ist. Hier ist der Kern der blutigen Satire: der Lieutenant
1901 2327 2945 2425 ob der Nachricht selig, überglücklich: „O, herrlich, herrlich!
3015 2379 3086 2427 Am
1905 2364 2902 2469 End' ist das alles, weil ich in der Kirchen g’wesen bin.
3012 2421 3085 2470 Tot
1895 2401 3086 2508 ist er — tot ist er! Keiner weiß was, und nichts ist geschehen!
1890 2438 2886 2537 Und das Mordsglück, daß ich in das Kaffeehaus
2903 2495 3073 2552 gegangen,
1898 2477 2896 2579 sonst hätt' ich mich ja ganz umsonst erschossen!
2964 2536 3070 2586 Wohl¬
1898 2524 3072 2623 gemut zündet er sich die Cigarre an, bestellt sich seine
1897 2558 3058 2665 Geliebte für abends und ist wieder der ritterliche, schneidige
1896 2600 3058 2694 ehrenhafte Offizier, als der er sich und den andern gilt. Das, was
1884 2633 3072 2738 in der kleinen Skizze so wunderbar erfaßt ist, ist die innerliche
1878 2674 2867 2769 Verrohung, die aus dem Offiziersktand hervorgeht:
2877 2720 3059 2774 Jene Ver¬
1880 2717 2853 2798 rohung, der ein äußerlicher, fetischistischer Ehrbegriff
2876 2761 3063 2815 über alles
1882 2756 3070 2854 geht. Die wahnsinnige Freude über den Tod eines Menschen geht
1871 2791 2042 2843 ins Blut.
1957 2834 3068 2927 Herr Schnitzler ist ob dieser Novelle nun in ehrenrätliche Unter¬
1873 2863 3063 2965 suchung gezogen worden — er ist Reserve=Offizier und Regiments¬
1877 2910 3052 3005 unzt — und als er es korrekterweise ablehnte, über sein dichterisches
1878 2941 3048 3041 Schaffen dem Ehrenrate Rede und Antwort zu siehen,
1865 2976 3053 3085 wurde er von dieser muttärischen Behörde des Offiziers¬
1864 3026 2471 3096 charatters für verlustig erklärt.
2475 3049 3048 3120 Die Sache ist für Herrn
1865 3056 3040 3153 Schnitzler wohl ohne jede Bedeutung; schließlich ist man
1864 3093 3038 3193 lieber ein Dichter, denn ein Regimentsarzt, und wenn die
1861 3132 3045 3233 östreichischen Offiziere vermeinen, daß das Dichten mit dem Dienst¬
1857 3175 3034 3271 reglement unverembat ist, so wird wohl jeder auf das fragwürdige
1859 3207 3035 3305 Vergnügen, seine Muse von dem Offiziersbegriff inspiriren zu lassen,
1858 3248 3028 3349 gern verzichten. Der Ehrenrat hat sich ja nicht zum erstenmale
1853 3290 3033 3392 blamiert. Als er seiner Zeit dem Genossen Leuthner wegen einer
1850 3327 3033 3428 wissenschaftlichen Rede über Marx den Offizierscharakter entzog,
1858 3363 3039 3466 bezeugte er vor der Wissenschaft denselben Respekt, den er jetzt vor
1850 3400 3017 3506 der Kunst offenbart. Das Interessante an dieser „Maßregelung
1887 3447 3024 3545 nes Dichters liegt aber darin, daß der Offiziersstand damit
1859 3487 3027 3577 bekräftigt, wie wenig er die wahrheitsgemäße
1850 3517 2901 3617 Schilderung seiner Mitglieder verträgt.
2952 3568 3033 3616 Der
1841 3554 3022 3657 Dichter hat uns den Typus des Lientenants gezeigt, den Typus
1839 3599 3020 3692 einer Kaste, die ihr sittliches Fundament, ihre sociale Notwendigkeit
1842 3635 3012 3733 verloren hat und deshalb ganz aufs Aeußerliche angewiesen ist.
1834 3672 3010 3768 Der Militarismus verträgt aber nicht das grelle Licht, mit dem der
1841 3708 3009 3807 Dichter das aufgedonnerte Nichts dieses Standesgefühls beleuchtet
1841 3747 2968 3846 hat. Herr Schnitzler mag sich trösten: der den Lientenant Gustl
1827 3790 3006 3893 unbarmherzig porträtiert hat, kann nicht wünschen, sein Standes¬
1828 3825 2152 3888 genosse zu bleiben.
