3276 4037
252 181 1041 253 10. Leutnant Gust
1265 170 1610 260 box 1/9
750 228 1094 296 e en
661 465 1678 551 Durch diese bizarre Geschichte nun soll die Ehre
554 512 1657 611 der österreichischen Armee gekränkt worden sein. Der
548 565 1657 656 Armee? Ja, repräsentirt Lieutenaut Gustl die öster¬
554 617 1668 686 reichische Armee? Die Beleidigung unseres Heeres be¬
549 660 1660 750 geht der militärische Ehrenrath, der in „Lieutenanz
544 709 1642 805 Gustl“ einen typischen Vertreter des Officierscorp
551 749 1633 836 sieht, nicht der Dichter, welchen allein das gan
544 799 1652 893 individuelle seelische Problem zur Darstellung
546 850 1635 941 gereizt hat. Wie ein Mensch, der in sich keine Kräft
547 904 1647 994 und Gewalten trägt, die sein Leben bestimmen, sondern
540 945 1650 1045 nur äußeren Mächten unterliegt — wie also ein
533 988 1658 1083 solcher leerer Meusch durch einen Zufall aus seinemel
528 1047 1663 1143 elenden Gleichgewicht gebracht, zum Abgrund gedränge
527 1086 1630 1171 wird und abermals durch einen Zufall dieses Gleich¬
528 1137 1639 1227 gewicht wieder erlangt — das wollte der Autor zeigen.
528 1185 1640 1279 Er hat einen Officier zum Helden seiner Geschichte gewählt,
528 1235 1633 1320 weil eben bei diesem die äußere Macht, der Ehre=Götze, ge¬
521 1283 1626 1378 geben ist und dem Dichter eine besondere Motivirung, wieso
512 1329 1631 1420 die Rücksicht auf diese Macht zu einem seelischen Con¬
515 1370 1619 1468 flict führt, erspart bleibt. Welche Kurzsichtigkeit gehört
514 1415 1619 1505 dazu, dieses rein technische Moment, welches den Autor
512 1468 1625 1556 eben einen Officier in den Mittelpunkt seiner Studie
509 1517 1613 1608 stellen ließ, so zu verkennen und in „Lieutenant Gustl“
508 1565 1619 1657 ein Pamphlet gegen die Armee zu erblicken! Ist das
501 1610 1606 1709 wirklich gar so typisch, daß die brutale Civilistenfaust
501 1655 1605 1748 das arme Officiershascherl bändigt? Ist nicht vielmehl
507 1701 1619 1801 der Fall typisch, in dem er civile Schädel von dem
498 1754 1611 1841 Officierssäbel gezüchtigt wird? Lieutenant Gustl ist aller¬
506 1799 1611 1896 dings kein sehr sympathisches Individuum. Aber weil
507 1850 1605 1939 der Autor einen unangenehmen Kerl zeichnete, der
489 1886 1601 2000 Officier ist, deshalb hat er doch wohl nicht erklären
491 1944 1544 2034 wollen, alle Officiere seien solche unangenehme Kerle.
597 1991 1605 2090 So viel über das Meritorische der Sache. Wichtiger
497 2028 1595 2136 scheint es noch, über ihre principielle Seite ein Wort zu
497 2087 1594 2177 sprechen. Es ist ganz unerhört, daß eine Berufsclasse —
480 2135 1593 2227 hier die militärische — einen Schriftsteller in Acht und
481 2182 1589 2277 Bann erklaren darf, weil er einen Vertreter ihres Berufs
495 2226 1592 2327 in ungünstigem Licht erscheinen ließ. Schon genug der
491 2275 1582 2376 falschen ethischen und ästhetischen Schranken sind für die künst¬
483 2327 1596 2422 lerische Bethätigung aufgerichtet; daß sich jetzt außerdem
482 2376 1607 2481 auch noch eine Classen= und Kastenjustiz da geltend
490 2458 1608 2542 machen soll, dagegen muß energisch protestirt werden.
492 2503 1600 2587 Das Dichten ist heutzutage bei der großen Concurrenz
493 2561 1596 2633 ohnehin kein besonderes Vergnügen mehr; soll es
492 2605 1603 2681 jetzt für die Dichter auch noch zu einer
493 2655 1589 2730 socialen Gefahr werden? Ein Arzt, der Literatur treibt,
484 2704 1587 2778 darf von keinem Arzt in tadelnden Worten sprechen, für
491 2745 1582 2826 den schriftstellernden Reserveofficier müssen die Officiere,
494 2792 1582 2871 für den dichtenden Polititer die Politiker untadelhafte
494 2845 1597 2911 sacrosancte Wesen sein? Sonst wird er von den respectiven
499 2885 1588 2965 Ehrengerichten aus den Reihen der Berufsgenossenschaft
487 2948 1596 3005 gestoßen. Gerade in den Kreisen, in welchen ein Autor
485 2987 1590 3061 durch sein Metier heimisch ist, erlebt und findet er
482 3039 1594 3103 naturgemäß literarische Stoffe. Und je nach seinem
488 3077 1589 3154 Temperament, nach der specifischen Art seiner Begabung
484 3120 1597 3205 können die Beobachtungen, die er da als Psychologe
497 3169 1594 3250 sammelt, wohl auch satirischer, polemischer Natur sein.
491 3223 1599 3292 Das müßte sich nun aufhören; das Dichten würde ein
491 3276 1595 3339 zu riskantes Geschäft, wenn man nicht nur bei den
479 3322 1589 3396 Zeitungsrecensenten, sondern auch bei seinen Berufs¬
480 3363 1010 3431 genossen durchfallen müßte.
573 3423 1589 3493 Ob es klug war — nicht nur literarisch=, sondern
482 3472 1592 3528 auch militärisch=klug — den Autor des „Lieutenant
489 3509 1583 3581 Gustl“ zu maßregeln, darüber ließe sich auch Manches
482 3555 1584 3631 sagen. Jetzt erst, nachdem der Ehrenrath eine solche
472 3607 1585 3677 Haupt= und Staatsaction aus der kleinen Geschichte vom
481 3670 1584 3734 „Lieutenant Gustl“ gemacht hat — jetzt erst könnte
481 3710 1589 3771 mancher Leser der Schnitzler'schen Novelle glauben, daß
473 3751 1584 3818 er es da nicht mit einem frei von der Phantasie des
481 3797 1578 3874 Dichters gestellten und gelösten Problem zu thun habe,
474 3847 1578 3930 sondern daß da ein Eingeweihter aus der Schule ge¬
474 3892 731 3959 plaudert hat.
2292 858 2658 927 Telefon 12801.
1848 955 3108 1042 Alex. Weigl’s Unternehmen für Zeitungs-Ausschnitte
2838 1018 2995 1083 Ausschnitt
1793 1029 1868 1127 54
2866 1061 3128 1166 Nr. 82
2163 1059 2656 1164 „CÖSERVE
1782 1169 3178 1248 I. österr. behördl. cone. Bureau für Zeitungsberichte u. Personalnachrichten
1962 1236 3017 1316 Wien, IX. Türkenstrasse 17.
2109 1315 2872 1397 — Filiale in Budapest: „Figyelö“ —.
1787 1383 3187 1473 Vertretungen in Berlin, Chicago, Genf, London, Newyork, Paris, Rom, Stockholm.
1786 1509 2261 1588 Ausschnitt aus:
1969 1569 2405 1689 J16 140
1791 1667 1942 1735 vom
2000 1894 3035 2009 („Lientenant Gustl“.) Der Schriftsteller Dr. Arthur
1909 1960 3031 2050 Schnitzler, der Regimentsarzt in der Reserve war, ist,
1902 2015 3047 2098 wie die „Wr. Allg. Zig.“ mittheilt, von einem militärischen
1906 2046 3048 2144 Ehrenrathe seiner Officierscharge verlustig
1914 2103 3043 2189 erklärt worden. Als Gründe dieses ehrenräthlichen Richter¬
1908 2144 3042 2244 spruches wird angegeben, daß Dr. Schnitzler durch seine
1905 2192 3045 2288 novellistische Studie „Lieutenant Gustl“, der Ehre des öster¬
1918 2239 3045 2334 reichischen Officierscorps nahegetreten sei und daß er weiter
1919 2286 3054 2388 auf eine Kritik dieser schriftstellerischen Arbeit nicht
1921 2368 2164 2453 reagirt habe.
2236 2371 2757 2468 bezugs-Bedingungen:
2829 2456 2892 2513 15.
1922 2462 2824 2519 50 Zeitungsausschnitte (Artikel oder Notizen). Kr.
2982 2470 3143 2539 inclusive
2832 2504 2881 2546 28
1908 2508 1971 2553 100
2597 2510 2643 2559 *
2492 2508 2529 2556 „
1848 2525 1885 2568 „
3007 2517 3129 2562 Porto.
1904 2544 1983 2590 200
2381 2557 2419 2595 „
2598 2552 2646 2592 „
2755 2559 2795 2591 „
2492 2547 2529 2599 „
2989 2552 3143 2607 Zahlbar
2760 2570 2923 2631 „ 110.—
1895 2588 1969 2632 500
2487 2598 2529 2646 „
2591 2589 2643 2639 19
2135 2593 2174 2640 „
2950 2589 3170 2656 im Voraus.
2813 2618 2893 2664 200.—
2700 2614 2791 2672 * „
1845 2625 1976 2676 „ 1000
2484 2617 2607 2678 „
1921 2650 3182 2723 Im Gegensatze zu anderen Bureaux für Zeitungsausschnitte ist das
2793 2718 2840 2756 —
2857 2708 3191 2765 auch steht es den
1797 2713 2798 2768 Abonnement durch keine bestimmte Zeitdauer begrenzt;
1804 2760 3043 2822 Abonnenten frei die aufgegebenen Themen : ergänzen oder zu ändern.
1922 2810 3194 2896 Der „OBSERVER“ veranstaltet täglich einen Auszug enthaltend die
1803 2877 3187 2929 Inhaltsangabe aller wichtigen Mittheilungen der Wiener Morgen¬
1802 2910 3193 2972 blätter (Tagesjournale ausser „Neue Freie Presse“ und „Wiener Zeirung“)
1807 2959 3189 3006 wodurch eine Uebersicht über das gesammte politische und wirthschaftliche Leben
1807 2991 3189 3054 des In- und Auslandes in drastischer Kürze geboten wird. Diese Mittheilungen
1808 3038 2572 3094 werden in Wien um 9 Uhr Früh verschickt.
2105 3102 2898 3192 Prospecte gratis und franco.
