3296 4128
1289 105 1688 199 box 1/10
274 104 1106 205 10. Leutnant Gustl
1062 762 1434 863 Telefon 12801.
595 866 1887 952 Alex. Weigl’s Unternehmen für Zeitungs-Ausschnitte
1610 935 1755 999 Ausschaltt
921 967 1827 1088 „OBSERVER“ Nr.
593 984 761 1089 23
521 1068 1942 1144 I. österr. behördl. conc. Bureau für Zeitungsberichte u. Personalnachrichten
707 1131 1783 1247 Wien, IX. Türkenstrasse 17.
897 1210 1573 1312 Filiale in Budapest: „Figyelé“ —
524 1296 1935 1395 Vertretungen in Berlin, Chicago, Genf, Loudon, Newyork, Paris, Rom, Stockholm.
520 1397 1750 1495 Ausschnitt aus: Neue Glüichter, Wie
530 1550 683 1639 vom
809 1533 1246 1659 17.— 490.
1897 1819 2968 1896 Stupski: Leuten, die einmal Waffenrock geziert hat, soll über¬
506 1818 1037 1921 Am Offizierstisch.
1766 1879 2446 1942 haupt olles Schreiben verboten werden.
1324 1907 1728 1972 Die Stammgäste am Eck¬
1883 1928 2969 1993 Lampassowitz: Freilich, und wenn sie schon reiten müssen,
1252 1962 1717 2034 fenster des Café Königgrätz
1780 1955 1904 2040 warum
1904 1989 2978 2059 gerade Pegasus? Können sich ja zur Kavallerie transferiren
1246 2016 1729 2077 waren wieder vollständig bei¬
1775 2023 1883 2101 lassen.
1251 2059 1729 2130 sammen und unterhielten sich
1888 2041 2982 2139 Bumser: Wenn mich meine literarischen Kenntnisse nicht
1251 2110 1715 2175 wie gewöhnlich damit, di
1767 2115 2967 2196 täuschen, läßt sich Offiziersrang und Dichtkunst ganz gut vereinbaren.
1246 2165 1729 2219 Passanten durch das Monokle
1888 2166 2362 2237 Stupski: Kaum glaublich!
1250 2203 1728 2271 zu mustern und dabei möglichst
1882 2221 2991 2307 Bumser: O, man hat Beispiele von Klassikern unter den
1257 2262 1726 2315 geistreiche Gespräche zu führen.
1763 2254 1982 2339 Lieutenants.
1253 2304 1730 2370 „Aeh,“ sagte der Lieutenant
1888 2289 2812 2385 Lampassowitz: Da wäre ich meiner Treu neugierig.
1249 2362 1722 2411 von Stupski, als eben ein
1883 2376 2974 2431 Bumser: Na, haben wohl schon von Lieutenant Körner gehört,
1245 2410 1723 2468 Militärarzt am Fenster vorbei¬
690 2402 740 2461 2
1782 2420 2978 2473 der „Leierkasten und Schwert“ oder so 'was Aehnliches gedichtet hat?
1243 2448 1732 2514 ging, „war es nicht geniale
1885 2467 2977 2540 Lampassowitz: Hm, Leierkasten kenne ich, aber Lieutenant
1245 2501 1725 2565 Idee, den Autor von „Lieu¬
1773 2509 2967 2583 Körner ist mir gänzlich unbekannt. Ist wohl auch nur Reserve¬
1161 2502 1209 2570 )
1251 2551 1715 2616 tenant Gustl“ zu degradiren?“
1772 2561 2972 2631 Lieutenant? Uebrigens läßt schon dieser Titel erkennen, daß seine
643 2594 1716 2685 Oberlieutenant von Szvutic: Kamerad meinen den Dings..
1775 2613 2975 2685 Dichterei nur ein Hohn auf die Versorgung der Militärinvaliden ist.
521 2644 1048 2713 na, wie heißt denn der Kerl?
1882 2663 2975 2727 Bumser: So weit reichen meine sonst ganz enormen literarischen
646 2684 1724 2768 Lieutenant Bumser: Warten Sie einen Moment, Kamerad, der
1778 2709 2976 2778 Kenntnisse nicht. Aber ich erinnere mich auch an einen Lieutenant Her¬
528 2727 1723 2816 Name muß mir gleich einfallen, wenn ich meine enormen literarischen
1779 2767 2870 2844 mann v. Kleister, der Dichter der berühmten „Heinrichsschlacht“.
522 2782 1728 2861 Kenntnisse Revue passiren lasse. Richtig, hat ihn schon: Schnauzler
1889 2813 2976 2878 Lampassowitz: Kleister kommt mir bekannt vor, aber über die
527 2838 960 2908 heißt er, oder so ähnlich.
1768 2864 2552 2926 „Heinrichsschlacht“ habe ich noch nichts gehört.
653 2903 1725 2984 Lieutenant von Lampassowitz: Vorbeigetroffen, lieber Bumser;
1885 2895 2798 2976 Szvutic: Wo hat denn diese Schlacht stattgefunden?,
534 2942 891 3011 Schnitzler heißt er.
1887 2954 2976 3013 Bumser: Ich glaube im Alterthum oder in einer ähnlichen
654 3002 1724 3062 Szvutic: War höchste Zeit, ihn auf's Korn zu nehmen. Hat
1780 2999 1917 3071 Gegend.
533 3057 1469 3104 ganz disziplinwidrig an Offiziersehre herumgeschnitzelt.
1882 3053 2975 3140 Stupski: Da fällt mir auch ein klassischer Major ein, der Herr
656 3093 1724 3169 Stupski: Man soll Leuten, die zivilistische Literatur schmieren,
1777 3090 1941 3167 v. Lauff.
522 3133 1211 3206 überhaupt nicht Offiziersrang verleihen.
1881 3130 2979 3223 Bumser: Allen Respekt vor diesem, aber mit dem Lieutenant
645 3195 1738 3264 Lampassowitz: Stimmt! Besonders nicht so Dichtern, die
1761 3204 2564 3264 Kleister kann sich der Major nicht vergleichen.
526 3228 1726 3316 vielleicht noch obendrein allerhand dummes Zeug studirt haben, bevor
1888 3258 2324 3309 Stupski: Warum nicht?
531 3286 884 3353 sie einjährig wurden.
1881 3303 2978 3365 Bumser: Weil sich der Lieutenant Kleister in einem Anfalle
655 3337 1723 3412 Szvutic: War ja gar kein richtiger Offizier, dieser Schnitzler,
1774 3344 2971 3414 von Geistesverwirrung erschossen hat, während sich Major Lauff bei
520 3379 1601 3472 sondern bloß so ein Regimentsarzt, und noch dazu in Reserve.
1762 3399 2490 3465 solchen Gelegenheiten aufs Dichten verlegt.
