<?xml version="1.0" encoding="UTF-8" standalone="yes"?>
<PcGts xmlns="http://schema.primaresearch.org/PAGE/gts/pagecontent/2013-07-15" xmlns:xsi="http://www.w3.org/2001/XMLSchema-instance" xsi:schemaLocation="http://schema.primaresearch.org/PAGE/gts/pagecontent/2013-07-15 http://schema.primaresearch.org/PAGE/gts/pagecontent/2013-07-15/pagecontent.xsd">
    <Metadata>
        <Creator>prov=University of Rostock/Institute of Mathematics/CITlab/Gundram Leifert/gundram.leifert@uni-rostock.de:name=ONB_Newseye_GT_M1+(htr_id=10810)::::v=2.4.2
prov=University of Rostock/Institute of Mathematics/CITlab/Tobias Gruening/tobias.gruening@uni-rostock.de:name=de.uros.citlab.module.baseline2polygon.B2PSeamMultiOriented:v=2.4.2
prov=University of Rostock/Institute of Mathematics/CITlab/Tobias Gruening/tobias.gruening@uni-rostock.de:name=/net_tf/LA73_249_0mod360.pb:de.uros.citlab.segmentation.CITlab_LA_ML:v=2.4.2
Transkribus</Creator>
        <Created>2019-10-07T10:27:28.644+02:00</Created>
        <LastChange>2019-10-07T14:04:48.998+02:00</LastChange>
        <TranskribusMetadata docId="223911" pageId="9492541" pageNr="125" tsid="16376782" status="IN_PROGRESS" userId="40391" imgUrl="https://files.transkribus.eu/Get?id=FBIBHZWXOEUAPNPRAMOAKUWS&amp;fileType=view" xmlUrl="https://files.transkribus.eu/Get?id=VDCXDMZZJNTFAIGUWMARAJHH" imageId="6182829"/>
    </Metadata>
    <Page imageFilename="223911_0125.jpeg" imageWidth="3248" imageHeight="4096">
        <ReadingOrder>
            <OrderedGroup id="ro_1711444651810" caption="Regions reading order">
                <RegionRefIndexed index="0" regionRef="r1"/>
            </OrderedGroup>
        </ReadingOrder>
        <TextRegion orientation="0.0" id="r1" custom="readingOrder {index:0;}">
            <Coords points="229,201 229,3166 2332,3166 2332,201"/>
            <TextLine id="r1l1" custom="readingOrder {index:0;}">
                <Coords points="221,249 1055,238 1072,166 810,187 585,168 518,193 423,172 360,202 301,169 220,179"/>
                <Baseline points="229,236 270,236 312,236 354,235 396,235 437,234 479,233 521,232 563,231 604,230 646,229 688,229 730,228 771,227 813,227 855,226 897,226 938,227 980,227 1022,228 1064,230"/>
                <TextEquiv>
                    <Unicode>10. Leutnant Gustl</Unicode>
                </TextEquiv>
            </TextLine>
            <TextLine id="r1l2" custom="readingOrder {index:1;}">
                <Coords points="1242,225 1290,244 1423,230 1552,254 1628,239 1630,156 1575,170 1441,162 1377,184 1353,171 1316,183 1286,165 1243,173"/>
                <Baseline points="1250,227 1276,228 1302,229 1329,230 1355,231 1382,231 1408,232 1435,233 1461,233 1487,234 1514,234 1540,234 1567,234 1593,233 1620,233"/>
                <TextEquiv>
                    <Unicode>box 1/12</Unicode>
                </TextEquiv>
            </TextLine>
            <TextLine id="r1l3" custom="readingOrder {index:2;}">
                <Coords points="370,247 415,267 653,258 725,277 768,257 1073,260 1073,231 1030,228 370,233"/>
                <Baseline points="380,254 414,254 448,254 482,254 517,254 551,253 585,253 619,253 654,252 688,252 722,252 756,251 791,251 825,251 859,250 893,250 928,250 962,250 996,250 1030,250 1065,251"/>
                <TextEquiv>
                    <Unicode>W</Unicode>
                </TextEquiv>
            </TextLine>
            <TextLine id="r1l4" custom="readingOrder {index:3;}">
                <Coords points="1357,831 1379,826 1424,858 1462,826 1580,853 1613,832 1652,848 1735,832 1861,848 1861,775 1801,787 1737,758 1685,787 1627,790 1357,758"/>
                <Baseline points="1367,825 1392,825 1418,825 1443,825 1469,825 1494,825 1520,825 1545,825 1571,825 1596,825 1622,825 1647,825 1673,825 1698,825 1724,825 1749,825 1775,826 1800,826 1826,826 1852,826"/>
                <TextEquiv>
                    <Unicode>The Germanic Reviem</Unicode>
                </TextEquiv>
            </TextLine>
            <TextLine id="r1l5" custom="readingOrder {index:4;}">
                <Coords points="894,830 919,834 932,848 949,844 967,849 985,847 990,789 970,788 967,784 957,787 949,780 932,792 928,788 921,791 911,781 898,782"/>
                <Baseline points="904,823 941,828 978,829"/>
                <TextEquiv>
                    <Unicode>239</Unicode>
                </TextEquiv>
            </TextLine>
            <TextLine id="r1l6" custom="readingOrder {index:5;}">
                <Coords points="887,926 2331,945 2331,887 2198,872 887,880"/>
                <Baseline points="896,926 967,927 1038,928 1109,929 1181,930 1252,930 1323,930 1395,931 1466,931 1537,931 1609,931 1680,931 1751,930 1822,930 1894,930 1965,931 2036,931 2108,931 2179,932 2250,932 2322,933"/>
                <TextEquiv>
                    <Unicode>certain Gustav Davis appeared in the Reichswehr. It is stated</Unicode>
                </TextEquiv>
            </TextLine>
            <TextLine id="r1l7" custom="readingOrder {index:6;}">
                <Coords points="900,994 2331,1000 2331,959 2173,939 900,940"/>
                <Baseline points="908,985 978,986 1049,987 1120,987 1190,988 1261,988 1332,989 1402,989 1473,989 1544,990 1615,990 1685,990 1756,990 1827,990 1897,990 1968,991 2039,991 2109,991 2180,992 2251,992 2322,993"/>
                <TextEquiv>
                    <Unicode>that Herr Davis thereby hoped to get back into the good graces</Unicode>
                </TextEquiv>
            </TextLine>
            <TextLine id="r1l8" custom="readingOrder {index:7;}">
                <Coords points="886,1058 2341,1057 2341,1007 887,1002"/>
                <Baseline points="895,1044 966,1046 1038,1047 1110,1048 1182,1049 1254,1049 1326,1049 1397,1049 1469,1049 1541,1049 1613,1049 1685,1049 1757,1049 1829,1049 1900,1049 1972,1049 2044,1050 2116,1050 2188,1051 2260,1052 2332,1053"/>
                <TextEquiv>
                    <Unicode>of the Ministry of War with which his relations had become</Unicode>
                </TextEquiv>
            </TextLine>
            <TextLine id="r1l9" custom="readingOrder {index:8;}">
                <Coords points="887,1111 1095,1116 1119,1134 1182,1114 1275,1127 1341,1119 1342,1076 1309,1059 1202,1073 1049,1063 1029,1076 963,1048 887,1068"/>
                <Baseline points="896,1105 921,1105 947,1106 972,1106 998,1106 1024,1106 1049,1106 1075,1106 1101,1106 1126,1106 1152,1106 1178,1106 1203,1106 1229,1107 1255,1107 1280,1108 1306,1108 1332,1109"/>
                <TextEquiv>
                    <Unicode>somewhat strained.</Unicode>
                </TextEquiv>
            </TextLine>
            <TextLine id="r1l10" custom="readingOrder {index:9;}">
                <Coords points="971,1185 2334,1185 2334,1118 2271,1109 972,1115"/>
                <Baseline points="980,1164 1047,1165 1114,1166 1181,1166 1248,1167 1316,1167 1383,1167 1450,1168 1517,1168 1584,1168 1652,1168 1719,1168 1786,1168 1853,1168 1920,1168 1988,1169 2055,1169 2122,1170 2189,1170 2256,1171 2324,1172"/>
                <TextEquiv>
                    <Unicode>Shortly after the New Year Schnitzler received the following</Unicode>
                </TextEquiv>
            </TextLine>
            <TextLine id="r1l11" custom="readingOrder {index:10;}">
                <Coords points="902,1242 2314,1245 2314,1191 2202,1178 903,1167"/>
                <Baseline points="912,1220 981,1222 1051,1223 1120,1225 1190,1226 1260,1226 1329,1227 1399,1227 1468,1228 1538,1228 1608,1228 1677,1228 1747,1228 1816,1228 1886,1228 1956,1228 2025,1228 2095,1228 2164,1228 2234,1229 2304,1229"/>
                <TextEquiv>
                    <Unicode>Befehl des k.k. Landwehrergänzungsbezirkskommandos Nr. 1:</Unicode>
                </TextEquiv>
            </TextLine>
            <TextLine id="r1l12" custom="readingOrder {index:11;}">
                <Coords points="920,1329 2338,1333 2339,1277 920,1269"/>
                <Baseline points="930,1310 1000,1311 1070,1311 1140,1312 1210,1312 1280,1313 1350,1313 1420,1314 1490,1314 1560,1314 1630,1315 1700,1315 1770,1315 1840,1315 1910,1316 1980,1316 2050,1316 2120,1316 2190,1316 2260,1316 2330,1315"/>
                <TextEquiv>
                    <Unicode>Seiner Hochwohlgeboren Herrn k.u.k. Oberarzt im Verhältnis</Unicode>
                </TextEquiv>
            </TextLine>
            <TextLine id="r1l13" custom="readingOrder {index:12;}">
                <Coords points="965,1371 1048,1361 1093,1390 1275,1373 1328,1395 1386,1375 1661,1378 1645,1323 966,1324"/>
                <Baseline points="974,1361 1007,1361 1041,1362 1075,1362 1109,1362 1143,1362 1177,1363 1211,1363 1245,1363 1279,1364 1313,1364 1346,1364 1380,1364 1414,1364 1448,1365 1482,1365 1516,1365 1550,1364 1584,1364 1618,1364 1652,1364"/>
                <TextEquiv>
                    <Unicode>der Evidenz Arthur Schnitzler</Unicode>
                </TextEquiv>
            </TextLine>
            <TextLine id="r1l14" custom="readingOrder {index:13;}">
                <Coords points="1698,1421 2254,1430 2254,1373 2230,1381 2175,1354 2099,1379 1984,1370 1964,1390 1914,1388 1894,1368 1819,1387 1698,1362"/>
                <Baseline points="1708,1412 1734,1413 1761,1415 1788,1415 1815,1416 1842,1416 1868,1417 1895,1417 1922,1417 1949,1417 1976,1417 2002,1416 2029,1416 2056,1416 2083,1416 2110,1416 2136,1416 2163,1416 2190,1416 2217,1416 2244,1416"/>
                <TextEquiv>
                    <Unicode>Wien am 3. Jänner 1001</Unicode>
                </TextEquiv>
            </TextLine>
            <TextLine id="r1l15" custom="readingOrder {index:14;}">
                <Coords points="967,1468 2324,1486 2299,1421 967,1407"/>
                <Baseline points="976,1460 1043,1462 1110,1463 1177,1464 1244,1464 1311,1465 1378,1465 1445,1465 1512,1465 1579,1465 1646,1465 1713,1465 1780,1465 1847,1465 1914,1465 1981,1465 2048,1466 2115,1466 2182,1467 2249,1468 2316,1470"/>
                <TextEquiv>
                    <Unicode>Sie haben bekannt zu geben, ob Sie der Verfasser des am 25.</Unicode>
                </TextEquiv>
            </TextLine>
            <TextLine id="r1l16" custom="readingOrder {index:15;}">
                <Coords points="883,1522 2316,1521 2248,1472 883,1466"/>
                <Baseline points="892,1511 962,1512 1033,1512 1104,1513 1175,1513 1245,1514 1316,1514 1387,1514 1458,1514 1528,1515 1599,1515 1670,1515 1741,1515 1811,1515 1882,1515 1953,1515 2024,1515 2094,1516 2165,1516 2236,1516 2307,1517"/>
                <TextEquiv>
                    <Unicode>Dezember 100o in der Neuen Freien Presse erschienenen Feuille¬</Unicode>
                </TextEquiv>
            </TextLine>
            <TextLine id="r1l17" custom="readingOrder {index:16;}">
                <Coords points="894,1572 2329,1599 2304,1523 895,1525"/>
                <Baseline points="904,1562 974,1562 1045,1562 1116,1563 1187,1563 1258,1563 1328,1564 1399,1564 1470,1565 1541,1565 1612,1565 1682,1566 1753,1566 1824,1567 1895,1567 1966,1567 2036,1568 2107,1568 2178,1568 2249,1568 2320,1568"/>
                <TextEquiv>
                    <Unicode>tons" Leutnant Gustl'’ sind. Diese Meldung hat bis 6.d.M.</Unicode>
                </TextEquiv>
            </TextLine>
            <TextLine id="r1l18" custom="readingOrder {index:17;}">
                <Coords points="890,1643 939,1620 964,1636 1295,1619 1369,1643 1423,1638 1423,1580 891,1571"/>
                <Baseline points="900,1613 925,1613 951,1613 977,1613 1002,1613 1028,1613 1054,1613 1079,1613 1105,1613 1131,1613 1157,1613 1182,1613 1208,1613 1234,1613 1259,1613 1285,1614 1311,1614 1336,1614 1362,1615 1388,1615 1414,1616"/>
                <TextEquiv>
                    <Unicode>eingesendet zu werden.-</Unicode>
                </TextEquiv>
            </TextLine>
            <TextLine id="r1l19" custom="readingOrder {index:18;}">
                <Coords points="1907,1683 1938,1675 1970,1690 2010,1679 2040,1689 2062,1669 2087,1684 2121,1674 2197,1701 2242,1692 2241,1614 2188,1635 2099,1619 2019,1619 2001,1632 1961,1605 1907,1620"/>
                <Baseline points="1916,1668 1942,1667 1968,1667 1995,1667 2021,1667 2047,1667 2074,1667 2100,1667 2126,1667 2153,1667 2179,1666 2205,1666 2232,1664"/>
                <TextEquiv>
                    <Unicode>Seker, Major“</Unicode>
                </TextEquiv>
            </TextLine>
            <TextLine id="r1l20" custom="readingOrder {index:19;}">
                <Coords points="886,1763 2326,1770 2326,1708 1995,1685 886,1692"/>
                <Baseline points="895,1749 966,1750 1037,1750 1108,1751 1179,1751 1250,1752 1321,1752 1392,1752 1463,1753 1534,1753 1605,1753 1676,1753 1747,1753 1818,1754 1889,1754 1960,1754 2031,1754 2102,1755 2173,1755 2244,1756 2316,1756"/>
                <TextEquiv>
                    <Unicode>After receipt of this communication Schnitzler first consulted</Unicode>
                </TextEquiv>
            </TextLine>
            <TextLine id="r1l21" custom="readingOrder {index:20;}">
                <Coords points="886,1821 2332,1836 2332,1770 887,1763"/>
                <Baseline points="896,1808 967,1809 1038,1809 1109,1810 1181,1810 1252,1811 1323,1811 1395,1811 1466,1811 1537,1812 1609,1812 1680,1812 1751,1813 1822,1813 1894,1814 1965,1814 2036,1815 2108,1815 2179,1816 2250,1817 2322,1817"/>
                <TextEquiv>
                    <Unicode>his close friend Max Burckhard“ whose advice he also sought</Unicode>
                </TextEquiv>
            </TextLine>
            <TextLine id="r1l22" custom="readingOrder {index:21;}">
                <Coords points="883,1877 2332,1891 2302,1831 884,1818"/>
                <Baseline points="892,1867 963,1868 1035,1868 1106,1869 1178,1869 1249,1869 1321,1870 1392,1870 1464,1871 1535,1871 1607,1871 1678,1872 1750,1873 1821,1873 1893,1874 1964,1875 2036,1876 2107,1877 2179,1878 2250,1879 2322,1880"/>
                <TextEquiv>
                    <Unicode>in all the further developments of this affair. On January 6,</Unicode>
                </TextEquiv>
            </TextLine>
            <TextLine id="r1l23" custom="readingOrder {index:22;}">
                <Coords points="888,1955 1993,1945 1993,1900 1907,1887 888,1891"/>
                <Baseline points="897,1928 951,1928 1005,1928 1060,1929 1114,1929 1168,1929 1223,1929 1277,1929 1331,1929 1386,1929 1440,1930 1494,1930 1549,1930 1603,1930 1657,1931 1712,1931 1766,1931 1820,1931 1875,1932 1929,1932 1984,1932"/>
                <TextEquiv>
                    <Unicode>1001 Schnitzler dispatched the following answer:</Unicode>
                </TextEquiv>
            </TextLine>
            <TextLine id="r1l24" custom="readingOrder {index:23;}">
                <Coords points="972,2025 2323,2042 2324,1956 2160,1991 1990,1944 1829,1988 1657,1947 972,1973"/>
                <Baseline points="980,2013 1046,2014 1113,2015 1180,2015 1247,2016 1313,2016 1380,2017 1447,2017 1514,2017 1580,2017 1647,2017 1714,2017 1781,2018 1847,2018 1914,2018 1981,2018 2048,2019 2114,2019 2181,2020 2248,2021 2315,2022"/>
                <TextEquiv>
                    <Unicode>“Ich erachte mich in keiner Weise verpflichtet, dienstliche</Unicode>
                </TextEquiv>
            </TextLine>
            <TextLine id="r1l25" custom="readingOrder {index:24;}">
                <Coords points="889,2075 2330,2091 2330,2048 2228,2028 889,2010"/>
                <Baseline points="898,2063 969,2064 1040,2065 1111,2066 1182,2066 1253,2066 1324,2067 1396,2067 1467,2067 1538,2067 1609,2067 1680,2067 1751,2067 1822,2067 1894,2068 1965,2068 2036,2069 2107,2070 2178,2071 2249,2072 2321,2074"/>
                <TextEquiv>
                    <Unicode>Meldungen oder Auskünfte über meine literarische Tätigkeit zu</Unicode>
                </TextEquiv>
            </TextLine>
            <TextLine id="r1l26" custom="readingOrder {index:25;}">
                <Coords points="881,2121 2334,2127 2265,2076 881,2080"/>
                <Baseline points="890,2115 961,2116 1033,2116 1105,2116 1176,2117 1248,2117 1320,2117 1391,2117 1463,2117 1535,2117 1607,2118 1678,2118 1750,2118 1822,2118 1893,2118 1965,2119 2037,2119 2108,2120 2180,2121 2252,2122 2324,2123"/>
                <TextEquiv>
                    <Unicode>erstatten, da ich als Oberarzt im Verhältnis der Evidenz im</Unicode>
                </TextEquiv>
            </TextLine>
            <TextLine id="r1l27" custom="readingOrder {index:26;}">
                <Coords points="884,2172 2331,2183 2331,2137 2158,2125 884,2125"/>
                <Baseline points="892,2165 963,2165 1035,2166 1106,2166 1178,2167 1249,2167 1321,2167 1392,2168 1464,2168 1535,2168 1607,2168 1678,2168 1750,2168 1821,2169 1893,2169 1964,2169 2036,2170 2107,2170 2179,2171 2250,2172 2322,2173"/>
                <TextEquiv>
                    <Unicode>Sinne des § 62 des Wehrgesetzes nur mehr jenen Beschränkungen</Unicode>
                </TextEquiv>
            </TextLine>
            <TextLine id="r1l28" custom="readingOrder {index:27;}">
                <Coords points="891,2225 2281,2242 2319,2183 891,2184"/>
                <Baseline points="900,2215 970,2216 1041,2216 1111,2217 1182,2217 1252,2217 1323,2217 1393,2217 1464,2218 1534,2218 1605,2218 1675,2218 1746,2218 1816,2219 1887,2219 1957,2219 2028,2220 2098,2220 2169,2221 2239,2222 2310,2223"/>
                <TextEquiv>
                    <Unicode>unterworfen bin, welche für die Evidenzhaltung erforderlich sind.</Unicode>
                </TextEquiv>
            </TextLine>
            <TextLine id="r1l29" custom="readingOrder {index:28;}">
                <Coords points="890,2279 2201,2293 2319,2282 2320,2243 891,2225"/>
                <Baseline points="900,2265 970,2265 1041,2266 1111,2266 1182,2267 1252,2267 1323,2268 1393,2268 1464,2268 1534,2269 1605,2269 1675,2269 1746,2270 1816,2270 1887,2270 1957,2271 2028,2271 2098,2271 2169,2272 2239,2272 2310,2273"/>
                <TextEquiv>
                    <Unicode>Nach dieser Feststellung nehme ich selbstverständlich keinen</Unicode>
                </TextEquiv>
            </TextLine>
            <TextLine id="r1l30" custom="readingOrder {index:29;}">
                <Coords points="884,2325 2322,2332 2264,2280 884,2282"/>
                <Baseline points="892,2317 963,2317 1034,2318 1105,2318 1176,2319 1247,2319 1318,2319 1389,2319 1460,2319 1531,2320 1602,2320 1673,2320 1744,2320 1815,2320 1886,2321 1957,2321 2028,2321 2099,2321 2170,2322 2241,2322 2312,2323"/>
                <TextEquiv>
                    <Unicode>Anstand zu erklären, daß ich der Verfasser der am 25. Dezember</Unicode>
                </TextEquiv>
            </TextLine>
            <TextLine id="r1l31" custom="readingOrder {index:30;}">
                <Coords points="883,2373 2285,2405 2323,2345 883,2326"/>
                <Baseline points="892,2367 963,2367 1034,2368 1105,2368 1176,2368 1247,2368 1318,2369 1389,2369 1460,2369 1531,2369 1603,2370 1674,2370 1745,2370 1816,2371 1887,2371 1958,2371 2029,2372 2100,2372 2171,2373 2242,2373 2314,2374"/>
                <TextEquiv>
                    <Unicode>1000 in der Neuen Freien Presse erschienenen, mit meinem vollen</Unicode>
                </TextEquiv>
            </TextLine>
            <TextLine id="r1l32" custom="readingOrder {index:31;}">
                <Coords points="882,2424 1410,2424 1486,2455 2065,2429 1989,2375 882,2372"/>
                <Baseline points="890,2417 948,2418 1006,2418 1064,2418 1123,2419 1181,2419 1239,2419 1298,2419 1356,2420 1414,2420 1473,2420 1531,2421 1589,2421 1647,2421 1706,2421 1764,2422 1822,2422 1881,2423 1939,2423 1997,2424 2056,2424"/>
                <TextEquiv>
                    <Unicode>Namen gezeichneten Novelle Leutnant Gustl' bin.</Unicode>
                </TextEquiv>
            </TextLine>
            <TextLine id="r1l33" custom="readingOrder {index:32;}">
                <Coords points="882,2529 2282,2532 2329,2527 2329,2446 882,2455"/>
                <Baseline points="890,2503 961,2504 1032,2505 1104,2505 1175,2505 1247,2506 1318,2506 1390,2507 1461,2507 1533,2507 1604,2508 1675,2508 1747,2508 1818,2509 1890,2510 1961,2510 2033,2511 2104,2512 2176,2513 2247,2515 2319,2516"/>
                <TextEquiv>
                    <Unicode>Before this letter reached its destination a second peremptory</Unicode>
                </TextEquiv>
            </TextLine>
            <TextLine id="r1l34" custom="readingOrder {index:33;}">
                <Coords points="876,2584 2111,2585 2111,2528 2052,2522 877,2534"/>
                <Baseline points="886,2565 946,2565 1007,2565 1068,2565 1129,2565 1190,2565 1250,2566 1311,2566 1372,2566 1433,2567 1494,2567 1554,2568 1615,2568 1676,2568 1737,2569 1798,2569 1858,2569 1919,2570 1980,2570 2041,2570 2102,2570"/>
                <TextEquiv>
                    <Unicode>order was forwarded to Schnitzler by the Kommando:</Unicode>
                </TextEquiv>
            </TextLine>
            <TextLine id="r1l35" custom="readingOrder {index:34;}">
                <Coords points="1682,2665 1934,2661 1970,2683 2006,2663 2062,2677 2118,2658 2175,2674 2254,2666 2255,2612 1803,2627 1750,2601 1683,2604"/>
                <Baseline points="1692,2651 1719,2652 1747,2653 1775,2653 1802,2654 1830,2655 1858,2655 1885,2656 1913,2656 1941,2656 1969,2656 1996,2657 2024,2657 2052,2657 2079,2657 2107,2657 2135,2658 2162,2658 2190,2658 2218,2659 2246,2659"/>
                <TextEquiv>
                    <Unicode>Wien am 8. Jänner 1001</Unicode>
                </TextEquiv>
            </TextLine>
            <TextLine id="r1l36" custom="readingOrder {index:35;}">
                <Coords points="963,2728 2322,2729 2322,2669 2227,2664 963,2667"/>
                <Baseline points="972,2709 1039,2710 1106,2711 1173,2711 1240,2712 1307,2712 1374,2713 1441,2713 1508,2713 1575,2713 1642,2713 1709,2713 1776,2713 1843,2714 1910,2714 1977,2714 2044,2715 2111,2715 2178,2716 2245,2717 2313,2718"/>
                <TextEquiv>
                    <Unicode>Sie haben sofort nach Erhalt dieses Befehles zu melden, ob</Unicode>
                </TextEquiv>
            </TextLine>
            <TextLine id="r1l37" custom="readingOrder {index:36;}">
                <Coords points="876,2767 2326,2775 2326,2725 876,2720"/>
                <Baseline points="884,2759 955,2760 1027,2761 1099,2761 1170,2762 1242,2762 1314,2763 1385,2763 1457,2763 1529,2763 1601,2764 1672,2764 1744,2764 1816,2764 1887,2764 1959,2765 2031,2765 2102,2765 2174,2766 2246,2767 2318,2767"/>
                <TextEquiv>
                    <Unicode>Sie mit dem Verfasser des am 25. Dezember 1ooo in der Neuen</Unicode>
                </TextEquiv>
            </TextLine>
            <TextLine id="r1l38" custom="readingOrder {index:37;}">
                <Coords points="877,2827 2312,2824 2312,2774 2210,2770 878,2773"/>
                <Baseline points="887,2810 957,2810 1028,2811 1099,2811 1170,2812 1241,2812 1311,2813 1382,2813 1453,2814 1524,2814 1595,2815 1665,2815 1736,2815 1807,2816 1878,2816 1949,2816 2019,2817 2090,2817 2161,2817 2232,2817 2303,2818"/>
                <TextEquiv>
                    <Unicode>Freien Presse erschienenen Feuilletons Leutnant Gustl’ iden¬</Unicode>
                </TextEquiv>
            </TextLine>
            <TextLine id="r1l39" custom="readingOrder {index:38;}">
                <Coords points="952,2880 2325,2904 2325,2843 2243,2837 1071,2859 952,2826"/>
                <Baseline points="961,2875 1028,2876 1096,2877 1164,2878 1232,2879 1299,2880 1367,2880 1435,2881 1503,2881 1570,2882 1638,2882 1706,2882 1774,2883 1841,2883 1909,2883 1977,2883 2045,2883 2112,2883 2180,2884 2248,2884 2316,2884"/>
                <TextEquiv>
                    <Unicode>2 This correspondence is based on a typewritten copy which Schnitzler had</Unicode>
                </TextEquiv>
            </TextLine>
            <TextLine id="r1l40" custom="readingOrder {index:39;}">
                <Coords points="880,2938 2323,2946 2251,2890 880,2886"/>
                <Baseline points="889,2924 960,2924 1031,2924 1102,2924 1174,2925 1245,2925 1316,2925 1387,2926 1459,2926 1530,2927 1601,2927 1672,2928 1744,2928 1815,2929 1886,2929 1957,2930 2029,2930 2100,2930 2171,2930 2242,2930 2314,2929"/>
                <TextEquiv>
                    <Unicode>drawn up from the original letters many yeais ago. It was generously placed at</Unicode>
                </TextEquiv>
            </TextLine>
            <TextLine id="r1l41" custom="readingOrder {index:40;}">
                <Coords points="876,2985 2311,2978 2067,2933 877,2942"/>
                <Baseline points="885,2970 955,2970 1026,2970 1097,2970 1168,2970 1239,2971 1309,2971 1380,2971 1451,2972 1522,2972 1593,2973 1663,2973 1734,2973 1805,2974 1876,2974 1947,2975 2017,2975 2088,2975 2159,2976 2230,2976 2301,2976"/>
                <TextEquiv>
                    <Unicode>the present writer’s disposal by the author and is here published, with his kind per¬</Unicode>
                </TextEquiv>
            </TextLine>
            <TextLine id="r1l42" custom="readingOrder {index:41;}">
                <Coords points="879,3023 1332,3026 1332,2982 1244,2990 1219,2973 1142,2991 1109,2977 1063,2993 1043,2978 1023,2995 915,2976 879,2985"/>
                <Baseline points="888,3015 913,3015 939,3016 964,3016 990,3016 1016,3016 1041,3016 1067,3015 1093,3015 1118,3015 1144,3015 1170,3015 1195,3015 1221,3016 1247,3016 1272,3016 1298,3017 1324,3017"/>
                <TextEquiv>
                    <Unicode>mission, for the first time.</Unicode>
                </TextEquiv>
            </TextLine>
            <TextLine id="r1l43" custom="readingOrder {index:42;}">
                <Coords points="978,3073 2243,3091 2323,3070 2323,3022 978,3026"/>
                <Baseline points="988,3059 1054,3060 1120,3061 1186,3062 1253,3062 1319,3063 1385,3063 1451,3064 1518,3064 1584,3064 1650,3065 1716,3065 1783,3065 1849,3065 1915,3065 1981,3065 2048,3066 2114,3066 2180,3066 2246,3066 2313,3066"/>
                <TextEquiv>
                    <Unicode>Max Eugen Burckhard (1854-1912), a former member of the Ministry of</Unicode>
                </TextEquiv>
            </TextLine>
            <TextLine id="r1l44" custom="readingOrder {index:43;}">
                <Coords points="873,3110 2176,3139 2321,3131 2322,3071 873,3069"/>
                <Baseline points="881,3106 952,3106 1024,3106 1095,3106 1167,3107 1239,3107 1310,3108 1382,3108 1453,3109 1525,3109 1597,3110 1668,3110 1740,3111 1811,3111 1883,3112 1955,3113 2026,3113 2098,3113 2169,3114 2241,3114 2313,3114"/>
                <TextEquiv>
                    <Unicode>Education, had been Director of the Burgtheater from 1800-1808. In 1001 he was</Unicode>
                </TextEquiv>
            </TextLine>
            <TextLine id="r1l45" custom="readingOrder {index:44;}">
                <Coords points="878,3182 1660,3174 1660,3117 878,3115"/>
                <Baseline points="887,3152 925,3152 963,3152 1001,3153 1039,3153 1077,3153 1115,3154 1154,3154 1192,3154 1230,3154 1268,3155 1306,3155 1344,3155 1382,3155 1421,3155 1459,3155 1497,3155 1535,3155 1573,3155 1611,3155 1650,3155"/>
                <TextEquiv>
                    <Unicode>a“ Hofrat“ in the“ Verwaltungsgerichtshof.“</Unicode>
                </TextEquiv>
            </TextLine>
            <TextEquiv>
                <Unicode>10. Leutnant Gustl
box 1/12
W
The Germanic Reviem
239
certain Gustav Davis appeared in the Reichswehr. It is stated
that Herr Davis thereby hoped to get back into the good graces
of the Ministry of War with which his relations had become
somewhat strained.
Shortly after the New Year Schnitzler received the following
Befehl des k.k. Landwehrergänzungsbezirkskommandos Nr. 1:
Seiner Hochwohlgeboren Herrn k.u.k. Oberarzt im Verhältnis
der Evidenz Arthur Schnitzler
Wien am 3. Jänner 1001
Sie haben bekannt zu geben, ob Sie der Verfasser des am 25.
Dezember 100o in der Neuen Freien Presse erschienenen Feuille¬
tons" Leutnant Gustl'’ sind. Diese Meldung hat bis 6.d.M.
eingesendet zu werden.-
Seker, Major“
After receipt of this communication Schnitzler first consulted
his close friend Max Burckhard“ whose advice he also sought
in all the further developments of this affair. On January 6,
1001 Schnitzler dispatched the following answer:
“Ich erachte mich in keiner Weise verpflichtet, dienstliche
Meldungen oder Auskünfte über meine literarische Tätigkeit zu
erstatten, da ich als Oberarzt im Verhältnis der Evidenz im
Sinne des § 62 des Wehrgesetzes nur mehr jenen Beschränkungen
unterworfen bin, welche für die Evidenzhaltung erforderlich sind.
Nach dieser Feststellung nehme ich selbstverständlich keinen
Anstand zu erklären, daß ich der Verfasser der am 25. Dezember
1000 in der Neuen Freien Presse erschienenen, mit meinem vollen
Namen gezeichneten Novelle Leutnant Gustl' bin.
Before this letter reached its destination a second peremptory
order was forwarded to Schnitzler by the Kommando:
Wien am 8. Jänner 1001
Sie haben sofort nach Erhalt dieses Befehles zu melden, ob
Sie mit dem Verfasser des am 25. Dezember 1ooo in der Neuen
Freien Presse erschienenen Feuilletons Leutnant Gustl’ iden¬
2 This correspondence is based on a typewritten copy which Schnitzler had
drawn up from the original letters many yeais ago. It was generously placed at
the present writer’s disposal by the author and is here published, with his kind per¬
mission, for the first time.
Max Eugen Burckhard (1854-1912), a former member of the Ministry of
Education, had been Director of the Burgtheater from 1800-1808. In 1001 he was
a“ Hofrat“ in the“ Verwaltungsgerichtshof.“</Unicode>
            </TextEquiv>
        </TextRegion>
    </Page>
</PcGts>
