3228 4068
1704 -7 2288 72 Proialiston Kratin und P
1334 -18 1677 78 mnererenerantde
96 74 608 138 ORIENTAL, TEPPICHR
1670 64 2648 131 Herrenzimmer-Einrichtung
197 149 288 217 C
635 117 2831 222 WEATA, WIEN, Kupferschmiedgasse 1,
1754 198 2525 256 im Eekhause der Kürntnerstrasse 14“
2709 193 2833 258 2250
75 186 809 271 zt bedeutend vergrössert!
1689 254 1817 352 md
1820 288 2798 373 Eingezahltes Actienkapital Kr. 20.000,000.
110 298 338 392 der
1765 374 2841 470 Reserve-u.Sicherstolungstends über kr. 1.50u, U00
86 373 294 488 breant.
2425 441 2500 504 90
82 440 1789 552 hon auf Zrrhöstenska Banka
1944 443 2657 548 Centrale in Frag.
1795 502 2854 587 Filiaien in Brünn, Pilsen, Budweis, Pardubic,
88 526 173 580 te.
1899 572 2778 642 Tabor, Beneschau, Iglau, Mähr.-Ostrau.
76 550 321 647 papieren.
438 540 1697 645 Wien, I., Herrengasse Nr. 12.
1651 685 2873 757 jetzt heißt's noch zur Garderobe . . . daß mir die Kleine
106 690 484 765 Blödisten! Man
575 699 1658 789 Ah, wart' nur, mein Lieber — bis zur
1658 744 2869 822 nicht auskom.it. Hat ihm schon! So ein elender Fratz.
88 731 489 824 Ganz Recht hab'
953 740 1657 828 ja wol, du sollst so kampfunfähig
470 730 935 829 Kampfunfähigkeit ...
1656 796 2874 861 laßt sich da von einem Herrn abholen, und jetzt lacht sie
94 801 1666 856 nimmer auslassen werden. . . Ja, was ist denn? Wo bin ich denn? Jetzt
1658 831 2856 905 noch auf mich herüber! Es ist doch Keine was werth..:
90 847 487 909 an denk', werd' ich
484 853 1635 907 muß es doch bald aus sein. .. „Ihr, seine Engel —
1651 890 2771 966 Herrgott, ist das ein Gedränge bei der Garderobe.
98 891 485 963 benommen; der
471 892 1659 960 lobet den Herrn. . .“ — Freilich, das ist der Schlußchor.
1655 923 2850 1008 wart'n m'r lieber noch ein Bisserl... So, ob der Blödist
109 939 479 1010 Wird mir über¬
477 951 1661 1006 Wunderschön, da kann man gar nichts sagen. Wunder¬
1657 982 2448 1037 meine Nummer nehmen möcht'? ...
78 986 479 1059 Manche, die den
484 997 1655 1048 schön! Jetzt hab' ich ganz an die aus der Loge vergessen,
1745 1021 2842 1095 „Sie, Zweihundertundvierundzwanzig! Da hängt er!
92 1031 482 1109 Der Müller sicher,
474 1024 1659 1105 die früher zu kokettiren angefangen hat. Wo ist sie denn?
1650 1088 2841 1149 Na, hab'n Sie keine Augen? Da hängt er! No, Gott sei
87 1088 488 1156 so was. Mit dem
478 1091 1656 1149 Schon fortgegangen... Die dort scheint auch sehr nett zu
1831 1129 2120 1195 .. also bitte!“
2121 1126 2841 1199 ... Der Dicke da verstellt Einem
1654 1132 1808 1193 Dank
205 1132 484 1197 „Herr Lien¬
481 1140 1665 1195 sein... Zu dumm, daß ich keinen Operngucker bei mir
86 1159 474 1245 rr Lieutenant“ ge¬
1654 1181 2707 1260 schier die ganze Garderobe, ... „Bitte sehr!“..
487 1178 1655 1247 hab'! Der Brunnthaler ist ganz gescheit, der hat sein Glas
1744 1223 2163 1291 „Geduld, Geduld!“
87 1227 474 1298 werden mir doch
478 1231 1666 1285 immer im Kafseehaus bei der Kassa liegen, da kann Einem
1724 1248 2186 1345 Was sagt der Kerl?
77 1264 471 1340 nn nur drauf ge¬
482 1262 1664 1336 nichts g'scheh'n... Wenn sich die Kleine da vor mir nur
1739 1291 2320 1383 „Nur ein Bisserl Geduld!“
97 1320 481 1394 Socialisten in ein
480 1322 1668 1376 einmal umdreh'n möcht'! So brav sitzt's alleweil da. Das
1745 1361 2848 1451 Dem muß ich doch antworten.:. „Machen Sie doch
97 1370 484 1440 nur angesangen?
472 1373 1664 1438 neben ihr ist sicher die Mama. Ob ich nicht doch einmal
1652 1394 1839 1497 Platz!“
90 1410 481 1490 um Buffet geführt
478 1419 1655 1480 ernstlich aus Heiraten denken soll? Der Willy war nicht
1752 1436 2638 1535 Na, Sie werden's auch nicht versäumen!“
85 1468 486 1533 dann dieser junge
473 1474 1661 1535 älter als ich, wie er hineingesprungen ist. Hat schon was
1736 1485 2836 1580 Was sagt er da? Sagt er das zu mir? Das ist doch
86 1514 478 1581 ie heißt er denn
477 1512 1661 1583 für sich, so immer gleich ein hübsches Weiberl zu Haus
1667 1541 2804 1640 stark! Das kann ich mir nicht gefallen lassen! „Ruhig!“
92 1556 484 1635 ganzen Geschichte
478 1572 1652 1633 vorräthig haben... Zu dumm, daß die Steffi grad' heut'
1752 1601 2197 1669 „Was meinen Sie?“
88 1613 486 1679 vern geredet, und
483 1608 1657 1669 keine Zeit hat. Wenn ich wenigstens wüßte, wo sie ist,
1744 1645 2735 1731 Ah, so ein Ton! Da hört sich doch Alles auf.
78 1655 476 1723 ien und hat ir¬
475 1652 1657 1717 möcht' ich mich wieder vis-à-vis von ihr hinsetzen. Das
1749 1699 2187 1773 „Stoßen Sie nicht!“
90 1705 484 1774 hat, von Kriegs¬
479 1690 1670 1766 wär eine schöne G'schicht', wenn ihr der draufkommen
87 1751 484 1823 nichts hab' reden
1763 1737 2843 1833 „Sie, halten Sie das Maul!“ Das hätt' ich nicht
1169 1752 1652 1825 .. Wenn ich so denk',
469 1749 1192 1821 möcht', da hätt' ich sie am Hals.
77 1799 484 1874 Padettenschulen ge¬
482 1785 1656 1863 was dem Fließ sein Verhältniß mit der Winterfeld kostet,
1658 1778 2850 1872 sagen sollen, ich war zu grob. ... No, jetzt ist's schon
85 1847 476 1921 und ich hab' von
1649 1850 1916 1930 g'scheh'n!
485 1861 1652 1915 und dabei betrügt sie ihn hinten und vorn. Das
485 1886 1656 1950 nimmt noch einmal ein Ende mit Schrecken.: Bravo!
120 1894 484 1960 dann hat der
1742 1872 2086 1963 „Wie meinen?“
103 1935 481 2012 dem Fest hat es
1010 1941 1665 2013 So, das thut wohl, aufsteh'n
1749 1922 2683 1999 Jetzt dreht er sich um. :.. Den kenn' ich
471 1942 949 2016 Bravo! Ah! aus!
100 1998 481 2062 ewerden mir doch
1660 1985 2841 2073 Donnerwetter, das ist ja der Bäckermeister, der immer ins
483 1998 1658 2052 können sich rühren. .. Na, vielleicht! Wie lang wird der
478 2037 1663 2114 da noch brauchen, um sein Glas ins Futteral zu stecken?
1655 2038 2073 2110 Kasseehaus kommt
88 2033 475 2110 n zu Militär ge¬
2127 2047 2844 2115 was macht denn der da? Hat
73 2072 491 2157 Vaterland zu ver¬
560 2081 1619 2156 „Pardon, pardon, wollen mich nicht hinauslassen?“
1663 2070 2831 2155 sicher auch eine Tochter oder so was bei der Sing¬
568 2134 1665 2201 Ist das ein Gedränge! Lassen wir die Leut' lieber
99 2128 490 2206 ngt so ein Mensch
1660 2129 2844 2206 akademie. .. Ja, was ist denn das? Ja, was macht
1660 2169 2852 2255 er denn? Mir scheint gar . . . ja, meiner Seel', er hat
469 2180 1654 2251 vorbeipassiren... Elegante Personen... Ob das echte
79 2179 490 2253 Penn ich mich nur !
473 2224 1661 2302 Brillanten sind? . . . Die da ist nett. .. Wie sie mich
80 2229 355 2297 twortel hab'!
1650 2223 2849 2326 den Griff von meinem Säbel in der Hand. . . . Ja, ist
81 2276 472 2354 Hinge dreinmengen.
1663 2278 2420 2342 der Kerl verrückt? . . . „Sie, Herr
830 2278 1611 2354 a, mein Fräulein, ich möcht' schon.
474 2279 740 2346 anschaut.
537 2298 1661 2393 die Nase! — Jüdin. .. Noch Eine. .. Es ist doch
349 2326 480 2399 Und
111 2325 288 2393 richtig.
1745 2322 2740 2413 „Sie, Herr Lieutenant, sein S' jetzt ganz stad.“
479 2365 1664 2433 fabelhaft, da sind auch die Hälfte Juden . . . nicht ein¬
79 2357 476 2443 Sache gütlich bei¬
1731 2371 2834 2456 Was sagt er da? Um Gotteswillen, es hat's doch
476 2417 1654 2494 mal ein Oratorium kann man mehr in Ruhe genießen.
77 2433 481 2495 dem Stockschnupfen.
1654 2432 2832 2508 Keiner gehört? Nein, er red't ganz leise. . . . Ja,
1233 2464 1657 2535 .. Warhm drängt
566 2470 1249 2527 So, jetzt schließen wir uns an.
104 2469 484 2537 hat das absolut
1649 2485 2847 2547 warum laßt er denn meinen Säbel net aus? ... Herr¬
478 2496 1656 2589 denn das Idiot hinter mir? Das werd' ich ihm abge¬
85 2517 479 2589 birect mich gemeint
1656 2533 2833 2614 gott noch einmal . . . ah, da heißt's rabiat sein . . . ich
473 2563 1654 2621 wöhnen... Ah, ein älterer Herr. .. Wer grüßt mich
87 2567 478 2638 daß sie mich aus
1655 2581 2836 2655 bring' seine Hand vom Griff nicht weg . . . nur keinen
105 2620 170 2677 en
473 2612 1664 2684 denn von dort drüben? ... Habe die Ehre, habe die
148 2613 481 2691 und daß ich
2026 2635 2079 2683 *
1658 2629 2001 2701 Scandal jetzt!.
2051 2636 2829 2700 Ist nicht am End' der Major hinter
482 2662 1663 2716 Ehre! Keine Ahnung hab' ich, wer das ist. .. Das Ein¬
87 2660 403 2725 worden bin.
1651 2681 1820 2738 mir?
1854 2670 2836 2741 . Bemerkt's nur Niemand, daß er den Griff
484 2712 1652 2773 fachste wär', ich ging' gleich zum Leidinger hinüber nacht¬
85 2689 476 2777 icht verstch'n, sie
1653 2715 2839 2813 von meinem Säbel hält? Er red't ja zu mir! Was
475 2748 1656 2819 malen... eder soll ich in die Gartenbau=Gesellschaft?
106 2758 476 2826 so erinner', wie
1662 2769 1998 2843 red't er denn?
482 2803 1657 2872 Am End' ist die Steffi doch dort. Warum hat sie mir
174 2807 487 2878 — so was erlebt
1746 2806 2839 2890 „Herr Lieutenant, wenn Sie das geringste Aufseh'n
474 2840 1655 2907 eigentlich nicht geschrieben, wohin sie mit ihm geht? Sie
95 2850 472 2921 Fahr bei den Ma¬
1652 2878 2833 2943 machen, so zieh' ich den Säbel aus der Scheide, zerbrich
475 2884 1649 2974 wird's selber noch nicht gewußt haben. Eigentlich schreck¬
132 2901 475 2972 wenn's plötzlich
1656 2924 2831 2996 ihn und schick' die Stück' an Ihr Regiments=Commando.
476 2938 1651 2999 lich, so eine abhängige Existenz . .. armes Ding! — So,
84 2934 475 3020 lvic hat mir g'sagt,
1651 2968 2480 3039 Versteh'n Sie mich, Sie dummer Bub.“
471 2978 1659 3064 da ist der Ausgang. Ah, die ist aber bildschön! Ganz
86 2997 486 3072 dann, wie Seine
1723 3001 2833 3096 Was hat er g'sagt? Mir scheint, ich träum'! Red't
466 3034 1664 3111 allein? Wie sie mich anlacht. Das wär' eine Idec, der
210 3041 485 3109 eAnsprache
1685 3071 2744 3142 er wirklich zu mir? Ich sollt' was antworten.
891 3065 1607 3142 So, jetzt die Treppen hinunter.
460 3077 782 3157 geh' ich nach
128 3090 486 3173 ein ordentlicher
89 3094 2828 3206 scht höher schlägt... Oh, ein Major von Fünfundneunzig. .. Sehr liebens= Aber der Kerl macht ja Ernst — der zieht wirklich den
1643 3168 2834 3232 Säbel heraus. Herrgoit — er thut's! . . . Ich spür's, er
471 3173 1656 3246 würdig hat er gedankt. .. Bin doch nicht der einzige
99 3191 483 3259 daher, der sein
2501 3216 2828 3278 .Um Gottes¬
471 3216 2487 3291 Officier herin gewesen... Wo ist denn das hübsche reißt schon d'ran. Was red't er denn?.
198 3233 485 3303 die Bücher
93 3266 2839 3376 feche Bemerkung! Mädel?. Ah dort ... am Geländer steht sie.: S# willen, nur kein Scandal = = Was red't # bemn#n¬
