3276 4037
248 140 1093 223 10. Leutnant Gustl
1262 148 1618 236 box 1/9
695 191 1094 259 un ue ee eeteeseteseten ee eree
848 881 1211 942 Telefon 12801.
376 976 1660 1040 Alex. Weigl's Unternehmen für Zeitungs-Ausschnitte
1388 1029 1540 1086 Ausschnltt
730 1053 1683 1193 „OBSERVER“ Nr. 36
321 1196 1733 1268 I. österr. behördl. conc. Bureau für Zeitungsberichte u. Personalnachrichten
507 1250 1562 1332 Wien, IX/1. Türkenstrasse 17.
721 1333 1369 1411 Filiale in Budapest: „Figyeld“ —
327 1405 1733 1475 Vertretungen in Berlin, Chicago, Genf, London, Newyork, Paris, Rom, Stockholm.
1174 1484 1533 1591 rZeitung
323 1533 820 1610 Ausschnitt aus:
340 1655 614 1753 vom 7
669 1690 790 1796 7
823 1851 1168 1933 Kleine Chronik.
516 1928 1536 1987 Die „Ehre“. Das Problem, das die verschiedenartige
430 1964 1542 2017 Auffassung des Begriffes der „Ehre“ aufrollt, ist von Schopen¬
417 2001 1532 2063 hauer bis auf Sudermann und Hartleben schriftstellerisch be¬
437 2049 1544 2105 handelt worden und hat in jeder Form der Behandlung
439 2088 1544 2144 das zeitgenössische Interesse in hohem Maße erregt. Und wiie
436 2124 1534 2175 sich der Mißbrauch jenes Begriffs fortsetzt und fortwirkt, so
430 2166 1537 2214 reißt auch die Diskussion darüber nicht ab. Zum letzten Mal
439 2203 1535 2256 hat speziell zum Kapitel „Offiziersehre“ der auch in Deutsch¬
436 2245 1529 2290 land außerordentlich geschätzte feinsinnige und geistvolle öster¬
431 2287 1533 2328 reichische Schriftsteller Arthur Schnitzler das Wort er¬
428 2323 1539 2378 griffen. Er schildert in einer Novelle „Leutnant Gustl“ wie
430 2360 1535 2416 ein blutjunger leichtsinnig=oberflächlicher Leutnant plötzlich
433 2397 1536 2442 dadurch, daß er von einem nicht=„satisfaktionsfähigen“ Men¬
435 2435 1533 2483 schen eine Ohrfeige erhält, die er nicht auf der Stelle mit dem
439 2474 1532 2526 Säbel rächen kann, „entehrt“ wird und diese „Entehrung“ mit
377 2484 417 2543 F
1561 2483 1705 2552 inclusive
428 2513 1527 2569 dem Selbstmord büßt. Der echte Offizierskonflikt, die ganz
1580 2540 1682 2584 Porto.
428 2559 1531 2598 zwanglose Fortführung der Auslegung des Offiziersehr¬
1562 2575 1686 2624 Zahlbar
427 2595 1531 2647 begriffs, die, trotzdem sie auf die Cpitze getrieben scheint, wohl
1589 2616 1715 2677 Voraus
1546 2619 1594 2662 in
434 2632 1534 2684 schon oft zur Wirklichkeit geworden ist. Wir wollen indessen
434 2678 1538 2723 nicht darüber uns verbreiten, ob es richtig oder nicht vielmehr
1552 2673 1745 2742 te ist das
436 2717 1536 2763 ein Wahnwitz ohnegleichen ist, daß durch eine rohe That, die
1542 2731 1749 2784 ieht es den
357 2744 1534 2802 Ab ohnedies von der Gegenseite nicht verschuldet ist, ein Mensch
1546 2774 1591 2825 III.
346 2787 424 2834 Ab
438 2793 1526 2840 „entehrt“ und daß die „Ehre“ nicht anders wieder herzustellen
441 2842 1527 2913 sein soll, als mit Selbstvernichtung. Nein, wir wollen lediglich
1545 2839 1746 2908 haltend die
426 2883 1526 2938 berichten, wie es dem Verfasser dieser interessanten Studie er¬
1554 2899 1739 2949 Morgen¬
354 2894 418 2959 In
439 2921 1417 2977 gangen ist. Schnitzler ist Regimentsarzt der Reserve,
1578 2935 1734 2985 Zeirung“
1412 2935 1526 2991 steht
1538 2941 1589 2980 er
357 2954 421 2995 b1
434 2966 1526 3026 also im Offiziersrang. Nach Bekanntwerden seiner Schöpfung
1543 2971 1750 3023 tliche Leben
360 2995 1528 3063 wolsetzte sich der Ehrenrath seines Regiments zusammen, stellte
1539 3006 1748 3073 ittheilungen
364 3031 1523 3104 de gfest, daß Dr. Schnitzler der Ehre des österreichischen Offizier¬
362 3073 1523 3144 wLkorps zu nahe getreten sei, und erklärte ihn seiner Offiziers¬
422 3112 1532 3183 charge für verlustig. Der ehrliche Schilderer bestehender
420 3151 1526 3224 Zustände, der nur geschrieben hat was thatsächlich vorhanden
417 3193 1509 3271 ist, nämlich den bestehenden Ehrbegriff und seine „korrekte
415 3238 1429 3314 Handhabung, wird um der „Ehre“ willen gemaßregelt.
1829 121 2317 202 Ausschnitt aus:
2386 185 2745 288 napies Wie
2220 258 2617 353 1 301
1850 271 1988 339 vom
2200 534 2755 626 Oesterreich=Ungarn.
1927 591 3053 674 □ Wien, 22.Juni1901. Die österreichische Politik hat sich jetzt in
1894 648 3041 715 die Landtage zurückgezogen. Im niederösterreichischen, oberöster¬
1893 692 3036 746 reichischen und böhmischen wird die Lehrergehaltsfrage die Abgeord¬
1888 730 3047 790 neten beschäftigen, Besserungsanträge sind teilweise schon in Kom¬
1887 768 3048 831 missionsberatung; Steiermark und Böhmen befassen sich mit
1884 805 3038 867 Erweiterung des Landtagswahlrechtes. Im steierischen Landtag
1890 844 3040 904 ist ein solcher Antrag von der deutschvölkischen Mehrheit eingebracht
1883 885 3041 948 worden, derselbe vermehrt die Zahl der Landtagsmandate um zehn
1879 925 3037 984 und giebt davon eine Virilstimme dem Rektor der technischen Hoch¬
1887 962 3038 1022 schule in Graz, zwei den Städten und sieben den Arbeitern und kleinen
1885 1003 3025 1057 Steuerzahlern unter 8 Kronen. Daß über diese „Arbeiterfreundlichkeit
1877 1037 3038 1101 die Socialdemokraten höhnen, ist natürlich. Im niederöster¬
1885 1080 3182 1152 reichischen Landtag paradieren soeben der deutschvölkische Abg. inelusive
1885 1117 3033 1175 Kolisko und Genossen mit dem Antrage, die erst kürlich an den Mittel¬
3070 1140 3170 1190 Porto.
1887 1156 3040 1213 schulen eingeführten, d. h. angeratenen, österlichen Exercitien
3040 1176 3181 1228 Zahlbar
1892 1200 3035 1245 abzuschaffen, mit der Begründung, daß dieselben rein äußerliche Reli¬
3084 1217 3201 1270 Voraus
1875 1237 3042 1292 gionsbethätigungen und formelle Bußübungen darstellen, also gar
1885 1275 3227 1346 keinen erziehlichen Wert haben, daß man dadurch den Schülern die e ist das
1875 1312 3226 1392 Erholungstage nehme und die ganze Einrichtung nur zur Erhöhung ht es den
1878 1346 3087 1415 des klerikalen Einflusses auf die Mittelschule dienen solle. Natürlich n.
1881 1388 3035 1443 hat der Antragsteller keine Ahnung, was Exercitien sind; es fehlte nur
1876 1426 3026 1480 im Antrag die Drohung, daß, wenn dersellbe nicht angenommen wird
3045 1446 3230 1512 altend die
1877 1467 2963 1524 die Unterzeichner desselben „abfallen“ und „übertreten“ werden.
2973 1476 3033 1520 So
3047 1500 3227 1549 Lorgen¬
1886 1504 2951 1564 hat es ja der Linzer Reichsratsabgeordnete Böheim gemacht.
2968 1506 3030 1562 In
3071 1534 3228 1589 Zeitung“)
1884 1550 2949 1601 oberösterreischen Landtage drohen die Deutschnationalen
3058 1574 3227 1625 che Leben
1866 1584 3030 1639 Obstruktion, wenn die Landtagsmehrheit auf der vom Landesausschusse
3053 1614 3231 1677 stheilungen
1872 1626 3036 1679 ausgearbeiteten, ihnen zu „klerikal“ denkenden Lehrergesetzvorlage be¬
1866 1662 3028 1741 bestehen solle; dieselbe bietet den Lehrern beträchtliche matertelle Vor¬
1871 1722 1958 1770 teile.
1954 1741 3021 1788 — Die Verhandlungen über innerpolitische Fragen ruhen bis
1866 1768 3031 1825 zum September. Dann erst wird der Ministerpräsident sich mit den
1863 1804 3022 1854 Parteien in Verbindung setzen, um die in der Herbstsession zur Er¬
1867 1840 3024 1901 örterung gelangenden Vorlagen vorzubereiten. Die wichtigsten sind
1861 1878 3028 1940 der Staatsvorauschlag und das Quotengesetz. Hierbei ist die Regierung
1866 1919 3024 1981 vor allem auf die Tschechen angewiesen. Deren Stellung ist aber
1858 1958 3021 2026 jetzt garnicht zu bestimmen, da sie wesentlich von der neum Gestal¬
1865 1999 3025 2055 tung des böhmischen Landtages abhängen wird, wie sie sich aus
1858 2032 3021 2096 den bevorstehenden Neuwahlen ergeben wird. Vor seiner Auf¬
1861 2073 3014 2131 lösung wird derselbe noch die Abänderung der Wahlordnung in der
1855 2114 3025 2170 Großgrundbesitzerkurie votieren; denn die Neuwahlen sollen schon
1856 2157 3019 2208 nach dem für den Reichsrat geltenden Wahlsystem durchgeführt wer¬
1863 2189 3015 2241 den. Dadurch erhielten die verfassungstreuen Großgrundbesitzer
1866 2228 3016 2275 21 Mandate, aber auf der anderen Seite würde dadurch der Majori¬
1862 2263 3014 2319 fierung des konservativen Elementes im böhmischen Großgrundbesitze
1860 2307 3012 2358 durch die Deutschliberalen endgültig vorgebeugt werden. Bei diesen Wah¬
1861 2342 3018 2390 len hoffen die Alldeutschen 25 Mann durchzubringen, und jetzt schon be¬
1858 2384 3005 2432 nennen sie ihre Kaudidaten. — Das Militär steht wiede einmal
1855 2418 3014 2478 im Vordergrund. Mehrere Gewaltthätigkeiten von Offizieren und
1857 2456 3012 2518 Mannschaften erregen die öffentliche Meinung. In Bozen hat ein
1854 2498 3001 2555 Offizier — es handelt sich um die Urheberschaft eines offizierfeind¬
1850 2535 3002 2595 lichen Zeitungsartikels — einen stäotischen Beamten schwer mit dem
1867 2572 3003 2630 Sabel verwundet; anderswo haben Husaren eine schreckliche Ausschrei¬
1849 2612 3010 2668 tung gegen eine verheiratete Frau begangen. Auch Berichte über
1852 2650 3016 2707 Rohheiten trunkener Offiziere durchliefen die Blätter. Vor allem
1853 2692 3007 2743 aber beschäftigt jetzt die Presse die Degradierung des bekannten Litte¬
1852 2730 3000 2779 raten Arthur Schnitzler, dessen echt „moderne" Novellen und
1858 2771 3004 2827 „dramatische" Leistungen auch im Deutschen Reiche bekannt sind,
1859 2811 3000 2859 weil er in inem Feuilleton der N. Fr. Pr. den Offiziersstand be¬
1856 2843 3002 2903 leidigt haben sollte unt auf die Kritik eines militärischen Blattes
1850 2889 3002 2936 nicht reagiert hatte. Er wurde deshalb seiner Offizierscharge (er ist
1847 2922 3012 2981 Militärarzt in Reserve) für verlustig erklärt, nachdem er sich unter
1859 2958 3000 3015 Wahrung seines litterarischen Rechtes dem Offiziersehrenrat nicht ge¬
2961 3007 3015 3051 —
1852 2997 2967 3053 stellt hatte. Die liberale Presse tritt entschieden für Schnitzler ein
1853 3042 3013 3098 derselbe ist Jnde und Mitglied der Konkordia —; aber es muß auch
1858 3082 3002 3139 gesagt werden, wenn Schnitzler gegen den falschen militärischen Ehren¬
1851 3117 3003 3172 begriff vorgeht, welche zum Duell und eventuell sogar zum Selbst¬
1847 3159 2993 3216 mord zwingt, so ist das sein gutes Recht; eine Beleidigung des Offi¬
1854 3193 2999 3249 ziersstandes kann nur darin gefunden werden, daß er seinen „Leutnant
1846 3236 3000 3296 Geill“ mit schlechten Eigenschaften ausstattete, die der Leser leicht als
1849 3265 2995 3320 dem Offiziersstande allgemein eigentümlich ansehen kann, während
1846 3308 3002 3369 Schnitzter noch wirksamer seiner Tendenz gerecht werden konnte, indem
1849 3348 2997 3401 er die Konsequenzen des falschen militarischen Ehrbegriffes an einem
1853 3385 3000 3443 sonst ehrenhaften Offizier zur Anschanung brachte. Schnitzler hatte
1850 3425 2997 3484 sich da aber auf ein für ihn als Inden doppelt heikeles Gebiet be¬
1845 3471 2999 3522 geben; denn der jüdische Offizier genießt in Oesterreich weit mehr
1843 3504 3003 3552 Duldung als in Preußen und Deutschland überhaupt. Im übrigen
1838 3539 2991 3601 hätte die liberale Presse weit größere Entrüstung entwickeln können
1850 3587 2995 3636 gegenüber der Degradierung des Marquis Tacolt und des Haupt¬
1855 3621 2991 3675 manner Grafen Ledochowski, welche dieselbe nur ihrer pflichtmäßigen
1844 3658 2996 3717 Stellungnahme zum Duell verdankten. Die Offiziere, die so empfind¬
1849 3696 2988 3741 lich sind gegen die litterarische und kritische Beleuchtung so manchen
1832 3736 2994 3794 Zustände im Offiziereorps, sollten doch ebenso empfindlich sein gegen
1844 3777 2839 3844 die Zustände selbst und für eine Reform derselben eintreten.
