<?xml version="1.0" encoding="UTF-8" standalone="yes"?>
<PcGts xmlns="http://schema.primaresearch.org/PAGE/gts/pagecontent/2013-07-15" xmlns:xsi="http://www.w3.org/2001/XMLSchema-instance" xsi:schemaLocation="http://schema.primaresearch.org/PAGE/gts/pagecontent/2013-07-15 http://schema.primaresearch.org/PAGE/gts/pagecontent/2013-07-15/pagecontent.xsd">
    <Metadata>
        <Creator>prov=University of Rostock/Institute of Mathematics/CITlab/Gundram Leifert/gundram.leifert@uni-rostock.de:name=ONB_Newseye_GT_M1+(htr_id=10810)::::v=2.4.2
prov=University of Rostock/Institute of Mathematics/CITlab/Tobias Gruening/tobias.gruening@uni-rostock.de:name=de.uros.citlab.module.baseline2polygon.B2PSeamMultiOriented:v=2.4.2
prov=University of Rostock/Institute of Mathematics/CITlab/Tobias Gruening/tobias.gruening@uni-rostock.de:name=/net_tf/LA73_249_0mod360.pb:de.uros.citlab.segmentation.CITlab_LA_ML:v=2.4.2
Transkribus</Creator>
        <Created>2019-10-07T10:27:46.141+02:00</Created>
        <LastChange>2019-10-07T15:58:33.323+02:00</LastChange>
        <TranskribusMetadata docId="223911" pageId="9492744" pageNr="198" tsid="16389062" status="IN_PROGRESS" userId="40391" imgUrl="https://files.transkribus.eu/Get?id=BCYBEQOFZYVVGBXOJJTGKOLK&amp;fileType=view" xmlUrl="https://files.transkribus.eu/Get?id=QQXQHTECMEJSHPUKELZYHAYR" imageId="6183032"/>
    </Metadata>
    <Page imageFilename="223911_0198.jpeg" imageWidth="3276" imageHeight="4037">
        <ReadingOrder>
            <OrderedGroup id="ro_1711444717622" caption="Regions reading order">
                <RegionRefIndexed index="0" regionRef="r1"/>
                <RegionRefIndexed index="1" regionRef="r2"/>
                <RegionRefIndexed index="2" regionRef="r3"/>
            </OrderedGroup>
        </ReadingOrder>
        <TextRegion orientation="0.0" id="r1" custom="readingOrder {index:0;}">
            <Coords points="247,185 247,3881 1580,3881 1580,185"/>
            <TextLine id="r1l1" custom="readingOrder {index:0;}">
                <Coords points="240,212 1060,223 1060,145 1035,140 819,179 766,153 519,165 478,140 372,170 240,137"/>
                <Baseline points="247,205 287,207 327,209 367,210 408,210 448,211 488,211 529,211 569,211 609,211 650,210 690,210 730,209 770,209 811,209 851,209 891,210 932,210 972,212 1012,213 1053,215"/>
                <TextEquiv>
                    <Unicode>10. Leutnant Gustl</Unicode>
                </TextEquiv>
            </TextLine>
            <TextLine id="r1l2" custom="readingOrder {index:1;}">
                <Coords points="1251,232 1281,222 1357,240 1428,207 1468,238 1521,238 1545,222 1573,231 1588,227 1589,159 1467,156 1431,181 1403,182 1361,163 1330,173 1298,149 1252,150"/>
                <Baseline points="1259,214 1285,215 1312,216 1339,217 1366,218 1392,218 1419,219 1446,220 1473,220 1499,220 1526,219 1553,219 1580,217"/>
                <TextEquiv>
                    <Unicode>box 1/9</Unicode>
                </TextEquiv>
            </TextLine>
            <TextLine id="r1l3" custom="readingOrder {index:2;}">
                <Coords points="702,264 892,246 921,263 983,268 1079,255 1079,206 1056,218 703,212"/>
                <Baseline points="710,231 735,231 761,232 787,232 813,232 839,232 865,232 891,233 916,233 942,233 968,234 994,235 1020,236 1046,236 1072,237"/>
                <TextEquiv>
                    <Unicode>omennnnnnn</Unicode>
                </TextEquiv>
            </TextLine>
            <TextLine id="r1l4" custom="readingOrder {index:3;}">
                <Coords points="1061,609 1142,602 1262,629 1314,604 1373,617 1461,611 1461,557 1439,548 1389,560 1351,547 1317,561 1290,543 1174,567 1149,554 1130,568 1098,546 1061,558"/>
                <Baseline points="1069,599 1094,598 1120,598 1145,598 1171,598 1197,598 1222,599 1248,599 1273,599 1299,599 1325,599 1350,599 1376,599 1401,599 1427,598 1453,597"/>
                <TextEquiv>
                    <Unicode>Budapest, 22. Juni.</Unicode>
                </TextEquiv>
            </TextLine>
            <TextLine id="r1l5" custom="readingOrder {index:4;}">
                <Coords points="456,674 1512,657 1450,610 456,598"/>
                <Baseline points="463,656 515,655 567,655 619,655 671,655 723,655 775,655 827,655 879,656 931,656 983,657 1035,657 1087,658 1139,658 1191,658 1243,658 1295,658 1347,658 1399,658 1451,657 1504,656"/>
                <TextEquiv>
                    <Unicode>* Durch zwei Vorfälle im Offizierskorps der gemein¬</Unicode>
                </TextEquiv>
            </TextLine>
            <TextLine id="r1l6" custom="readingOrder {index:5;}">
                <Coords points="340,717 1500,714 1500,673 1439,660 340,654"/>
                <Baseline points="347,700 404,701 461,701 518,702 576,702 633,703 690,703 748,704 805,704 862,704 920,705 977,705 1034,705 1091,705 1149,706 1206,706 1263,706 1321,706 1378,706 1435,706 1493,707"/>
                <TextEquiv>
                    <Unicode>samen Armee ist die militärische Standesehre</Unicode>
                </TextEquiv>
            </TextLine>
            <TextLine id="r1l7" custom="readingOrder {index:6;}">
                <Coords points="312,767 320,766 326,762 334,769 343,767 333,699 324,700 323,702 309,698 302,699"/>
                <Baseline points="317,751 332,749"/>
                <TextEquiv>
                    <Unicode>#</Unicode>
                </TextEquiv>
            </TextLine>
            <TextLine id="r1l8" custom="readingOrder {index:7;}">
                <Coords points="339,752 1501,773 1501,722 1422,710 339,717"/>
                <Baseline points="346,749 403,750 460,751 518,751 575,752 632,752 690,752 747,753 804,753 862,753 919,753 976,753 1034,753 1091,754 1148,754 1206,754 1263,754 1320,755 1378,755 1435,755 1493,756"/>
                <TextEquiv>
                    <Unicode>wieder einmal zum Gegenstande öffentlicher Besprechung</Unicode>
                </TextEquiv>
            </TextLine>
            <TextLine id="r1l9" custom="readingOrder {index:8;}">
                <Coords points="330,812 1505,810 1505,771 1386,759 330,746"/>
                <Baseline points="337,800 395,800 453,800 511,801 569,801 627,801 685,801 743,801 801,801 859,801 917,802 975,802 1033,802 1091,802 1149,802 1207,802 1265,803 1323,803 1381,803 1439,803 1497,803"/>
                <TextEquiv>
                    <Unicode>gemacht worden. Handelt es sich hier aber auch wirklich um</Unicode>
                </TextEquiv>
            </TextLine>
            <TextLine id="r1l10" custom="readingOrder {index:9;}">
                <Coords points="332,855 1510,865 1510,813 1442,804 332,810"/>
                <Baseline points="339,848 397,848 455,848 513,848 571,848 630,848 688,848 746,849 804,849 862,849 921,850 979,850 1037,850 1095,851 1153,851 1212,851 1270,851 1328,851 1386,851 1444,851 1503,851"/>
                <TextEquiv>
                    <Unicode>das solbatische Ehrgefühl? An diese feinste Blüthe des</Unicode>
                </TextEquiv>
            </TextLine>
            <TextLine id="r1l11" custom="readingOrder {index:10;}">
                <Coords points="342,902 1513,905 1513,862 1469,856 342,864"/>
                <Baseline points="349,898 406,897 464,897 522,897 580,897 638,898 695,898 753,898 811,898 869,899 927,899 984,900 1042,900 1100,900 1158,901 1216,901 1273,901 1331,901 1389,902 1447,902 1505,901"/>
                <TextEquiv>
                    <Unicode>männlichen Charakters auch nur leise zu rühren, wäre</Unicode>
                </TextEquiv>
            </TextLine>
            <TextLine id="r1l12" custom="readingOrder {index:11;}">
                <Coords points="344,962 1516,965 1506,905 344,903"/>
                <Baseline points="351,946 408,946 466,946 524,946 582,947 640,947 698,947 756,948 814,948 872,948 930,949 987,949 1045,949 1103,949 1161,949 1219,950 1277,950 1335,950 1393,950 1451,950 1509,950"/>
                <TextEquiv>
                    <Unicode>schlimmer, als ein Verbrechen, es wäre gef hmacklos. Man</Unicode>
                </TextEquiv>
            </TextLine>
            <TextLine id="r1l13" custom="readingOrder {index:12;}">
                <Coords points="339,1004 1512,1011 1485,955 340,964"/>
                <Baseline points="347,996 404,996 462,996 520,996 578,996 636,996 694,996 751,996 809,996 867,996 925,996 983,996 1041,997 1099,997 1156,997 1214,997 1272,997 1330,997 1388,997 1446,997 1504,997"/>
                <TextEquiv>
                    <Unicode>mag sich gegen das Vorurtheil auflehren, als sei die</Unicode>
                </TextEquiv>
            </TextLine>
            <TextLine id="r1l14" custom="readingOrder {index:13;}">
                <Coords points="337,1042 1505,1062 1505,1011 1457,999 338,1003"/>
                <Baseline points="345,1043 402,1044 460,1044 517,1044 575,1044 633,1045 690,1045 748,1045 806,1045 863,1045 921,1045 979,1045 1036,1046 1094,1046 1152,1046 1209,1046 1267,1046 1325,1047 1382,1047 1440,1047 1498,1048"/>
                <TextEquiv>
                    <Unicode>Soldatenehre von besserer Herkunft und höher zu bewerthen,</Unicode>
                </TextEquiv>
            </TextLine>
            <TextLine id="r1l15" custom="readingOrder {index:14;}">
                <Coords points="342,1104 1507,1105 1507,1061 1419,1051 342,1055"/>
                <Baseline points="350,1093 407,1094 464,1094 522,1095 579,1095 637,1095 694,1095 752,1095 809,1095 867,1095 924,1095 981,1095 1039,1095 1096,1095 1154,1095 1211,1095 1269,1095 1326,1095 1384,1096 1441,1096 1499,1097"/>
                <TextEquiv>
                    <Unicode>als die bürgerliche Ehre, und wird doch den moralischen</Unicode>
                </TextEquiv>
            </TextLine>
            <TextLine id="r1l16" custom="readingOrder {index:15;}">
                <Coords points="338,1151 1500,1152 1479,1101 338,1100"/>
                <Baseline points="345,1142 402,1142 459,1142 517,1142 574,1142 631,1143 689,1143 746,1143 803,1143 861,1143 918,1143 975,1144 1033,1144 1090,1144 1147,1144 1205,1144 1262,1144 1319,1144 1377,1144 1434,1145 1492,1145"/>
                <TextEquiv>
                    <Unicode>Reinlichkeitssinn des Offiziers, der an des „Königs Rock“</Unicode>
                </TextEquiv>
            </TextLine>
            <TextLine id="r1l17" custom="readingOrder {index:16;}">
                <Coords points="338,1208 1501,1212 1501,1149 1456,1146 338,1150"/>
                <Baseline points="345,1192 402,1192 459,1192 517,1192 574,1192 632,1192 689,1192 746,1192 804,1193 861,1193 919,1193 976,1193 1033,1193 1091,1193 1148,1193 1206,1193 1263,1193 1320,1193 1378,1193 1435,1193 1493,1193"/>
                <TextEquiv>
                    <Unicode>selbst ein Staubkörnchen nicht dulder will, nur sympathisch</Unicode>
                </TextEquiv>
            </TextLine>
            <TextLine id="r1l18" custom="readingOrder {index:17;}">
                <Coords points="334,1251 1512,1253 1478,1202 334,1208"/>
                <Baseline points="341,1240 399,1240 457,1241 515,1241 573,1241 631,1241 689,1242 748,1242 806,1242 864,1242 922,1242 980,1242 1038,1242 1096,1242 1155,1242 1213,1242 1271,1242 1329,1242 1387,1243 1445,1243 1504,1244"/>
                <TextEquiv>
                    <Unicode>würdigen können. Doch davon braucht man nicht zu singen</Unicode>
                </TextEquiv>
            </TextLine>
            <TextLine id="r1l19" custom="readingOrder {index:18;}">
                <Coords points="333,1301 1510,1305 1495,1249 334,1257"/>
                <Baseline points="341,1289 399,1289 457,1290 515,1290 573,1290 631,1290 689,1290 747,1290 805,1290 863,1290 921,1290 979,1291 1037,1291 1095,1291 1153,1291 1211,1291 1269,1291 1327,1291 1385,1292 1443,1292 1502,1292"/>
                <TextEquiv>
                    <Unicode>und zu sagen, das ist in Poesie und Prosa tausendfach</Unicode>
                </TextEquiv>
            </TextLine>
            <TextLine id="r1l20" custom="readingOrder {index:19;}">
                <Coords points="340,1347 1511,1350 1511,1303 1463,1296 340,1300"/>
                <Baseline points="348,1337 405,1338 463,1338 521,1338 579,1339 637,1339 694,1339 752,1339 810,1340 868,1340 926,1340 983,1340 1041,1340 1099,1340 1157,1340 1215,1340 1272,1340 1330,1339 1388,1339 1446,1339 1504,1339"/>
                <TextEquiv>
                    <Unicode>verherrlicht worden. Was uns jetzt beschäftigt, das ist die</Unicode>
                </TextEquiv>
            </TextLine>
            <TextLine id="r1l21" custom="readingOrder {index:20;}">
                <Coords points="334,1391 1511,1405 1495,1346 334,1344"/>
                <Baseline points="342,1385 400,1386 458,1386 516,1387 574,1388 632,1388 690,1388 748,1388 806,1388 864,1388 922,1388 980,1388 1038,1388 1096,1388 1154,1388 1212,1388 1270,1388 1328,1388 1386,1388 1444,1388 1503,1388"/>
                <TextEquiv>
                    <Unicode>krankhafte Entartung des militärischen Ehrbegriffs, wie</Unicode>
                </TextEquiv>
            </TextLine>
            <TextLine id="r1l22" custom="readingOrder {index:21;}">
                <Coords points="343,1449 1507,1447 1507,1405 1333,1394 343,1395"/>
                <Baseline points="351,1434 408,1435 465,1435 523,1436 580,1436 638,1436 695,1437 752,1437 810,1437 867,1437 925,1437 982,1438 1039,1438 1097,1438 1154,1438 1212,1438 1269,1438 1326,1437 1384,1437 1441,1437 1499,1437"/>
                <TextEquiv>
                    <Unicode>solche jetzt drüben in Oesterreich rasch nacheinander zum</Unicode>
                </TextEquiv>
            </TextLine>
            <TextLine id="r1l23" custom="readingOrder {index:22;}">
                <Coords points="338,1492 1512,1496 1512,1451 1459,1443 338,1449"/>
                <Baseline points="346,1483 403,1483 461,1484 519,1485 577,1485 635,1486 693,1486 751,1486 809,1487 867,1487 925,1487 982,1488 1040,1488 1098,1488 1156,1488 1214,1487 1272,1487 1330,1487 1388,1486 1446,1486 1504,1485"/>
                <TextEquiv>
                    <Unicode>Vorschein kam: in dem Falle Schnitzler und in der</Unicode>
                </TextEquiv>
            </TextLine>
            <TextLine id="r1l24" custom="readingOrder {index:23;}">
                <Coords points="329,1546 1500,1543 1500,1499 1349,1516 1284,1478 330,1496"/>
                <Baseline points="337,1531 394,1532 452,1532 510,1533 568,1533 626,1534 683,1534 741,1534 799,1534 857,1534 915,1534 972,1534 1030,1534 1088,1534 1146,1534 1204,1534 1261,1534 1319,1534 1377,1534 1435,1534 1493,1534"/>
                <TextEquiv>
                    <Unicode>Affaire von Bozen; unb wir sprechen darüber, weil es</Unicode>
                </TextEquiv>
            </TextLine>
            <TextLine id="r1l25" custom="readingOrder {index:24;}">
                <Coords points="334,1655 1503,1647 1503,1600 1449,1588 334,1590"/>
                <Baseline points="341,1633 398,1632 456,1632 514,1632 572,1632 629,1632 687,1632 745,1632 803,1632 860,1632 918,1632 976,1633 1034,1633 1091,1633 1149,1633 1207,1634 1265,1634 1322,1634 1380,1634 1438,1634 1496,1634"/>
                <TextEquiv>
                    <Unicode>Haltung, die wir der Armee gegenüber allezeit bekundeten,</Unicode>
                </TextEquiv>
            </TextLine>
            <TextLine id="r1l26" custom="readingOrder {index:25;}">
                <Coords points="332,1688 1511,1706 1511,1651 1425,1639 332,1656"/>
                <Baseline points="339,1681 397,1681 455,1681 513,1681 572,1681 630,1681 688,1681 746,1681 805,1681 863,1681 921,1681 979,1681 1038,1681 1096,1681 1154,1681 1212,1682 1271,1682 1329,1682 1387,1683 1445,1683 1504,1684"/>
                <TextEquiv>
                    <Unicode>auch unser gutes Recht ist, unsere Meinung und Ueberzeugung</Unicode>
                </TextEquiv>
            </TextLine>
            <TextLine id="r1l27" custom="readingOrder {index:26;}">
                <Coords points="336,1748 756,1732 950,1747 972,1736 972,1692 336,1694"/>
                <Baseline points="343,1729 374,1730 405,1730 436,1730 467,1730 498,1730 529,1730 560,1730 591,1730 622,1730 653,1730 684,1730 715,1730 746,1730 777,1730 808,1730 839,1730 870,1730 901,1730 932,1730 964,1730"/>
                <TextEquiv>
                    <Unicode>mit allem Freimuthe zu äußern.</Unicode>
                </TextEquiv>
            </TextLine>
            <TextLine id="r1l28" custom="readingOrder {index:27;}">
                <Coords points="446,1782 1508,1788 1508,1742 1405,1752 1292,1709 1213,1744 446,1738"/>
                <Baseline points="453,1777 505,1777 557,1777 610,1778 662,1778 714,1778 767,1778 819,1778 871,1779 924,1779 976,1779 1028,1779 1081,1779 1133,1779 1185,1779 1238,1779 1290,1779 1342,1779 1395,1779 1447,1779 1500,1779"/>
                <TextEquiv>
                    <Unicode>Der Fall Schnitzler zunächst löst bei Menschen von</Unicode>
                </TextEquiv>
            </TextLine>
            <TextLine id="r1l29" custom="readingOrder {index:28;}">
                <Coords points="340,1845 1515,1830 1515,1788 1417,1783 340,1785"/>
                <Baseline points="347,1828 405,1828 463,1827 521,1827 579,1826 637,1826 695,1826 753,1826 811,1826 869,1826 927,1827 985,1827 1043,1827 1101,1827 1159,1827 1217,1828 1275,1828 1333,1828 1391,1828 1449,1828 1508,1828"/>
                <TextEquiv>
                    <Unicode>gesunder Empfindung sicherlich eher Heiterkeit als Aerger</Unicode>
                </TextEquiv>
            </TextLine>
            <TextLine id="r1l30" custom="readingOrder {index:29;}">
                <Coords points="337,1881 1515,1893 1491,1835 337,1846"/>
                <Baseline points="345,1876 403,1876 461,1876 519,1876 577,1876 635,1875 693,1875 752,1875 810,1875 868,1875 926,1875 984,1875 1042,1875 1100,1875 1159,1875 1217,1875 1275,1875 1333,1875 1391,1876 1449,1876 1508,1876"/>
                <TextEquiv>
                    <Unicode>aus. Unseren Lesern ist bekannt, wovon hier die Rede.</Unicode>
                </TextEquiv>
            </TextLine>
            <TextLine id="r1l31" custom="readingOrder {index:30;}">
                <Coords points="338,1939 1514,1938 1476,1886 338,1881"/>
                <Baseline points="345,1925 403,1925 461,1924 519,1924 577,1924 635,1923 693,1923 751,1923 809,1923 867,1923 926,1922 984,1922 1042,1922 1100,1922 1158,1923 1216,1923 1274,1923 1332,1923 1390,1924 1448,1924 1507,1925"/>
                <TextEquiv>
                    <Unicode>Der österreichische Schriftsteller De. Schnitzler wurde von</Unicode>
                </TextEquiv>
            </TextLine>
            <TextLine id="r1l32" custom="readingOrder {index:31;}">
                <Coords points="335,1980 1366,1996 1513,1986 1513,1936 335,1945"/>
                <Baseline points="342,1974 400,1973 458,1973 516,1972 574,1972 632,1972 690,1972 749,1972 807,1972 865,1972 923,1973 981,1973 1039,1973 1097,1973 1156,1973 1214,1973 1272,1973 1330,1973 1388,1973 1446,1972 1505,1971"/>
                <TextEquiv>
                    <Unicode>einem militärischen Ehrenrathe seiner Charge als Regiments¬</Unicode>
                </TextEquiv>
            </TextLine>
            <TextLine id="r1l33" custom="readingOrder {index:32;}">
                <Coords points="339,2032 1428,2036 1497,2024 1497,1982 339,1983"/>
                <Baseline points="346,2026 403,2024 460,2023 517,2022 574,2021 632,2021 689,2021 746,2021 803,2021 860,2021 918,2022 975,2022 1032,2022 1089,2022 1146,2022 1204,2022 1261,2021 1318,2020 1375,2019 1432,2018 1490,2015"/>
                <TextEquiv>
                    <Unicode>arzt in der Reserve für verlustig erklärt, weil er in ein#</Unicode>
                </TextEquiv>
            </TextLine>
            <TextLine id="r1l34" custom="readingOrder {index:33;}">
                <Coords points="337,2082 1432,2084 1413,2024 337,2032"/>
                <Baseline points="344,2074 398,2073 452,2072 506,2071 560,2071 614,2070 668,2070 722,2070 776,2070 830,2070 884,2070 938,2070 992,2070 1046,2070 1100,2070 1154,2070 1208,2070 1262,2070 1316,2070 1370,2070 1425,2069"/>
                <TextEquiv>
                    <Unicode>Novelle: „Lieutenant Gustel“ einen nach streug sittl.</Unicode>
                </TextEquiv>
            </TextLine>
            <TextLine id="r1l35" custom="readingOrder {index:34;}">
                <Coords points="340,2130 1339,2144 1514,2130 1514,2064 340,2091"/>
                <Baseline points="347,2121 408,2120 469,2120 530,2120 591,2120 652,2120 713,2120 774,2120 835,2120 896,2120 957,2120 1018,2120 1079,2120 1140,2120 1201,2120 1262,2120 1323,2120 1384,2120 1445,2119 1506,2119"/>
                <TextEquiv>
                    <Unicode>oder gar heroischen Satzungen vielleicht nicht ganz einwano¬</Unicode>
                </TextEquiv>
            </TextLine>
            <TextLine id="r1l36" custom="readingOrder {index:35;}">
                <Coords points="330,2185 1515,2183 1515,2140 1447,2123 1325,2155 330,2129"/>
                <Baseline points="337,2168 395,2168 454,2169 512,2169 571,2169 629,2170 688,2170 746,2169 805,2169 863,2169 922,2169 980,2169 1039,2168 1097,2168 1156,2168 1214,2168 1273,2167 1331,2167 1390,2167 1448,2168 1507,2168"/>
                <TextEquiv>
                    <Unicode>freien kleinen und jungen Offizier geschildert hat. — Die</Unicode>
                </TextEquiv>
            </TextLine>
            <TextLine id="r1l37" custom="readingOrder {index:36;}">
                <Coords points="340,2229 1405,2235 1501,2229 1501,2179 340,2183"/>
                <Baseline points="348,2220 405,2219 462,2219 519,2218 577,2218 634,2218 691,2218 749,2218 806,2217 863,2217 921,2217 978,2217 1035,2217 1092,2217 1150,2217 1207,2217 1264,2217 1322,2217 1379,2216 1436,2216 1494,2216"/>
                <TextEquiv>
                    <Unicode>Frage, auf die es hier unseres Erachtens vor Allem an¬</Unicode>
                </TextEquiv>
            </TextLine>
            <TextLine id="r1l38" custom="readingOrder {index:37;}">
                <Coords points="331,2272 1506,2283 1506,2227 1469,2223 331,2225"/>
                <Baseline points="339,2267 397,2267 455,2267 513,2267 571,2267 629,2267 687,2266 745,2266 803,2266 861,2266 919,2266 977,2266 1035,2266 1093,2266 1151,2265 1209,2265 1267,2265 1325,2265 1383,2266 1441,2266 1499,2266"/>
                <TextEquiv>
                    <Unicode>kommt, ist wohl die: kann ein Lieutenant Gustel gar nicht</Unicode>
                </TextEquiv>
            </TextLine>
            <TextLine id="r1l39" custom="readingOrder {index:38;}">
                <Coords points="344,2326 1466,2333 1506,2283 344,2286"/>
                <Baseline points="352,2316 409,2316 466,2315 524,2315 581,2315 638,2315 696,2315 753,2315 810,2315 868,2315 925,2315 982,2315 1040,2315 1097,2315 1154,2315 1212,2314 1269,2314 1326,2314 1384,2314 1441,2314 1499,2313"/>
                <TextEquiv>
                    <Unicode>existiren? Ist es denkbar, daß in unserer großen Armee</Unicode>
                </TextEquiv>
            </TextLine>
            <TextLine id="r1l40" custom="readingOrder {index:39;}">
                <Coords points="342,2373 1505,2376 1492,2323 342,2325"/>
                <Baseline points="350,2364 407,2364 464,2364 522,2364 579,2364 637,2364 694,2364 751,2364 809,2364 866,2364 924,2364 981,2364 1038,2364 1096,2364 1153,2363 1211,2363 1268,2363 1325,2363 1383,2363 1440,2363 1498,2363"/>
                <TextEquiv>
                    <Unicode>nicht ein einziger kleiner und junger, in seinem Charakter noch</Unicode>
                </TextEquiv>
            </TextLine>
            <TextLine id="r1l41" custom="readingOrder {index:40;}">
                <Coords points="332,2422 1506,2419 1506,2382 1415,2368 332,2378"/>
                <Baseline points="339,2413 400,2414 461,2414 522,2414 583,2414 644,2414 705,2414 766,2414 827,2413 888,2413 949,2413 1010,2412 1071,2412 1132,2412 1193,2412 1254,2411 1315,2411 1376,2411 1437,2411 1498,2412"/>
                <TextEquiv>
                    <Unicode>ungefesteter, in seinen Anschauungen noch unabgeklärter</Unicode>
                </TextEquiv>
            </TextLine>
            <TextLine id="r1l42" custom="readingOrder {index:41;}">
                <Coords points="334,2469 1505,2476 1505,2420 334,2424"/>
                <Baseline points="341,2463 398,2463 456,2463 514,2463 572,2463 630,2462 688,2462 745,2462 803,2462 861,2461 919,2461 977,2461 1035,2461 1093,2461 1150,2460 1208,2460 1266,2460 1324,2460 1382,2460 1440,2460 1498,2460"/>
                <TextEquiv>
                    <Unicode>Offizier diene, der in einer gegebenen Situation sich</Unicode>
                </TextEquiv>
            </TextLine>
            <TextLine id="r1l43" custom="readingOrder {index:42;}">
                <Coords points="334,2531 1469,2530 1495,2479 334,2487"/>
                <Baseline points="341,2513 398,2512 455,2512 513,2511 570,2511 627,2511 685,2510 742,2510 799,2510 857,2510 914,2510 971,2510 1029,2510 1086,2510 1143,2510 1201,2510 1258,2510 1315,2510 1373,2509 1430,2509 1488,2508"/>
                <TextEquiv>
                    <Unicode>genau so schwächlich und unzulänglich bethätigen würde,</Unicode>
                </TextEquiv>
            </TextLine>
            <TextLine id="r1l44" custom="readingOrder {index:43;}">
                <Coords points="337,2571 1373,2580 1499,2564 1499,2527 337,2530"/>
                <Baseline points="345,2559 402,2559 459,2559 517,2559 574,2559 631,2559 689,2559 746,2559 803,2559 861,2559 918,2559 975,2559 1033,2559 1090,2559 1147,2559 1205,2559 1262,2558 1319,2558 1377,2558 1434,2557 1492,2556"/>
                <TextEquiv>
                    <Unicode>wie der Lieutenant Gustel? Man wird doch vernünftiger¬</Unicode>
                </TextEquiv>
            </TextLine>
            <TextLine id="r1l45" custom="readingOrder {index:44;}">
                <Coords points="333,2621 1487,2622 1498,2562 333,2569"/>
                <Baseline points="340,2608 397,2608 455,2608 512,2608 570,2608 627,2609 685,2609 742,2609 800,2609 857,2609 915,2609 972,2609 1030,2608 1087,2608 1145,2608 1202,2608 1260,2608 1317,2608 1375,2607 1432,2607 1490,2607"/>
                <TextEquiv>
                    <Unicode>weise nicht behaupten wollen, daß jeder Lieutenant ein</Unicode>
                </TextEquiv>
            </TextLine>
            <TextLine id="r1l46" custom="readingOrder {index:45;}">
                <Coords points="336,2661 1498,2663 1447,2614 336,2618"/>
                <Baseline points="343,2657 400,2657 457,2657 515,2657 572,2657 629,2657 687,2657 744,2657 801,2657 859,2657 916,2658 973,2658 1031,2658 1088,2657 1145,2657 1203,2657 1260,2657 1317,2656 1375,2655 1432,2654 1490,2654"/>
                <TextEquiv>
                    <Unicode>Engel Gottes in Uniform und gegen Lockungen und Ver¬</Unicode>
                </TextEquiv>
            </TextLine>
            <TextLine id="r1l47" custom="readingOrder {index:46;}">
                <Coords points="330,2726 1514,2725 1514,2651 330,2660"/>
                <Baseline points="337,2705 395,2705 453,2705 512,2705 570,2705 629,2705 687,2705 746,2705 804,2705 863,2705 921,2705 979,2705 1038,2704 1096,2704 1155,2704 1213,2704 1272,2704 1330,2704 1389,2704 1447,2705 1506,2705"/>
                <TextEquiv>
                    <Unicode>fehlungen unfehlbar gefeit sei? Gibt es aber einen Gustel</Unicode>
                </TextEquiv>
            </TextLine>
            <TextLine id="r1l48" custom="readingOrder {index:47;}">
                <Coords points="335,2764 1507,2761 1507,2724 1422,2712 335,2724"/>
                <Baseline points="342,2754 399,2754 457,2753 515,2753 573,2753 631,2753 689,2753 747,2753 805,2753 863,2753 921,2753 978,2753 1036,2753 1094,2753 1152,2753 1210,2753 1268,2753 1326,2753 1384,2753 1442,2753 1500,2752"/>
                <TextEquiv>
                    <Unicode>oder besteht wenigstens die Möglichkeit, daß es einen</Unicode>
                </TextEquiv>
            </TextLine>
            <TextLine id="r1l49" custom="readingOrder {index:48;}">
                <Coords points="331,2813 1502,2819 1502,2760 331,2767"/>
                <Baseline points="339,2803 396,2802 454,2801 512,2801 570,2800 628,2799 685,2799 743,2799 801,2798 859,2798 917,2798 974,2798 1032,2798 1090,2798 1148,2798 1206,2798 1263,2798 1321,2798 1379,2797 1437,2797 1495,2797"/>
                <TextEquiv>
                    <Unicode>gibt, so ist es lächerlich, einem Schriftsteller zu verwehren,</Unicode>
                </TextEquiv>
            </TextLine>
            <TextLine id="r1l50" custom="readingOrder {index:49;}">
                <Coords points="339,2867 1504,2865 1504,2813 1433,2805 339,2813"/>
                <Baseline points="347,2849 404,2849 461,2849 519,2849 576,2849 634,2849 691,2849 749,2848 806,2848 864,2848 921,2848 978,2847 1036,2847 1093,2847 1151,2847 1208,2846 1266,2846 1323,2846 1381,2846 1438,2846 1496,2846"/>
                <TextEquiv>
                    <Unicode>daß er einen solchen zeichne. Einem Schriftsteller im Allge¬</Unicode>
                </TextEquiv>
            </TextLine>
            <TextLine id="r1l51" custom="readingOrder {index:50;}">
                <Coords points="340,2907 1487,2911 1499,2864 340,2866"/>
                <Baseline points="348,2898 405,2898 462,2897 519,2897 576,2897 634,2897 691,2897 748,2896 805,2896 862,2896 920,2896 977,2896 1034,2896 1091,2895 1148,2895 1206,2895 1263,2895 1320,2895 1377,2894 1434,2894 1492,2894"/>
                <TextEquiv>
                    <Unicode>meinen, wird das ehrenräthliche Tribunal vielleicht ein¬</Unicode>
                </TextEquiv>
            </TextLine>
            <TextLine id="r1l52" custom="readingOrder {index:51;}">
                <Coords points="334,2950 1500,2953 1500,2915 1422,2899 334,2915"/>
                <Baseline points="342,2946 399,2945 457,2945 514,2945 572,2945 629,2945 687,2945 744,2945 802,2945 859,2945 917,2945 975,2945 1032,2945 1090,2945 1147,2945 1205,2945 1262,2945 1320,2944 1377,2944 1435,2943 1493,2943"/>
                <TextEquiv>
                    <Unicode>wenden, kann dies nicht verwehrt sein, wohl aber einem</Unicode>
                </TextEquiv>
            </TextLine>
            <TextLine id="r1l53" custom="readingOrder {index:52;}">
                <Coords points="339,2997 1509,3009 1508,2959 1438,2951 339,2953"/>
                <Baseline points="347,2993 404,2993 462,2994 520,2994 577,2994 635,2994 693,2994 750,2994 808,2993 866,2993 924,2993 981,2993 1039,2992 1097,2992 1154,2992 1212,2992 1270,2992 1327,2993 1385,2993 1443,2994 1501,2994"/>
                <TextEquiv>
                    <Unicode>Schriftsteller, der noch das Recht hat, an manchem</Unicode>
                </TextEquiv>
            </TextLine>
            <TextLine id="r1l54" custom="readingOrder {index:53;}">
                <Coords points="339,3056 1499,3055 1459,3000 339,2997"/>
                <Baseline points="346,3044 403,3043 460,3043 517,3042 575,3042 632,3042 689,3042 747,3042 804,3041 861,3041 919,3041 976,3041 1033,3041 1090,3041 1148,3041 1205,3041 1262,3041 1320,3041 1377,3041 1434,3040 1492,3040"/>
                <TextEquiv>
                    <Unicode>Festtage oder bei irgend einer militärischen Feierlich¬</Unicode>
                </TextEquiv>
            </TextLine>
            <TextLine id="r1l55" custom="readingOrder {index:54;}">
                <Coords points="332,3116 1499,3096 1499,3060 1421,3053 1013,3051 978,3081 909,3044 332,3054"/>
                <Baseline points="339,3090 396,3091 454,3091 511,3091 569,3092 627,3092 684,3092 742,3092 800,3091 857,3091 915,3091 973,3091 1030,3091 1088,3090 1146,3090 1203,3090 1261,3090 1319,3089 1376,3089 1434,3089 1492,3089"/>
                <TextEquiv>
                    <Unicode>keit die Uniform zu tragen, denn die Uniform ver¬</Unicode>
                </TextEquiv>
            </TextLine>
            <TextLine id="r1l56" custom="readingOrder {index:55;}">
                <Coords points="336,3153 1511,3150 1511,3116 1437,3097 336,3112"/>
                <Baseline points="343,3140 401,3140 459,3140 517,3140 575,3140 633,3140 691,3140 749,3140 807,3139 865,3139 923,3139 981,3139 1039,3139 1097,3139 1155,3139 1213,3139 1271,3139 1329,3139 1387,3139 1445,3139 1504,3139"/>
                <TextEquiv>
                    <Unicode>pflichtet, die Empfindlichkeit der Kameraden zu schonen.</Unicode>
                </TextEquiv>
            </TextLine>
            <TextLine id="r1l57" custom="readingOrder {index:56;}">
                <Coords points="334,3203 1497,3201 1497,3160 1445,3147 334,3156"/>
                <Baseline points="341,3187 398,3187 455,3187 513,3187 570,3188 628,3188 685,3188 743,3188 800,3188 858,3188 915,3188 972,3188 1030,3188 1087,3188 1145,3188 1202,3188 1260,3187 1317,3187 1375,3187 1432,3186 1490,3186"/>
                <TextEquiv>
                    <Unicode>Aber ist das eine gesunde, berücksichtigenswerthe Em¬</Unicode>
                </TextEquiv>
            </TextLine>
            <TextLine id="r1l58" custom="readingOrder {index:57;}">
                <Coords points="342,3253 1507,3249 1507,3202 1430,3195 342,3197"/>
                <Baseline points="349,3240 406,3239 464,3238 521,3238 579,3237 636,3237 694,3237 751,3237 809,3237 866,3237 924,3237 982,3237 1039,3237 1097,3237 1154,3237 1212,3237 1269,3237 1327,3237 1384,3236 1442,3236 1500,3236"/>
                <TextEquiv>
                    <Unicode>pfindlichkeit, die sich durch die literarische Darstellung eines</Unicode>
                </TextEquiv>
            </TextLine>
            <TextLine id="r1l59" custom="readingOrder {index:58;}">
                <Coords points="336,3296 1432,3304 1510,3297 1510,3247 336,3249"/>
                <Baseline points="343,3286 404,3286 465,3286 526,3285 587,3285 648,3285 709,3284 770,3284 831,3284 892,3284 953,3284 1014,3284 1075,3284 1136,3284 1197,3284 1258,3285 1319,3285 1380,3285 1441,3286 1502,3286"/>
                <TextEquiv>
                    <Unicode>Ausnahmefalles — und „Gustel“ ist doch kein Typus,</Unicode>
                </TextEquiv>
            </TextLine>
            <TextLine id="r1l60" custom="readingOrder {index:59;}">
                <Coords points="345,3350 1502,3345 1467,3292 345,3296"/>
                <Baseline points="352,3337 409,3337 466,3337 523,3336 580,3336 637,3335 694,3335 752,3335 809,3334 866,3334 923,3334 980,3334 1037,3333 1094,3333 1152,3333 1209,3333 1266,3333 1323,3332 1380,3332 1437,3332 1495,3332"/>
                <TextEquiv>
                    <Unicode>sondern nur eine Ausnahme — peinlich irritirt fühlt? Es</Unicode>
                </TextEquiv>
            </TextLine>
            <TextLine id="r1l61" custom="readingOrder {index:60;}">
                <Coords points="346,3392 1504,3403 1504,3344 346,3349"/>
                <Baseline points="353,3384 410,3385 467,3385 524,3385 581,3385 639,3385 696,3384 753,3384 810,3384 867,3384 925,3383 982,3383 1039,3383 1096,3382 1153,3382 1211,3382 1268,3382 1325,3382 1382,3382 1439,3383 1497,3384"/>
                <TextEquiv>
                    <Unicode>hat sich schon ereignet, daß nicht nur ein kleiner Lieutenant,</Unicode>
                </TextEquiv>
            </TextLine>
            <TextLine id="r1l62" custom="readingOrder {index:61;}">
                <Coords points="338,3457 1509,3438 1509,3403 1444,3389 338,3399"/>
                <Baseline points="346,3433 403,3433 461,3433 519,3433 577,3433 635,3433 692,3433 750,3433 808,3433 866,3433 924,3432 981,3432 1039,3432 1097,3432 1155,3431 1213,3431 1270,3431 1328,3431 1386,3431 1444,3431 1502,3432"/>
                <TextEquiv>
                    <Unicode>sondern selbst ein hochgestellter Offizier wegen eines Ver¬</Unicode>
                </TextEquiv>
            </TextLine>
            <TextLine id="r1l63" custom="readingOrder {index:62;}">
                <Coords points="336,3494 1399,3507 1501,3493 1501,3445 336,3455"/>
                <Baseline points="344,3484 401,3483 459,3482 516,3482 574,3481 631,3481 689,3481 746,3481 804,3481 861,3481 919,3481 976,3481 1034,3481 1091,3481 1149,3481 1206,3481 1264,3481 1321,3481 1379,3481 1436,3480 1494,3480"/>
                <TextEquiv>
                    <Unicode>gehens oder eines Verbrechens verurtheilt wurde; hat</Unicode>
                </TextEquiv>
            </TextLine>
            <TextLine id="r1l64" custom="readingOrder {index:63;}">
                <Coords points="339,3538 1416,3551 1505,3539 1505,3493 339,3495"/>
                <Baseline points="346,3531 403,3531 461,3531 518,3531 576,3530 634,3530 691,3530 749,3530 806,3530 864,3530 922,3530 979,3530 1037,3530 1094,3530 1152,3530 1210,3530 1267,3530 1325,3529 1382,3529 1440,3529 1498,3528"/>
                <TextEquiv>
                    <Unicode>darunter die Ehre und das Selbstgefühl des Offiziers¬</Unicode>
                </TextEquiv>
            </TextLine>
            <TextLine id="r1l65" custom="readingOrder {index:64;}">
                <Coords points="337,3589 1425,3597 1509,3591 1509,3537 337,3540"/>
                <Baseline points="345,3579 402,3580 460,3580 518,3580 576,3580 634,3580 691,3580 749,3580 807,3579 865,3579 923,3579 980,3579 1038,3579 1096,3578 1154,3578 1212,3578 1269,3578 1327,3577 1385,3577 1443,3577 1501,3577"/>
                <TextEquiv>
                    <Unicode>korps auch nur im Mindesten gelitten? Und wenn</Unicode>
                </TextEquiv>
            </TextLine>
            <TextLine id="r1l66" custom="readingOrder {index:65;}">
                <Coords points="338,3638 1492,3639 1501,3588 338,3589"/>
                <Baseline points="345,3628 402,3628 459,3629 517,3629 574,3629 632,3629 689,3629 746,3629 804,3629 861,3628 919,3628 976,3628 1033,3627 1091,3627 1148,3627 1206,3626 1263,3626 1320,3626 1378,3626 1435,3626 1493,3626"/>
                <TextEquiv>
                    <Unicode>der wirkliche, konkrete Fall nichts Verletzendes für die</Unicode>
                </TextEquiv>
            </TextLine>
            <TextLine id="r1l67" custom="readingOrder {index:66;}">
                <Coords points="337,3692 1507,3688 1507,3647 1444,3627 337,3640"/>
                <Baseline points="344,3675 401,3676 459,3677 517,3677 575,3677 633,3677 690,3678 748,3678 806,3677 864,3677 922,3677 979,3677 1037,3677 1095,3676 1153,3676 1211,3676 1268,3676 1326,3675 1384,3675 1442,3675 1500,3675"/>
                <TextEquiv>
                    <Unicode>Gesammtheit hat, soll der schriftstellerisch dar¬</Unicode>
                </TextEquiv>
            </TextLine>
            <TextLine id="r1l68" custom="readingOrder {index:67;}">
                <Coords points="341,3743 1391,3748 1494,3739 1510,3691 341,3692"/>
                <Baseline points="349,3727 406,3727 464,3726 522,3726 579,3726 637,3725 695,3725 752,3725 810,3725 868,3725 926,3725 983,3725 1041,3725 1099,3725 1156,3725 1214,3725 1272,3725 1329,3725 1387,3725 1445,3725 1503,3725"/>
                <TextEquiv>
                    <Unicode>gestellte Fall beleidigend sein? Wir fragen die Herren</Unicode>
                </TextEquiv>
            </TextLine>
            <TextLine id="r1l69" custom="readingOrder {index:68;}">
                <Coords points="340,3788 1492,3792 1510,3742 340,3743"/>
                <Baseline points="348,3773 405,3774 463,3774 521,3774 578,3774 636,3774 694,3774 751,3774 809,3774 867,3774 925,3774 982,3774 1040,3774 1098,3774 1155,3774 1213,3774 1271,3774 1328,3774 1386,3774 1444,3775 1502,3775"/>
                <TextEquiv>
                    <Unicode>nicht, wohin es mit der literarischen Produktion käme,</Unicode>
                </TextEquiv>
            </TextLine>
            <TextLine id="r1l70" custom="readingOrder {index:69;}">
                <Coords points="338,3842 1498,3838 1510,3787 338,3794"/>
                <Baseline points="345,3821 402,3821 460,3821 518,3821 576,3821 634,3821 692,3821 749,3821 807,3821 865,3821 923,3821 981,3822 1039,3822 1097,3822 1154,3822 1212,3822 1270,3821 1328,3821 1386,3821 1444,3821 1502,3821"/>
                <TextEquiv>
                    <Unicode>wenn jeder Stand, aus dessen Mitte ein minder¬</Unicode>
                </TextEquiv>
            </TextLine>
            <TextLine id="r1l71" custom="readingOrder {index:70;}">
                <Coords points="337,3886 786,3867 854,3904 1161,3852 1494,3891 1513,3829 337,3843"/>
                <Baseline points="344,3868 402,3869 460,3869 518,3869 576,3869 634,3870 692,3870 750,3869 808,3869 866,3869 925,3869 983,3869 1041,3869 1099,3868 1157,3868 1215,3868 1273,3868 1331,3867 1389,3867 1447,3867 1506,3867"/>
                <TextEquiv>
                    <Unicode>werthiges Exemplar herausgegriffen und auf der</Unicode>
                </TextEquiv>
            </TextLine>
            <TextEquiv>
                <Unicode>10. Leutnant Gustl
box 1/9
omennnnnnn
Budapest, 22. Juni.
* Durch zwei Vorfälle im Offizierskorps der gemein¬
samen Armee ist die militärische Standesehre
#
wieder einmal zum Gegenstande öffentlicher Besprechung
gemacht worden. Handelt es sich hier aber auch wirklich um
das solbatische Ehrgefühl? An diese feinste Blüthe des
männlichen Charakters auch nur leise zu rühren, wäre
schlimmer, als ein Verbrechen, es wäre gef hmacklos. Man
mag sich gegen das Vorurtheil auflehren, als sei die
Soldatenehre von besserer Herkunft und höher zu bewerthen,
als die bürgerliche Ehre, und wird doch den moralischen
Reinlichkeitssinn des Offiziers, der an des „Königs Rock“
selbst ein Staubkörnchen nicht dulder will, nur sympathisch
würdigen können. Doch davon braucht man nicht zu singen
und zu sagen, das ist in Poesie und Prosa tausendfach
verherrlicht worden. Was uns jetzt beschäftigt, das ist die
krankhafte Entartung des militärischen Ehrbegriffs, wie
solche jetzt drüben in Oesterreich rasch nacheinander zum
Vorschein kam: in dem Falle Schnitzler und in der
Affaire von Bozen; unb wir sprechen darüber, weil es
Haltung, die wir der Armee gegenüber allezeit bekundeten,
auch unser gutes Recht ist, unsere Meinung und Ueberzeugung
mit allem Freimuthe zu äußern.
Der Fall Schnitzler zunächst löst bei Menschen von
gesunder Empfindung sicherlich eher Heiterkeit als Aerger
aus. Unseren Lesern ist bekannt, wovon hier die Rede.
Der österreichische Schriftsteller De. Schnitzler wurde von
einem militärischen Ehrenrathe seiner Charge als Regiments¬
arzt in der Reserve für verlustig erklärt, weil er in ein#
Novelle: „Lieutenant Gustel“ einen nach streug sittl.
oder gar heroischen Satzungen vielleicht nicht ganz einwano¬
freien kleinen und jungen Offizier geschildert hat. — Die
Frage, auf die es hier unseres Erachtens vor Allem an¬
kommt, ist wohl die: kann ein Lieutenant Gustel gar nicht
existiren? Ist es denkbar, daß in unserer großen Armee
nicht ein einziger kleiner und junger, in seinem Charakter noch
ungefesteter, in seinen Anschauungen noch unabgeklärter
Offizier diene, der in einer gegebenen Situation sich
genau so schwächlich und unzulänglich bethätigen würde,
wie der Lieutenant Gustel? Man wird doch vernünftiger¬
weise nicht behaupten wollen, daß jeder Lieutenant ein
Engel Gottes in Uniform und gegen Lockungen und Ver¬
fehlungen unfehlbar gefeit sei? Gibt es aber einen Gustel
oder besteht wenigstens die Möglichkeit, daß es einen
gibt, so ist es lächerlich, einem Schriftsteller zu verwehren,
daß er einen solchen zeichne. Einem Schriftsteller im Allge¬
meinen, wird das ehrenräthliche Tribunal vielleicht ein¬
wenden, kann dies nicht verwehrt sein, wohl aber einem
Schriftsteller, der noch das Recht hat, an manchem
Festtage oder bei irgend einer militärischen Feierlich¬
keit die Uniform zu tragen, denn die Uniform ver¬
pflichtet, die Empfindlichkeit der Kameraden zu schonen.
Aber ist das eine gesunde, berücksichtigenswerthe Em¬
pfindlichkeit, die sich durch die literarische Darstellung eines
Ausnahmefalles — und „Gustel“ ist doch kein Typus,
sondern nur eine Ausnahme — peinlich irritirt fühlt? Es
hat sich schon ereignet, daß nicht nur ein kleiner Lieutenant,
sondern selbst ein hochgestellter Offizier wegen eines Ver¬
gehens oder eines Verbrechens verurtheilt wurde; hat
darunter die Ehre und das Selbstgefühl des Offiziers¬
korps auch nur im Mindesten gelitten? Und wenn
der wirkliche, konkrete Fall nichts Verletzendes für die
Gesammtheit hat, soll der schriftstellerisch dar¬
gestellte Fall beleidigend sein? Wir fragen die Herren
nicht, wohin es mit der literarischen Produktion käme,
wenn jeder Stand, aus dessen Mitte ein minder¬
werthiges Exemplar herausgegriffen und auf der</Unicode>
            </TextEquiv>
        </TextRegion>
        <TextRegion orientation="0.0" id="r2" custom="readingOrder {index:1;}">
            <Coords points="1543,1119 1543,1671 1718,1671 1718,1119"/>
            <TextLine id="r2l1" custom="readingOrder {index:0;}">
                <Coords points="1552,1147 1579,1149 1585,1155 1601,1145 1610,1153 1622,1145 1635,1157 1651,1146 1684,1164 1685,1084 1668,1083 1654,1097 1635,1082 1620,1095 1602,1078 1573,1105 1552,1111"/>
                <Baseline points="1559,1142 1588,1140 1618,1142 1647,1142 1677,1142"/>
                <TextEquiv>
                    <Unicode>ell</Unicode>
                </TextEquiv>
            </TextLine>
            <TextLine id="r2l2" custom="readingOrder {index:1;}">
                <Coords points="1540,1236 1552,1235 1561,1226 1589,1227 1593,1222 1602,1230 1618,1229 1628,1235 1634,1230 1693,1236 1693,1193 1673,1181 1642,1200 1619,1185 1602,1190 1585,1186 1577,1193 1558,1184 1541,1188"/>
                <Baseline points="1547,1220 1574,1220 1602,1220 1629,1221 1657,1221 1685,1222"/>
                <TextEquiv>
                    <Unicode>Zahlbak</Unicode>
                </TextEquiv>
            </TextLine>
            <TextLine id="r2l3" custom="readingOrder {index:2;}">
                <Coords points="1536,1264 1555,1266 1570,1259 1600,1268 1630,1260 1643,1274 1659,1271 1684,1282 1685,1232 1654,1236 1632,1231 1619,1236 1594,1224 1561,1226 1551,1235 1536,1235"/>
                <Baseline points="1543,1258 1569,1258 1596,1258 1623,1259 1650,1260 1677,1260"/>
                <TextEquiv>
                    <Unicode>n Voraus</Unicode>
                </TextEquiv>
            </TextLine>
            <TextLine id="r2l4" custom="readingOrder {index:3;}">
                <Coords points="1547,1341 1581,1341 1591,1350 1625,1342 1638,1351 1666,1337 1675,1345 1698,1342 1723,1353 1725,1278 1682,1276 1669,1289 1628,1260 1594,1283 1584,1280 1569,1288 1548,1282"/>
                <Baseline points="1554,1331 1581,1332 1608,1334 1635,1334 1662,1334 1689,1334 1716,1335"/>
                <TextEquiv>
                    <Unicode>e ierddus</Unicode>
                </TextEquiv>
            </TextLine>
            <TextLine id="r2l5" custom="readingOrder {index:4;}">
                <Coords points="1538,1377 1558,1386 1588,1373 1606,1377 1646,1395 1662,1412 1672,1406 1682,1412 1712,1392 1722,1393 1722,1345 1702,1350 1694,1344 1686,1350 1661,1337 1640,1353 1624,1341 1590,1349 1577,1340 1539,1339"/>
                <Baseline points="1546,1373 1574,1375 1602,1375 1630,1375 1658,1375 1686,1375 1715,1376"/>
                <TextEquiv>
                    <Unicode>cht es gen</Unicode>
                </TextEquiv>
            </TextLine>
            <TextLine id="r2l6" custom="readingOrder {index:5;}">
                <Coords points="1535,1505 1559,1510 1573,1504 1604,1515 1623,1510 1639,1522 1654,1509 1666,1518 1676,1508 1714,1518 1715,1474 1700,1473 1682,1458 1670,1468 1659,1467 1636,1447 1614,1452 1598,1465 1574,1456 1536,1457"/>
                <Baseline points="1543,1500 1570,1501 1597,1502 1625,1502 1652,1503 1679,1503 1707,1504"/>
                <TextEquiv>
                    <Unicode>altend die</Unicode>
                </TextEquiv>
            </TextLine>
            <TextLine id="r2l7" custom="readingOrder {index:6;}">
                <Coords points="1548,1537 1560,1538 1569,1547 1584,1542 1595,1552 1606,1545 1624,1557 1713,1551 1713,1525 1678,1508 1666,1518 1655,1509 1641,1522 1625,1510 1612,1516 1581,1509 1572,1518 1549,1515"/>
                <Baseline points="1556,1539 1581,1540 1606,1541 1631,1542 1656,1542 1681,1542 1706,1541"/>
                <TextEquiv>
                    <Unicode>0 Fgehn¬</Unicode>
                </TextEquiv>
            </TextLine>
            <TextLine id="r2l8" custom="readingOrder {index:7;}">
                <Coords points="1552,1583 1571,1585 1583,1596 1621,1580 1636,1593 1656,1585 1669,1596 1673,1591 1686,1592 1688,1557 1623,1557 1607,1547 1593,1551 1584,1542 1569,1547 1561,1539 1553,1539"/>
                <Baseline points="1559,1578 1589,1580 1619,1580 1649,1582 1679,1584"/>
                <TextEquiv>
                    <Unicode>Zeitung</Unicode>
                </TextEquiv>
            </TextLine>
            <TextLine id="r2l9" custom="readingOrder {index:8;}">
                <Coords points="1548,1622 1559,1619 1582,1630 1610,1623 1622,1633 1648,1632 1658,1623 1663,1628 1691,1625 1713,1633 1713,1596 1688,1599 1673,1591 1667,1596 1656,1585 1637,1592 1621,1580 1582,1596 1571,1586 1549,1584"/>
                <Baseline points="1556,1617 1585,1619 1615,1619 1645,1619 1675,1619 1705,1620"/>
                <TextEquiv>
                    <Unicode>ehe Leben</Unicode>
                </TextEquiv>
            </TextLine>
            <TextLine id="r2l10" custom="readingOrder {index:9;}">
                <Coords points="1539,1673 1556,1667 1588,1680 1597,1671 1630,1676 1653,1670 1663,1676 1725,1667 1726,1629 1702,1625 1685,1637 1657,1624 1646,1633 1622,1634 1610,1623 1594,1623 1572,1634 1561,1622 1540,1624"/>
                <Baseline points="1546,1657 1574,1657 1603,1657 1632,1657 1660,1659 1689,1660 1718,1661"/>
                <TextEquiv>
                    <Unicode>theilungen</Unicode>
                </TextEquiv>
            </TextLine>
            <TextEquiv>
                <Unicode>ell
Zahlbak
n Voraus
e ierddus
cht es gen
altend die
0 Fgehn¬
Zeitung
ehe Leben
theilungen</Unicode>
            </TextEquiv>
        </TextRegion>
        <TextRegion orientation="0.0" id="r3" custom="readingOrder {index:2;}">
            <Coords points="1910,124 1910,3889 3087,3889 3087,124"/>
            <TextLine id="r3l1" custom="readingOrder {index:0;}">
                <Coords points="1905,161 3095,152 3095,105 2958,89 1905,103"/>
                <Baseline points="1913,149 1971,149 2030,149 2089,149 2147,149 2206,149 2265,149 2323,149 2382,149 2441,149 2500,149 2558,149 2617,148 2676,148 2734,148 2793,148 2852,148 2910,148 2969,148 3028,147 3087,147"/>
                <TextEquiv>
                    <Unicode>Bühne oder in einem Buche zur Anschauung gebracht</Unicode>
                </TextEquiv>
            </TextLine>
            <TextLine id="r3l2" custom="readingOrder {index:1;}">
                <Coords points="1925,206 3031,211 3079,208 3079,164 1924,165"/>
                <Baseline points="1932,200 1989,199 2046,199 2103,199 2160,199 2217,198 2274,198 2331,198 2388,198 2445,198 2502,197 2559,197 2616,197 2673,197 2730,197 2787,197 2844,197 2901,197 2958,197 3015,197 3072,198"/>
                <TextEquiv>
                    <Unicode>wird, den betreffenden Autor in Ach und Bann thun würde.</Unicode>
                </TextEquiv>
            </TextLine>
            <TextLine id="r3l3" custom="readingOrder {index:2;}">
                <Coords points="1920,269 3085,253 3054,204 1920,206"/>
                <Baseline points="1927,249 1984,249 2042,248 2099,248 2157,248 2214,247 2272,247 2329,247 2387,246 2444,246 2502,246 2559,246 2617,246 2674,246 2732,246 2789,246 2847,246 2904,246 2962,246 3019,247 3077,247"/>
                <TextEquiv>
                    <Unicode>Gesetzt den Fall, Friedrich Schiller, der ja auch einmal</Unicode>
                </TextEquiv>
            </TextLine>
            <TextLine id="r3l4" custom="readingOrder {index:3;}">
                <Coords points="1920,305 3064,314 3085,258 1920,269"/>
                <Baseline points="1928,298 1985,297 2043,297 2100,297 2158,297 2215,296 2273,296 2330,296 2388,296 2445,296 2503,295 2560,295 2618,295 2675,295 2733,295 2790,295 2848,295 2905,295 2963,295 3020,296 3078,296"/>
                <TextEquiv>
                    <Unicode>militärärztlicher Eleve war, würde heute als Regimentsarzt</Unicode>
                </TextEquiv>
            </TextLine>
            <TextLine id="r3l5" custom="readingOrder {index:4;}">
                <Coords points="1916,355 3091,353 3091,314 3031,301 1916,306"/>
                <Baseline points="1923,347 1981,346 2039,346 2097,345 2155,345 2213,345 2271,344 2329,344 2387,344 2445,344 2503,344 2561,344 2619,344 2677,344 2735,344 2793,344 2851,344 2909,344 2967,344 3025,344 3083,343"/>
                <TextEquiv>
                    <Unicode>i. d. R. in der k. u. k. Armee dienen, als solcher den</Unicode>
                </TextEquiv>
            </TextLine>
            <TextLine id="r3l6" custom="readingOrder {index:5;}">
                <Coords points="1913,405 3024,410 3091,398 3091,353 1913,354"/>
                <Baseline points="1920,397 1978,395 2036,394 2094,394 2152,393 2211,392 2269,392 2327,392 2385,391 2443,391 2502,391 2560,391 2618,391 2676,392 2734,392 2793,392 2851,392 2909,392 2967,392 3025,392 3084,392"/>
                <TextEquiv>
                    <Unicode>Wallenstein schreiben, in welchem doch etliche ganz nichts¬</Unicode>
                </TextEquiv>
            </TextLine>
            <TextLine id="r3l7" custom="readingOrder {index:6;}">
                <Coords points="1913,456 3050,457 3091,450 3091,398 1913,417"/>
                <Baseline points="1921,445 1979,444 2037,443 2095,442 2153,441 2211,441 2269,440 2328,440 2386,440 2444,440 2502,440 2560,440 2618,440 2676,440 2735,440 2793,441 2851,441 2909,441 2967,441 3025,441 3084,441"/>
                <TextEquiv>
                    <Unicode>nutzige Offiziere vorkommen, und der Ehrenrath würde ihn</Unicode>
                </TextEquiv>
            </TextLine>
            <TextLine id="r3l8" custom="readingOrder {index:7;}">
                <Coords points="1916,505 3072,508 3084,449 1916,458"/>
                <Baseline points="1923,492 1980,492 2038,491 2095,490 2153,490 2211,490 2268,489 2326,489 2384,489 2441,489 2499,489 2557,489 2614,489 2672,489 2730,489 2787,489 2845,489 2903,489 2960,489 3018,490 3076,490"/>
                <TextEquiv>
                    <Unicode>natüclich ebenfalls seiner militärischen Charge für verlustig</Unicode>
                </TextEquiv>
            </TextLine>
            <TextLine id="r3l9" custom="readingOrder {index:8;}">
                <Coords points="1922,549 3089,539 3088,506 2987,490 1922,501"/>
                <Baseline points="1929,540 1986,540 2044,539 2101,539 2159,539 2217,539 2274,539 2332,538 2389,538 2447,538 2505,538 2562,538 2620,538 2677,538 2735,538 2793,538 2850,538 2908,537 2965,537 3023,537 3081,537"/>
                <TextEquiv>
                    <Unicode>erklären — was meint man wohl: wer wäre dadurch be¬</Unicode>
                </TextEquiv>
            </TextLine>
            <TextLine id="r3l10" custom="readingOrder {index:9;}">
                <Coords points="1920,608 3070,605 3089,539 1920,550"/>
                <Baseline points="1927,590 1984,589 2042,589 2100,589 2158,588 2215,588 2273,588 2331,587 2389,587 2446,587 2504,587 2562,587 2620,586 2677,586 2735,586 2793,586 2851,586 2908,586 2966,586 3024,586 3082,586"/>
                <TextEquiv>
                    <Unicode>straft oder beschämt? Nun freilich, Arthur Schnitzler ist</Unicode>
                </TextEquiv>
            </TextLine>
            <TextLine id="r3l11" custom="readingOrder {index:10;}">
                <Coords points="1922,653 2074,624 2122,654 3083,648 3082,604 3024,588 1922,607"/>
                <Baseline points="1929,641 1986,640 2043,639 2101,638 2158,637 2215,637 2273,636 2330,636 2387,636 2445,635 2502,635 2559,635 2617,635 2674,635 2731,635 2789,636 2846,635 2903,635 2961,635 3018,635 3076,634"/>
                <TextEquiv>
                    <Unicode>gottlob kein Friedrich Schiller, und Gustel ist kein Wallen¬</Unicode>
                </TextEquiv>
            </TextLine>
            <TextLine id="r3l12" custom="readingOrder {index:11;}">
                <Coords points="1924,705 3055,701 3086,650 1924,653"/>
                <Baseline points="1931,688 1988,687 2045,687 2103,686 2160,686 2217,685 2275,685 2332,685 2389,684 2447,684 2504,684 2561,684 2619,684 2676,683 2733,683 2791,683 2848,683 2905,683 2963,683 3020,683 3078,683"/>
                <TextEquiv>
                    <Unicode>stein; allein die Lächerlichkeit der Prozedur ist nur umso</Unicode>
                </TextEquiv>
            </TextLine>
            <TextLine id="r3l13" custom="readingOrder {index:12;}">
                <Coords points="1926,753 2877,737 3024,767 3095,745 3095,688 1926,704"/>
                <Baseline points="1933,739 1990,738 2048,737 2106,736 2163,735 2221,735 2279,734 2336,734 2394,734 2452,734 2510,733 2567,733 2625,733 2683,733 2740,733 2798,733 2856,733 2913,733 2971,733 3029,733 3087,733"/>
                <TextEquiv>
                    <Unicode>größer, je weniger der Autor und seine Leistung einen großen</Unicode>
                </TextEquiv>
            </TextLine>
            <TextLine id="r3l14" custom="readingOrder {index:13;}">
                <Coords points="1916,799 1969,791 2003,813 2095,779 2120,798 2167,786 2252,803 2299,781 2389,787 2389,747 1916,748"/>
                <Baseline points="1923,787 1948,786 1973,785 1999,785 2024,785 2050,784 2075,784 2101,784 2126,784 2152,784 2177,784 2202,785 2228,785 2253,785 2279,785 2304,785 2330,786 2355,786 2381,786"/>
                <TextEquiv>
                    <Unicode>Maßstab vertragen...</Unicode>
                </TextEquiv>
            </TextLine>
            <TextLine id="r3l15" custom="readingOrder {index:14;}">
                <Coords points="2032,843 3029,852 3082,847 3082,785 2032,793"/>
                <Baseline points="2040,836 2091,835 2143,835 2195,834 2247,834 2298,833 2350,833 2402,832 2454,832 2505,832 2557,832 2609,832 2661,831 2712,831 2764,831 2816,831 2868,831 2919,831 2971,831 3023,831 3075,831"/>
                <TextEquiv>
                    <Unicode>Ja, wie wenig wir uns auch die Fähigkeit anmaßen,</Unicode>
                </TextEquiv>
            </TextLine>
            <TextLine id="r3l16" custom="readingOrder {index:15;}">
                <Coords points="1921,891 3082,892 3082,848 2899,830 1921,840"/>
                <Baseline points="1929,883 1986,883 2043,883 2100,883 2158,882 2215,882 2272,882 2329,882 2387,881 2444,881 2501,881 2558,881 2616,881 2673,881 2730,881 2787,881 2845,881 2902,881 2959,881 3016,881 3074,882"/>
                <TextEquiv>
                    <Unicode>die Dinge aus rein militärischer Anschauung heraus zu</Unicode>
                </TextEquiv>
            </TextLine>
            <TextLine id="r3l17" custom="readingOrder {index:16;}">
                <Coords points="1923,940 2974,944 3089,936 3089,886 1923,891"/>
                <Baseline points="1930,932 1987,932 2045,931 2102,930 2160,930 2218,930 2275,929 2333,929 2390,929 2448,928 2506,928 2563,928 2621,928 2678,928 2736,928 2794,928 2851,928 2909,928 2966,928 3024,928 3082,928"/>
                <TextEquiv>
                    <Unicode>beurtheilen, so möchte uns doch bedünken, daß die</Unicode>
                </TextEquiv>
            </TextLine>
            <TextLine id="r3l18" custom="readingOrder {index:17;}">
                <Coords points="1917,988 3092,986 3091,933 3050,930 1916,945"/>
                <Baseline points="1924,981 1982,980 2040,980 2098,980 2156,980 2214,979 2272,979 2330,979 2388,979 2446,978 2504,978 2562,978 2620,978 2678,977 2736,977 2794,977 2852,977 2910,976 2968,976 3026,976 3084,976"/>
                <TextEquiv>
                    <Unicode>Empfindlichkeit des Offizierskorps durch das Attentat von</Unicode>
                </TextEquiv>
            </TextLine>
            <TextLine id="r3l19" custom="readingOrder {index:18;}">
                <Coords points="1919,1038 2905,1050 3093,1036 3093,983 1919,988"/>
                <Baseline points="1927,1031 1988,1030 2049,1030 2110,1029 2171,1029 2232,1028 2293,1028 2354,1028 2415,1028 2476,1027 2537,1027 2598,1027 2659,1027 2720,1027 2781,1026 2842,1026 2903,1026 2964,1026 3025,1026 3086,1026"/>
                <TextEquiv>
                    <Unicode>Bozen weit mehr verletzt worden sei ober verletzt worden</Unicode>
                </TextEquiv>
            </TextLine>
            <TextLine id="r3l20" custom="readingOrder {index:19;}">
                <Coords points="1903,1165 3043,1170 3066,1105 1903,1115"/>
                <Baseline points="1911,1154 1968,1154 2025,1154 2083,1154 2140,1154 2198,1153 2255,1153 2312,1153 2370,1153 2427,1153 2485,1152 2542,1152 2599,1152 2657,1152 2714,1152 2772,1152 2829,1152 2886,1152 2944,1152 3001,1152 3059,1152"/>
                <TextEquiv>
                    <Unicode>sein müsse, als durch das Attentat Schnitzler's auf Gustel.</Unicode>
                </TextEquiv>
            </TextLine>
            <TextLine id="r3l21" custom="readingOrder {index:20;}">
                <Coords points="1915,1259 2901,1268 3067,1258 3067,1212 1915,1218"/>
                <Baseline points="1922,1251 1978,1251 2035,1250 2092,1250 2149,1250 2206,1250 2263,1250 2320,1251 2377,1251 2434,1251 2491,1251 2547,1251 2604,1251 2661,1251 2718,1251 2775,1251 2832,1251 2889,1251 2946,1250 3003,1250 3060,1249"/>
                <TextEquiv>
                    <Unicode>oder in einer Anwandlung von Ironie; nein, es ist unsere</Unicode>
                </TextEquiv>
            </TextLine>
            <TextLine id="r3l22" custom="readingOrder {index:21;}">
                <Coords points="1908,1318 3078,1310 3077,1262 2980,1253 1908,1257"/>
                <Baseline points="1916,1300 1973,1300 2031,1300 2089,1300 2146,1300 2204,1300 2262,1300 2319,1300 2377,1300 2435,1299 2493,1299 2550,1299 2608,1299 2666,1298 2723,1298 2781,1298 2839,1297 2896,1297 2954,1297 3012,1296 3070,1296"/>
                <TextEquiv>
                    <Unicode>feste Ueberzeugung, daß das Offizierskorps in der Vor¬</Unicode>
                </TextEquiv>
            </TextLine>
            <TextLine id="r3l23" custom="readingOrder {index:22;}">
                <Coords points="1908,1356 3012,1363 3074,1356 3074,1311 1908,1318"/>
                <Baseline points="1915,1347 1972,1348 2030,1347 2087,1347 2145,1347 2203,1347 2260,1347 2318,1347 2375,1347 2433,1347 2491,1347 2548,1347 2606,1347 2663,1347 2721,1346 2779,1346 2836,1346 2894,1346 2951,1345 3009,1345 3067,1345"/>
                <TextEquiv>
                    <Unicode>nehmheit seiner Gesinnung nur aufs Tiefste empört sein</Unicode>
                </TextEquiv>
            </TextLine>
            <TextLine id="r3l24" custom="readingOrder {index:23;}">
                <Coords points="1908,1408 3047,1409 3073,1354 1908,1358"/>
                <Baseline points="1916,1398 1973,1397 2031,1397 2088,1396 2146,1396 2203,1396 2261,1396 2318,1396 2376,1396 2433,1396 2491,1396 2548,1396 2606,1396 2663,1396 2721,1395 2778,1395 2836,1395 2893,1395 2951,1394 3008,1394 3066,1394"/>
                <TextEquiv>
                    <Unicode>kann durch jene unqualifizirbare That eines Offiziers. Einen</Unicode>
                </TextEquiv>
            </TextLine>
            <TextLine id="r3l25" custom="readingOrder {index:24;}">
                <Coords points="1906,1461 3042,1459 3066,1400 1906,1408"/>
                <Baseline points="1913,1445 1970,1445 2027,1445 2084,1444 2142,1444 2199,1444 2256,1444 2314,1444 2371,1444 2428,1444 2486,1444 2543,1444 2600,1444 2657,1444 2715,1444 2772,1444 2829,1444 2887,1443 2944,1443 3001,1442 3059,1441"/>
                <TextEquiv>
                    <Unicode>Wehrlosen erst mit der Faust anzufallen, dann mit dem Säbel</Unicode>
                </TextEquiv>
            </TextLine>
            <TextLine id="r3l26" custom="readingOrder {index:25;}">
                <Coords points="1916,1507 3076,1503 3076,1463 2957,1448 1916,1462"/>
                <Baseline points="1923,1495 1980,1495 2037,1494 2094,1494 2152,1494 2209,1494 2266,1493 2324,1493 2381,1493 2438,1493 2496,1493 2553,1493 2610,1493 2667,1493 2725,1493 2782,1493 2839,1493 2897,1493 2954,1493 3011,1493 3069,1493"/>
                <TextEquiv>
                    <Unicode>zu traktiren und vor der Entrüstung und dem Zorn der Menge</Unicode>
                </TextEquiv>
            </TextLine>
            <TextLine id="r3l27" custom="readingOrder {index:26;}">
                <Coords points="1912,1558 2952,1556 3075,1538 3075,1504 1912,1508"/>
                <Baseline points="1919,1544 1976,1543 2033,1542 2091,1541 2148,1541 2206,1541 2263,1541 2321,1541 2378,1541 2436,1541 2493,1541 2550,1541 2608,1541 2665,1541 2723,1541 2780,1541 2838,1540 2895,1539 2953,1539 3010,1538 3068,1536"/>
                <TextEquiv>
                    <Unicode>sich im Schnellschritt hinter die Kasernenmauer zurück¬</Unicode>
                </TextEquiv>
            </TextLine>
            <TextLine id="r3l28" custom="readingOrder {index:27;}">
                <Coords points="1917,1609 2700,1580 2961,1609 3073,1595 3073,1538 1917,1554"/>
                <Baseline points="1924,1592 1981,1591 2038,1590 2095,1590 2152,1590 2209,1590 2266,1589 2323,1589 2380,1589 2437,1589 2494,1589 2551,1589 2608,1589 2665,1589 2722,1589 2779,1589 2836,1589 2893,1588 2950,1588 3007,1587 3065,1586"/>
                <TextEquiv>
                    <Unicode>zuziehen — wir glauben nicht, daß die tapferen Offiziere</Unicode>
                </TextEquiv>
            </TextLine>
            <TextLine id="r3l29" custom="readingOrder {index:28;}">
                <Coords points="2972,1650 3002,1642 3027,1642 3043,1652 3056,1646 3068,1649 3081,1646 3080,1593 3068,1593 3055,1601 3040,1592 3029,1601 3012,1594 2996,1605 2980,1594 2971,1594"/>
                <Baseline points="2980,1638 3011,1636 3042,1635 3074,1636"/>
                <TextEquiv>
                    <Unicode>solche</Unicode>
                </TextEquiv>
            </TextLine>
            <TextLine id="r3l30" custom="readingOrder {index:29;}">
                <Coords points="1908,1649 2963,1657 2944,1595 1908,1605"/>
                <Baseline points="1916,1640 1970,1640 2025,1640 2080,1640 2134,1640 2189,1640 2244,1640 2298,1640 2353,1639 2408,1639 2462,1639 2517,1638 2572,1638 2626,1638 2681,1638 2736,1637 2790,1637 2845,1637 2900,1637 2955,1637"/>
                <TextEquiv>
                    <Unicode>dies als eine rühmliche That betrachten, oder sich durch</Unicode>
                </TextEquiv>
            </TextLine>
            <TextLine id="r3l31" custom="readingOrder {index:30;}">
                <Coords points="1908,1698 2970,1708 3079,1700 3079,1644 1908,1649"/>
                <Baseline points="1915,1689 1972,1689 2030,1689 2088,1689 2146,1689 2204,1689 2261,1688 2319,1688 2377,1688 2435,1687 2493,1687 2550,1686 2608,1686 2666,1685 2724,1685 2782,1685 2839,1685 2897,1684 2955,1684 3013,1684 3071,1685"/>
                <TextEquiv>
                    <Unicode>Manifestirung des Heldenthums sonderlich geehrt fühlen</Unicode>
                </TextEquiv>
            </TextLine>
            <TextLine id="r3l32" custom="readingOrder {index:31;}">
                <Coords points="1907,1747 3079,1748 3061,1696 1906,1697"/>
                <Baseline points="1914,1737 1971,1737 2029,1737 2087,1737 2145,1736 2203,1736 2261,1736 2318,1736 2376,1736 2434,1736 2492,1735 2550,1735 2608,1735 2666,1735 2723,1735 2781,1734 2839,1734 2897,1734 2955,1734 3013,1733 3071,1733"/>
                <TextEquiv>
                    <Unicode>können. Und der Vorgang erscheint noch bedenklicher, wenn</Unicode>
                </TextEquiv>
            </TextLine>
            <TextLine id="r3l33" custom="readingOrder {index:32;}">
                <Coords points="1909,1800 3077,1804 3046,1742 1909,1746"/>
                <Baseline points="1917,1785 1974,1786 2032,1786 2089,1786 2147,1786 2205,1785 2262,1785 2320,1785 2378,1785 2435,1784 2493,1784 2551,1784 2608,1784 2666,1783 2724,1783 2781,1783 2839,1783 2897,1783 2954,1783 3012,1783 3070,1783"/>
                <TextEquiv>
                    <Unicode>die bisher bekannt gewordenen Gründe des Ueberfalles richtig</Unicode>
                </TextEquiv>
            </TextLine>
            <TextLine id="r3l34" custom="readingOrder {index:33;}">
                <Coords points="1914,1845 3066,1847 3066,1804 3004,1790 1914,1801"/>
                <Baseline points="1922,1836 1978,1836 2035,1835 2092,1835 2149,1835 2206,1835 2262,1834 2319,1834 2376,1834 2433,1833 2490,1833 2546,1833 2603,1832 2660,1832 2717,1832 2774,1831 2830,1831 2887,1831 2944,1831 3001,1831 3058,1831"/>
                <TextEquiv>
                    <Unicode>angegeben wurden. Darnach soll jener Offizier sich an dem</Unicode>
                </TextEquiv>
            </TextLine>
            <TextLine id="r3l35" custom="readingOrder {index:34;}">
                <Coords points="1918,1891 3071,1883 3071,1848 3006,1836 1918,1844"/>
                <Baseline points="1925,1885 1984,1884 2044,1884 2104,1884 2164,1883 2224,1883 2284,1883 2344,1882 2404,1882 2464,1882 2524,1882 2584,1881 2644,1881 2704,1881 2764,1881 2824,1880 2884,1880 2944,1880 3004,1879 3064,1879"/>
                <TextEquiv>
                    <Unicode>Manne gerächt haben, weil dieser der Führer einer Aus¬</Unicode>
                </TextEquiv>
            </TextLine>
            <TextLine id="r3l36" custom="readingOrder {index:35;}">
                <Coords points="1915,1951 3039,1943 3071,1885 2413,1885 2322,1919 1915,1894"/>
                <Baseline points="1923,1933 1980,1933 2037,1933 2094,1933 2151,1933 2208,1933 2265,1933 2322,1932 2379,1932 2436,1931 2493,1931 2550,1930 2607,1930 2664,1929 2721,1929 2778,1929 2835,1928 2892,1928 2949,1928 3006,1928 3064,1928"/>
                <TextEquiv>
                    <Unicode>flugsgesellschaft war, welche die unerbetene Theilnahme von</Unicode>
                </TextEquiv>
            </TextLine>
            <TextLine id="r3l37" custom="readingOrder {index:36;}">
                <Coords points="1906,1987 2984,2000 3074,1991 3074,1944 1906,1951"/>
                <Baseline points="1914,1982 1971,1982 2029,1982 2086,1981 2144,1981 2202,1981 2259,1981 2317,1980 2375,1980 2432,1980 2490,1979 2548,1979 2605,1979 2663,1978 2721,1978 2778,1978 2836,1978 2894,1977 2951,1977 3009,1977 3067,1977"/>
                <TextEquiv>
                    <Unicode>vier Offizieren an der Unterhaltung ablehnte. Entspricht es</Unicode>
                </TextEquiv>
            </TextLine>
            <TextLine id="r3l38" custom="readingOrder {index:37;}">
                <Coords points="1903,2038 3077,2040 3052,1981 1903,1985"/>
                <Baseline points="1911,2031 1972,2030 2033,2029 2094,2028 2155,2028 2216,2028 2277,2028 2338,2028 2399,2028 2460,2028 2521,2028 2582,2028 2643,2028 2704,2028 2765,2028 2826,2027 2887,2027 2948,2026 3009,2024 3070,2023"/>
                <TextEquiv>
                    <Unicode>dem soldatischen Würdebewußtsein, sich „Zivilisten“ auf¬</Unicode>
                </TextEquiv>
            </TextLine>
            <TextLine id="r3l39" custom="readingOrder {index:38;}">
                <Coords points="1903,2106 3077,2089 3077,2039 3036,2032 1903,2037"/>
                <Baseline points="1911,2082 1968,2080 2026,2078 2084,2077 2142,2076 2200,2076 2258,2075 2316,2075 2374,2075 2432,2075 2490,2075 2547,2075 2605,2075 2663,2075 2721,2076 2779,2076 2837,2075 2895,2075 2953,2074 3011,2073 3069,2072"/>
                <TextEquiv>
                    <Unicode>zudrängen? Und wenn die vier Offiziere sich durch eine</Unicode>
                </TextEquiv>
            </TextLine>
            <TextLine id="r3l40" custom="readingOrder {index:39;}">
                <Coords points="1907,2144 2956,2146 3073,2135 3073,2088 1907,2094"/>
                <Baseline points="1915,2131 1972,2130 2030,2129 2087,2128 2145,2127 2202,2126 2260,2126 2317,2125 2375,2125 2432,2125 2490,2125 2548,2125 2605,2125 2663,2124 2720,2124 2778,2124 2835,2124 2893,2124 2950,2124 3008,2124 3066,2124"/>
                <TextEquiv>
                    <Unicode>ganze Gesellschaft beleidigt wähnten, warum hat lange post</Unicode>
                </TextEquiv>
            </TextLine>
            <TextLine id="r3l41" custom="readingOrder {index:40;}">
                <Coords points="1911,2188 3032,2192 3073,2183 3073,2134 1911,2144"/>
                <Baseline points="1918,2178 1975,2177 2032,2177 2090,2176 2147,2176 2205,2176 2262,2175 2319,2175 2377,2175 2434,2174 2492,2174 2549,2174 2606,2174 2664,2174 2721,2174 2779,2173 2836,2173 2893,2173 2951,2173 3008,2173 3066,2172"/>
                <TextEquiv>
                    <Unicode>festum der einzelne Bewaffnete an dem einzelnen Unbewaff¬</Unicode>
                </TextEquiv>
            </TextLine>
            <TextLine id="r3l42" custom="readingOrder {index:41;}">
                <Coords points="1903,2233 2985,2242 3075,2229 3075,2181 1903,2192"/>
                <Baseline points="1910,2226 1967,2225 2025,2225 2083,2225 2141,2224 2199,2224 2257,2224 2315,2223 2373,2223 2431,2223 2489,2223 2546,2222 2604,2222 2662,2222 2720,2222 2778,2221 2836,2221 2894,2221 2952,2221 3010,2221 3068,2221"/>
                <TextEquiv>
                    <Unicode>neten Revanche genommen? Wir wissen eine Antwort</Unicode>
                </TextEquiv>
            </TextLine>
            <TextLine id="r3l43" custom="readingOrder {index:42;}">
                <Coords points="1913,2285 3069,2286 3078,2231 1913,2233"/>
                <Baseline points="1921,2275 1978,2274 2036,2274 2093,2273 2151,2273 2208,2273 2266,2272 2323,2272 2381,2271 2438,2271 2496,2271 2553,2271 2611,2270 2668,2270 2726,2270 2783,2270 2841,2270 2898,2270 2956,2270 3013,2270 3071,2270"/>
                <TextEquiv>
                    <Unicode>darauf nicht zu ertheilen; wir wissen nur, daß das</Unicode>
                </TextEquiv>
            </TextLine>
            <TextLine id="r3l44" custom="readingOrder {index:43;}">
                <Coords points="1905,2333 3076,2337 3075,2284 3018,2274 1905,2280"/>
                <Baseline points="1913,2323 1970,2323 2028,2322 2086,2322 2144,2322 2202,2322 2259,2321 2317,2321 2375,2321 2433,2320 2491,2320 2548,2320 2606,2319 2664,2319 2722,2319 2780,2318 2837,2318 2895,2318 2953,2318 3011,2318 3069,2317"/>
                <TextEquiv>
                    <Unicode>Militärgericht, oder welches Forum immer über den</Unicode>
                </TextEquiv>
            </TextLine>
            <TextLine id="r3l45" custom="readingOrder {index:44;}">
                <Coords points="1914,2383 3070,2372 3037,2322 2983,2350 2886,2316 2820,2357 2750,2324 2494,2355 2240,2324 2133,2359 1914,2332"/>
                <Baseline points="1921,2373 1978,2372 2035,2372 2092,2371 2149,2371 2206,2370 2263,2370 2320,2370 2377,2369 2434,2369 2492,2369 2549,2368 2606,2368 2663,2368 2720,2368 2777,2367 2834,2367 2891,2366 2948,2366 3005,2365 3063,2365"/>
                <TextEquiv>
                    <Unicode>Fall zu entscheiden hat, diesen nicht milder be¬</Unicode>
                </TextEquiv>
            </TextLine>
            <TextLine id="r3l46" custom="readingOrder {index:45;}">
                <Coords points="1909,2431 2954,2435 3077,2426 3077,2367 2978,2399 1909,2381"/>
                <Baseline points="1916,2420 1973,2419 2031,2419 2089,2418 2146,2418 2204,2418 2262,2417 2319,2417 2377,2417 2435,2417 2493,2417 2550,2417 2608,2417 2666,2416 2723,2416 2781,2416 2839,2416 2896,2416 2954,2416 3012,2416 3070,2416"/>
                <TextEquiv>
                    <Unicode>handeln kann, als den famosen Fall Gustel, und</Unicode>
                </TextEquiv>
            </TextLine>
            <TextLine id="r3l47" custom="readingOrder {index:46;}">
                <Coords points="1915,2487 3077,2483 3077,2426 1915,2433"/>
                <Baseline points="1922,2470 1979,2469 2036,2468 2094,2467 2151,2467 2209,2466 2266,2466 2323,2466 2381,2466 2438,2465 2496,2465 2553,2465 2610,2465 2668,2465 2725,2465 2783,2465 2840,2465 2897,2465 2955,2465 3012,2464 3070,2464"/>
                <TextEquiv>
                    <Unicode>daß ein= für allemal ein Exempel statuirt werden muß</Unicode>
                </TextEquiv>
            </TextLine>
            <TextLine id="r3l48" custom="readingOrder {index:47;}">
                <Coords points="1911,2537 2521,2502 3023,2538 3085,2528 3085,2480 1911,2491"/>
                <Baseline points="1919,2522 1976,2520 2034,2519 2092,2518 2150,2517 2208,2516 2266,2515 2324,2515 2382,2515 2440,2514 2498,2514 2555,2514 2613,2514 2671,2514 2729,2514 2787,2514 2845,2514 2903,2513 2961,2513 3019,2513 3077,2512"/>
                <TextEquiv>
                    <Unicode>gegen solche Exzesse, wie deren einer in Bozen</Unicode>
                </TextEquiv>
            </TextLine>
            <TextLine id="r3l49" custom="readingOrder {index:48;}">
                <Coords points="1909,2575 2687,2591 2730,2560 2795,2592 2871,2560 3078,2578 3078,2524 1909,2538"/>
                <Baseline points="1916,2566 1973,2566 2031,2566 2089,2566 2147,2565 2204,2565 2262,2565 2320,2564 2378,2564 2435,2564 2493,2563 2551,2563 2609,2562 2666,2562 2724,2562 2782,2561 2840,2561 2897,2561 2955,2561 3013,2561 3071,2561"/>
                <TextEquiv>
                    <Unicode>vorgekommen ist. Das ist die Armee sich selbst, das ist sie</Unicode>
                </TextEquiv>
            </TextLine>
            <TextLine id="r3l50" custom="readingOrder {index:49;}">
                <Coords points="1910,2622 3078,2620 3054,2571 2872,2561 2793,2594 2730,2560 2689,2590 1910,2577"/>
                <Baseline points="1918,2616 1975,2615 2033,2614 2090,2614 2148,2613 2206,2613 2263,2612 2321,2612 2379,2612 2436,2612 2494,2612 2552,2612 2609,2611 2667,2611 2725,2611 2782,2611 2840,2611 2898,2611 2955,2610 3013,2610 3071,2609"/>
                <TextEquiv>
                    <Unicode>auch der öffentlichen Meinung schuldig. Wir möchten keine</Unicode>
                </TextEquiv>
            </TextLine>
            <TextLine id="r3l51" custom="readingOrder {index:50;}">
                <Coords points="1916,2682 2923,2686 3080,2676 3080,2618 1916,2635"/>
                <Baseline points="1923,2667 1980,2665 2038,2664 2095,2663 2153,2662 2210,2661 2268,2661 2325,2660 2383,2660 2440,2660 2498,2660 2555,2660 2613,2660 2670,2660 2728,2660 2785,2660 2843,2660 2900,2660 2958,2660 3015,2660 3073,2660"/>
                <TextEquiv>
                    <Unicode>großen Worte machen, keine tragischen Accente anschlagen,</Unicode>
                </TextEquiv>
            </TextLine>
            <TextLine id="r3l52" custom="readingOrder {index:51;}">
                <Coords points="1912,2720 3068,2727 3083,2671 1912,2681"/>
                <Baseline points="1919,2713 1976,2712 2034,2712 2092,2711 2150,2711 2208,2710 2266,2710 2323,2709 2381,2709 2439,2709 2497,2708 2555,2708 2613,2708 2671,2707 2728,2707 2786,2707 2844,2707 2902,2707 2960,2707 3018,2708 3076,2708"/>
                <TextEquiv>
                    <Unicode>und keine ewigen Wahrheiten über das Verhältniß zwischen</Unicode>
                </TextEquiv>
            </TextLine>
            <TextLine id="r3l53" custom="readingOrder {index:52;}">
                <Coords points="1919,2773 3072,2771 3072,2727 3009,2714 1919,2720"/>
                <Baseline points="1927,2763 1983,2762 2040,2761 2097,2760 2154,2759 2211,2759 2268,2758 2325,2758 2382,2758 2439,2758 2496,2757 2552,2757 2609,2757 2666,2757 2723,2757 2780,2757 2837,2757 2894,2757 2951,2757 3008,2756 3065,2756"/>
                <TextEquiv>
                    <Unicode>Heer und Volk verkünden. Wie schlimm auch einzelne Vor¬</Unicode>
                </TextEquiv>
            </TextLine>
            <TextLine id="r3l54" custom="readingOrder {index:53;}">
                <Coords points="1912,2817 3078,2825 3078,2772 3037,2761 1912,2771"/>
                <Baseline points="1920,2810 1977,2809 2035,2809 2092,2809 2150,2809 2207,2808 2265,2808 2322,2807 2380,2807 2437,2807 2495,2806 2553,2806 2610,2806 2668,2806 2725,2805 2783,2805 2840,2805 2898,2805 2955,2806 3013,2806 3071,2806"/>
                <TextEquiv>
                    <Unicode>kommnisse sein mögen und ob auch manches Zeichen verräth,</Unicode>
                </TextEquiv>
            </TextLine>
            <TextLine id="r3l55" custom="readingOrder {index:54;}">
                <Coords points="1912,2865 3074,2861 3074,2826 2928,2812 1912,2817"/>
                <Baseline points="1920,2858 1977,2858 2034,2858 2092,2857 2149,2857 2206,2857 2264,2857 2321,2856 2378,2856 2436,2856 2493,2855 2550,2855 2608,2855 2665,2854 2722,2854 2780,2853 2837,2853 2894,2853 2952,2853 3009,2852 3067,2852"/>
                <TextEquiv>
                    <Unicode>daß nicht alle Ablagerungen der alten Militärperiode ver¬</Unicode>
                </TextEquiv>
            </TextLine>
            <TextLine id="r3l56" custom="readingOrder {index:55;}">
                <Coords points="1920,2925 2456,2893 3083,2922 3083,2874 1919,2867"/>
                <Baseline points="1927,2906 1984,2906 2041,2905 2099,2905 2156,2905 2214,2904 2271,2904 2329,2904 2386,2903 2444,2903 2501,2903 2558,2903 2616,2903 2673,2903 2731,2903 2788,2903 2846,2903 2903,2903 2961,2903 3018,2903 3076,2903"/>
                <TextEquiv>
                    <Unicode>schwunden sind, so kann doch der innige Zusammenhang</Unicode>
                </TextEquiv>
            </TextLine>
            <TextLine id="r3l57" custom="readingOrder {index:56;}">
                <Coords points="1907,2982 2931,2971 2982,2941 3063,2972 3075,2919 1907,2922"/>
                <Baseline points="1915,2959 1972,2957 2030,2956 2087,2955 2145,2954 2203,2954 2260,2953 2318,2953 2375,2953 2433,2952 2491,2952 2548,2952 2606,2952 2663,2952 2721,2952 2779,2952 2836,2952 2894,2951 2951,2950 3009,2950 3067,2949"/>
                <TextEquiv>
                    <Unicode>zwischen der Armee und ihrem Ursprunge nicht mehr auf¬</Unicode>
                </TextEquiv>
            </TextLine>
            <TextLine id="r3l58" custom="readingOrder {index:57;}">
                <Coords points="1922,3027 3018,3021 3078,2972 1922,2978"/>
                <Baseline points="1929,3007 1986,3006 2043,3005 2100,3004 2157,3003 2214,3003 2271,3002 2328,3002 2385,3002 2442,3002 2499,3001 2556,3001 2613,3001 2670,3001 2727,3001 2784,3000 2841,3000 2898,3000 2955,3000 3012,2999 3070,2999"/>
                <TextEquiv>
                    <Unicode>gehoben, nicht einmal gelockert werden, denn das österreichisch¬</Unicode>
                </TextEquiv>
            </TextLine>
            <TextLine id="r3l59" custom="readingOrder {index:58;}">
                <Coords points="1921,3063 3068,3069 3091,3010 1921,3027"/>
                <Baseline points="1928,3054 1985,3054 2043,3053 2101,3053 2159,3052 2217,3051 2274,3051 2332,3051 2390,3050 2448,3050 2506,3049 2563,3049 2621,3049 2679,3049 2737,3048 2795,3048 2852,3048 2910,3048 2968,3048 3026,3048 3084,3048"/>
                <TextEquiv>
                    <Unicode>ungarische Heer ist im besten Sinne ein Volksheer, das mit</Unicode>
                </TextEquiv>
            </TextLine>
            <TextLine id="r3l60" custom="readingOrder {index:59;}">
                <Coords points="1914,3123 3080,3120 3090,3070 1913,3057"/>
                <Baseline points="1921,3101 1979,3101 2037,3101 2095,3101 2153,3101 2211,3100 2269,3100 2327,3100 2385,3099 2443,3099 2501,3099 2559,3098 2617,3098 2675,3098 2733,3097 2791,3097 2849,3097 2907,3097 2965,3097 3023,3098 3082,3098"/>
                <TextEquiv>
                    <Unicode>seinen Wurzeln im volksthümlichen Boden haftet. Aber gerade,</Unicode>
                </TextEquiv>
            </TextLine>
            <TextLine id="r3l61" custom="readingOrder {index:60;}">
                <Coords points="1923,3170 3014,3167 3073,3162 3073,3114 1923,3121"/>
                <Baseline points="1930,3152 1986,3151 2043,3150 2100,3150 2157,3149 2214,3149 2270,3148 2327,3148 2384,3148 2441,3148 2498,3148 2554,3148 2611,3147 2668,3147 2725,3147 2782,3147 2838,3146 2895,3146 2952,3145 3009,3145 3066,3144"/>
                <TextEquiv>
                    <Unicode>weil dem so ist und weil die Solidarität zwischen den Nationen</Unicode>
                </TextEquiv>
            </TextLine>
            <TextLine id="r3l62" custom="readingOrder {index:61;}">
                <Coords points="1912,3208 3090,3216 3090,3164 3041,3152 1912,3165"/>
                <Baseline points="1919,3201 1977,3201 2035,3199 2093,3199 2151,3198 2210,3198 2268,3197 2326,3197 2384,3197 2442,3196 2501,3196 2559,3196 2617,3196 2675,3196 2733,3196 2792,3195 2850,3195 2908,3195 2966,3194 3024,3194 3083,3193"/>
                <TextEquiv>
                    <Unicode>und der Armee sich immer fester gestaltet, fühlt die</Unicode>
                </TextEquiv>
            </TextLine>
            <TextLine id="r3l63" custom="readingOrder {index:62;}">
                <Coords points="1906,3259 3032,3261 3085,3216 1905,3213"/>
                <Baseline points="1913,3249 1971,3249 2029,3248 2087,3248 2146,3248 2204,3247 2262,3247 2320,3247 2379,3247 2437,3246 2495,3246 2553,3246 2612,3246 2670,3246 2728,3245 2786,3245 2845,3244 2903,3244 2961,3243 3019,3242 3078,3241"/>
                <TextEquiv>
                    <Unicode>öffentliche Meinung jedes widrige Ereigniß, jede Unzukömm¬</Unicode>
                </TextEquiv>
            </TextLine>
            <TextLine id="r3l64" custom="readingOrder {index:63;}">
                <Coords points="1903,3319 3088,3297 3062,3253 1903,3261"/>
                <Baseline points="1911,3298 1969,3298 2028,3297 2086,3297 2145,3297 2203,3296 2262,3296 2320,3295 2379,3294 2437,3294 2496,3294 2554,3293 2613,3293 2671,3292 2730,3292 2788,3291 2847,3291 2905,3291 2964,3291 3022,3291 3081,3292"/>
                <TextEquiv>
                    <Unicode>lichkeit, jeden brutalen Rückfall in überwundene Sitten wie</Unicode>
                </TextEquiv>
            </TextLine>
            <TextLine id="r3l65" custom="readingOrder {index:64;}">
                <Coords points="1916,3354 3044,3360 3082,3301 1916,3313"/>
                <Baseline points="1924,3346 1981,3345 2039,3345 2096,3345 2154,3344 2211,3344 2269,3344 2326,3343 2384,3343 2441,3342 2499,3342 2557,3341 2614,3341 2672,3341 2729,3341 2787,3340 2844,3340 2902,3340 2959,3340 3017,3340 3075,3341"/>
                <TextEquiv>
                    <Unicode>eine peinliche Dissonanz in dem harmonischen Verhältnisse.</Unicode>
                </TextEquiv>
            </TextLine>
            <TextLine id="r3l66" custom="readingOrder {index:65;}">
                <Coords points="1908,3400 3079,3406 3079,3349 1908,3359"/>
                <Baseline points="1916,3394 1973,3393 2031,3393 2089,3393 2147,3392 2204,3392 2262,3392 2320,3391 2378,3391 2435,3391 2493,3390 2551,3390 2609,3390 2666,3389 2724,3389 2782,3389 2840,3389 2897,3388 2955,3388 3013,3388 3071,3388"/>
                <TextEquiv>
                    <Unicode>Darum müssen heutzutage Mißgriffe sorgsamer vermieden,</Unicode>
                </TextEquiv>
            </TextLine>
            <TextLine id="r3l67" custom="readingOrder {index:66;}">
                <Coords points="1908,3452 3079,3445 3040,3395 1908,3404"/>
                <Baseline points="1915,3440 1972,3441 2030,3441 2088,3441 2146,3441 2204,3440 2261,3440 2319,3440 2377,3439 2435,3438 2493,3438 2550,3437 2608,3437 2666,3436 2724,3436 2782,3436 2839,3435 2897,3435 2955,3436 3013,3436 3071,3437"/>
                <TextEquiv>
                    <Unicode>Ausschreitungen streuger geahndet werden, als dies früher</Unicode>
                </TextEquiv>
            </TextLine>
            <TextLine id="r3l68" custom="readingOrder {index:67;}">
                <Coords points="1910,3503 3072,3510 3084,3442 1909,3460"/>
                <Baseline points="1917,3492 1975,3491 2033,3491 2091,3489 2149,3489 2207,3488 2265,3487 2323,3487 2381,3486 2439,3485 2497,3485 2555,3485 2613,3484 2671,3484 2729,3484 2787,3484 2845,3484 2903,3484 2961,3485 3019,3485 3077,3485"/>
                <TextEquiv>
                    <Unicode>geschehen, und von der Leitung unseres Heerwesens, bie ihre</Unicode>
                </TextEquiv>
            </TextLine>
            <TextLine id="r3l69" custom="readingOrder {index:68;}">
                <Coords points="1912,3545 3076,3536 3047,3489 1912,3502"/>
                <Baseline points="1920,3538 1977,3537 2034,3537 2092,3536 2149,3536 2207,3535 2264,3535 2321,3535 2379,3534 2436,3534 2494,3533 2551,3533 2608,3533 2666,3533 2723,3533 2781,3533 2838,3533 2895,3533 2953,3533 3010,3533 3068,3533"/>
                <TextEquiv>
                    <Unicode>Unbefangenheit und ihr Verständniß für die populären, Ele¬</Unicode>
                </TextEquiv>
            </TextLine>
            <TextLine id="r3l70" custom="readingOrder {index:69;}">
                <Coords points="1910,3595 2969,3610 3075,3592 3075,3552 1910,3556"/>
                <Baseline points="1918,3587 1975,3586 2033,3585 2090,3585 2148,3584 2205,3584 2263,3583 2320,3583 2378,3582 2435,3582 2493,3582 2550,3582 2608,3581 2665,3581 2723,3581 2780,3581 2838,3581 2895,3580 2953,3580 3010,3580 3068,3580"/>
                <TextEquiv>
                    <Unicode>mente der Kraft und Bedeutung der Armee oft genug be¬</Unicode>
                </TextEquiv>
            </TextLine>
            <TextLine id="r3l71" custom="readingOrder {index:70;}">
                <Coords points="1908,3652 2584,3650 2614,3620 3061,3649 3081,3586 1908,3595"/>
                <Baseline points="1915,3635 1976,3634 2037,3634 2098,3633 2159,3632 2220,3632 2281,3631 2342,3631 2403,3630 2464,3630 2525,3630 2586,3630 2647,3629 2708,3629 2769,3629 2830,3629 2891,3629 2952,3628 3013,3628 3074,3628"/>
                <TextEquiv>
                    <Unicode>kundet hat, darf man zuversichtlich erwarten, daß sie selbst</Unicode>
                </TextEquiv>
            </TextLine>
            <TextLine id="r3l72" custom="readingOrder {index:71;}">
                <Coords points="1914,3702 3082,3683 3081,3643 2983,3634 1914,3649"/>
                <Baseline points="1922,3684 1979,3683 2037,3682 2094,3682 2152,3681 2210,3681 2267,3681 2325,3680 2382,3680 2440,3680 2498,3680 2555,3679 2613,3679 2670,3679 2728,3678 2786,3678 2843,3677 2901,3677 2958,3676 3016,3676 3074,3675"/>
                <TextEquiv>
                    <Unicode>an vereinzelten mißlichen Erscheinungen nicht achtlos vorüber¬</Unicode>
                </TextEquiv>
            </TextLine>
            <TextLine id="r3l73" custom="readingOrder {index:72;}">
                <Coords points="1916,3751 3091,3745 3090,3693 3007,3678 1915,3702"/>
                <Baseline points="1923,3734 1981,3733 2039,3732 2097,3731 2155,3730 2213,3729 2271,3729 2329,3728 2387,3728 2445,3727 2503,3727 2561,3727 2619,3726 2677,3726 2735,3726 2793,3726 2851,3726 2909,3726 2967,3726 3025,3726 3083,3726"/>
                <TextEquiv>
                    <Unicode>gehen, daß ihre strafende Hand den Schuldigen erreichen</Unicode>
                </TextEquiv>
            </TextLine>
            <TextLine id="r3l74" custom="readingOrder {index:73;}">
                <Coords points="1914,3800 3007,3791 3079,3782 3079,3735 1914,3750"/>
                <Baseline points="1921,3781 1978,3780 2036,3779 2093,3778 2151,3777 2208,3777 2266,3777 2323,3776 2381,3776 2438,3776 2496,3776 2553,3775 2611,3775 2668,3775 2726,3775 2783,3775 2841,3775 2898,3775 2956,3775 3013,3775 3071,3774"/>
                <TextEquiv>
                    <Unicode>und, wenn auch das Verfahren leidec noch immer</Unicode>
                </TextEquiv>
            </TextLine>
            <TextLine id="r3l75" custom="readingOrder {index:74;}">
                <Coords points="1909,3844 2719,3824 2837,3861 3076,3840 3076,3788 1908,3799"/>
                <Baseline points="1916,3830 1973,3829 2031,3827 2088,3826 2146,3825 2204,3825 2261,3824 2319,3824 2377,3824 2434,3824 2492,3824 2550,3824 2607,3824 2665,3824 2723,3825 2780,3825 2838,3825 2896,3826 2953,3826 3011,3826 3069,3826"/>
                <TextEquiv>
                    <Unicode>ein Geheimniß ist, der Ausgang desselben der</Unicode>
                </TextEquiv>
            </TextLine>
            <TextLine id="r3l76" custom="readingOrder {index:75;}">
                <Coords points="1909,3894 2692,3882 2774,3908 2805,3893 2805,3843 1909,3846"/>
                <Baseline points="1916,3878 1960,3878 2004,3878 2048,3877 2092,3876 2136,3876 2180,3876 2224,3875 2268,3875 2312,3874 2356,3874 2400,3873 2444,3873 2488,3873 2532,3873 2576,3873 2620,3873 2664,3873 2708,3873 2752,3874 2797,3875"/>
                <TextEquiv>
                    <Unicode>Oeffentlichkeit nicht vorenthalten bleiben wird.</Unicode>
                </TextEquiv>
            </TextLine>
            <TextEquiv>
                <Unicode>Bühne oder in einem Buche zur Anschauung gebracht
wird, den betreffenden Autor in Ach und Bann thun würde.
Gesetzt den Fall, Friedrich Schiller, der ja auch einmal
militärärztlicher Eleve war, würde heute als Regimentsarzt
i. d. R. in der k. u. k. Armee dienen, als solcher den
Wallenstein schreiben, in welchem doch etliche ganz nichts¬
nutzige Offiziere vorkommen, und der Ehrenrath würde ihn
natüclich ebenfalls seiner militärischen Charge für verlustig
erklären — was meint man wohl: wer wäre dadurch be¬
straft oder beschämt? Nun freilich, Arthur Schnitzler ist
gottlob kein Friedrich Schiller, und Gustel ist kein Wallen¬
stein; allein die Lächerlichkeit der Prozedur ist nur umso
größer, je weniger der Autor und seine Leistung einen großen
Maßstab vertragen...
Ja, wie wenig wir uns auch die Fähigkeit anmaßen,
die Dinge aus rein militärischer Anschauung heraus zu
beurtheilen, so möchte uns doch bedünken, daß die
Empfindlichkeit des Offizierskorps durch das Attentat von
Bozen weit mehr verletzt worden sei ober verletzt worden
sein müsse, als durch das Attentat Schnitzler's auf Gustel.
oder in einer Anwandlung von Ironie; nein, es ist unsere
feste Ueberzeugung, daß das Offizierskorps in der Vor¬
nehmheit seiner Gesinnung nur aufs Tiefste empört sein
kann durch jene unqualifizirbare That eines Offiziers. Einen
Wehrlosen erst mit der Faust anzufallen, dann mit dem Säbel
zu traktiren und vor der Entrüstung und dem Zorn der Menge
sich im Schnellschritt hinter die Kasernenmauer zurück¬
zuziehen — wir glauben nicht, daß die tapferen Offiziere
solche
dies als eine rühmliche That betrachten, oder sich durch
Manifestirung des Heldenthums sonderlich geehrt fühlen
können. Und der Vorgang erscheint noch bedenklicher, wenn
die bisher bekannt gewordenen Gründe des Ueberfalles richtig
angegeben wurden. Darnach soll jener Offizier sich an dem
Manne gerächt haben, weil dieser der Führer einer Aus¬
flugsgesellschaft war, welche die unerbetene Theilnahme von
vier Offizieren an der Unterhaltung ablehnte. Entspricht es
dem soldatischen Würdebewußtsein, sich „Zivilisten“ auf¬
zudrängen? Und wenn die vier Offiziere sich durch eine
ganze Gesellschaft beleidigt wähnten, warum hat lange post
festum der einzelne Bewaffnete an dem einzelnen Unbewaff¬
neten Revanche genommen? Wir wissen eine Antwort
darauf nicht zu ertheilen; wir wissen nur, daß das
Militärgericht, oder welches Forum immer über den
Fall zu entscheiden hat, diesen nicht milder be¬
handeln kann, als den famosen Fall Gustel, und
daß ein= für allemal ein Exempel statuirt werden muß
gegen solche Exzesse, wie deren einer in Bozen
vorgekommen ist. Das ist die Armee sich selbst, das ist sie
auch der öffentlichen Meinung schuldig. Wir möchten keine
großen Worte machen, keine tragischen Accente anschlagen,
und keine ewigen Wahrheiten über das Verhältniß zwischen
Heer und Volk verkünden. Wie schlimm auch einzelne Vor¬
kommnisse sein mögen und ob auch manches Zeichen verräth,
daß nicht alle Ablagerungen der alten Militärperiode ver¬
schwunden sind, so kann doch der innige Zusammenhang
zwischen der Armee und ihrem Ursprunge nicht mehr auf¬
gehoben, nicht einmal gelockert werden, denn das österreichisch¬
ungarische Heer ist im besten Sinne ein Volksheer, das mit
seinen Wurzeln im volksthümlichen Boden haftet. Aber gerade,
weil dem so ist und weil die Solidarität zwischen den Nationen
und der Armee sich immer fester gestaltet, fühlt die
öffentliche Meinung jedes widrige Ereigniß, jede Unzukömm¬
lichkeit, jeden brutalen Rückfall in überwundene Sitten wie
eine peinliche Dissonanz in dem harmonischen Verhältnisse.
Darum müssen heutzutage Mißgriffe sorgsamer vermieden,
Ausschreitungen streuger geahndet werden, als dies früher
geschehen, und von der Leitung unseres Heerwesens, bie ihre
Unbefangenheit und ihr Verständniß für die populären, Ele¬
mente der Kraft und Bedeutung der Armee oft genug be¬
kundet hat, darf man zuversichtlich erwarten, daß sie selbst
an vereinzelten mißlichen Erscheinungen nicht achtlos vorüber¬
gehen, daß ihre strafende Hand den Schuldigen erreichen
und, wenn auch das Verfahren leidec noch immer
ein Geheimniß ist, der Ausgang desselben der
Oeffentlichkeit nicht vorenthalten bleiben wird.</Unicode>
            </TextEquiv>
        </TextRegion>
    </Page>
</PcGts>
