3276 4037
256 172 1095 257 10. Leutnant Gustl
1263 182 1617 287 box 1/8
550 555 1036 651 Ausschnitt aus:
1262 571 1807 669 Reichspest
555 665 993 794 vom L6 #
984 1068 1711 1160 Abermals: Officiersehre.
816 1098 867 1192 7
925 1165 1850 1238 Wir hatten in der letzten Zeit öfter Gelegen¬
843 1198 1850 1275 heit, darauf hinzuweisen, welch' seltsames Ding
837 1257 1845 1323 die sogenannte „Officiersehre“ ist. Jede geringste
841 1305 1849 1385 Beleidigung eines Officiers ist ein Capitalverbrechen,
839 1361 1843 1414 das „Satisfactionsfähigen“ sofort ein Duell ein¬
837 1399 1849 1473 trägt; sie ist geradezu mimosenhaft empfindlich,
845 1457 1844 1523 diese Officiersehre, wo sie von — Anderen verletzt
842 1510 1855 1570 wird. Wir haben ja das Be.spiel im Restaurant
579 1538 810 1603 Für 50 Zeit
843 1554 1844 1613 Hartmann erlebt. Die Vorgeschichte der militäri¬
595 1598 639 1640 „
838 1598 1838 1677 schen Zweikämpfe bleibt meist im Dunkel, sonst
652 1627 727 1671 200
593 1636 652 1685 „
835 1655 1837 1722 würde man erfahren, welche Bagatellen oft als
658 1666 728 1709 500
596 1682 638 1722 „
596 1704 727 1769 „ 1000
834 1698 1836 1762 eine Beleidigung der Officiersehre gelten und zum
837 1748 1834 1813 Duell führen. Umso weniger empfindsam ist merk¬
670 1749 800 1813 Im Ge
548 1788 796 1854 Abonnement
831 1795 1842 1874 würdiger Weise die Officiersehre in anderen Dingen:
555 1842 797 1896 Abonnenten fr.
831 1846 1846 1916 z. B. gilt es in Officierskreisen meist nicht als
831 1899 1850 1960 die Officiersehre verletzend, wenn der Officier in
660 1926 802 1985 Der „0
844 1947 1845 2009 Gesellschaft von Damen der Halbwelt weilt und
559 1962 788 2022 Inhaltsangal
843 1999 1847 2064 gesehen wird, ja wenn er selbst von diesen seinen
557 2009 748 2060 blätter
747 2014 795 2062 (0
548 2048 780 2101 wodurch eine
833 2042 1834 2112 Beziehungen redet und damit gleichwie mit Helden¬
545 2086 776 2137 des In- und
834 2093 1831 2152 thaten renommirt. Doch das ist ihre Sache. Recht
556 2124 790 2184 werden in Wi.
838 2139 1837 2200 craß ist uns dieser Unterschied in der Empfindlichkeit
827 2183 1841 2246 der Officiersehre deutlich geworden in einem
832 2232 1839 2306 Feuilleton, das just zu Weihnachten A#tkur
834 2288 1839 2347 Schnitzler in der „N. Fr. Pr. veröffentlicht
827 2317 1734 2399 hät mit dem Titel: „Lieutenant Gustl“
1740 2343 1837 2403 Das
826 2379 1830 2453 soll ein Typus sein, ein realistischer Lieutenants¬
825 2433 1822 2490 typus, realistisch dargestellt in Form eines Monologs
822 2475 1840 2548 der auf 24 großen Feuilletonspalten die innersten
825 2527 1831 2592 Herzensgedanken eines Lieutenants zum Ausdruck
835 2578 1828 2647 bringt, welcher vor einem ihm durch die „Officiers¬
825 2620 1619 2697 ehre“ aufgedrungenen Selbstmord steht.
1706 2634 1842 2692 SL
914 2694 1828 2762 Bei der Garderobe nach Schluß eines Concertes
825 2738 1828 2796 kommt Lieutenant Gustl mit einem riesig starken, ihm
824 2789 1836 2845 vom Café her bekannten Bäckermeister in einen Wort¬
820 2821 1824 2894 wechsel; der Bäckermeister ruft dem Officier zu: „Herr
815 2870 1827 2936 Lieutenant, wenn Sie das geringste Aufseh'n machen,
812 2917 1819 2976 sso zieh ich den Säbel aus der Scheide, zerbrech' ihr
817 2962 1821 3013 und schick' die Stück an Ihr Regiments=Commando.
818 2990 1818 3059 Versteh'n Sie mich, Sie dummer Buh?“ Und
824 3040 1824 3105 dabei hielt er den Säbel so fest, daß Lieutenant
819 3086 1823 3144 Gustl die Beleidigung einstecken muß, und Aufsehen
825 3128 1816 3190 darf er auch nicht machen, sonst sieht alle Welt sein
820 3170 1826 3230 Schwäche. Der Bäcker will dem Officier auch die
817 3219 1825 3275 Carrière nicht verderben und flüstert ihm zu: „Also
812 3249 1822 3319 schön brav sein, Herr Lieutenant — haben's keine
821 3299 1826 3366 Angst, 's hat Niemand was g’hört, — #s ist schon
820 3343 1816 3408 Alles gut — so. Und damit Keiner glaubt, daß wir
827 3389 1818 3454 uns gestritten haben, werd' ich jetzt sehr freundlich mit
815 3423 1825 3496 Ihnen sein — Habe die Ehre Herr Lieutenant, hat
816 3483 1812 3537 mich sehr gefreut — habe die Ehre!“ So gingen sie
820 3521 1822 3573 auseinander. Der Officier sieht klar ein: die Officiers¬
809 3567 1810 3624 sehre verlange es, daß er sich nun selbst tödten müsse
807 3601 1815 3662 da er sonst ehrlos quittiren müßte. Morgen um
807 3645 1818 3713 8 Uhr Früh will er sich, muß er sich erschießen. Er
809 3696 1832 3766 geht in den Prater, Abends spät überleat Alles. be¬
2113 667 3127 745 reitet Alles vor, nimmt im Geiste von allem Abschied,
2115 725 3118 784 iso schwer es ihm auch fällt, er denkt an seine Jugend,
2118 766 3128 836 seine Carrièré, an Vater, Mutter und Schwester, an
2120 806 3118 882 seine Freunde im Regiment, vor Allem aber und
2119 855 3117 911 immes wieder an die — „Menscher“, die verschiedenen
2119 890 3129 957 Dirnen, die er abwechselnd „geliebt“ hat, aber es bleibt
2124 939 3121 1001 ihm nichts anderes übrig, er muß sich erschießen. Auf
2117 976 3117 1047 dem Weg aus dem Prater in die Stadt hört er plötzli
2188 1026 3122 1091 Orgeltöne — Ah, aus der Kirche ... Frühmesse
2197 1068 2798 1132 din schon lang bei keiner gewesen
2926 1076 3123 1135 Also, was
2121 1107 3126 1174 ist, soll ich hineingehn? — Ichglaub' der Mama wär's
2114 1153 2698 1215 ein Trost, wenn sie das wüßt
2714 1171 2819 1219 —
2836 1166 3118 1228 die Clara gibt
2108 1196 2553 1258 weniger d'rauf
2585 1200 3035 1267 No, geh'n m'r hinein
3039 1220 3068 1255 800
2125 1243 2704 1306 schaben kann's ja nicht! ....
2738 1252 3102 1313 Orgel — Gesang —
2118 1283 2851 1343 hm! — Was ist denn das? —
2852 1294 3122 1355 Mir ist ganz
2108 1324 3118 1392 schwindlig . . . . o Gott, o Gott, o Gott! ich möcht
2114 1379 3120 1439 einen Menichen haben, mit dem ich ein Wort reden
2118 1416 3112 1476 könnt' vorher! — Das wär so etwas — zur Beicht
2125 1465 3113 1519 geh'n! Der möcht' Augen machen, der Pfaff', wenn
2111 1497 3114 1573 ich zum Schluß sagen möcht': Habe die Ehre, Hoch¬
2115 1549 2951 1608 würden, jetzt geh' ich mich umbringen. ...
3042 1560 3119 1609 Am
2110 1584 3111 1648 liebsten läg' ich da auf dem Steinboden und thät
2115 1630 2356 1684 heulen ...
2406 1643 3118 1711 Nein, das darf man nicht thun!
2114 1676 2863 1736 Aber Weinen thut manchmal so gut ..
3043 1689 3110 1739 Di
2101 1719 3099 1779 Leut', die eine Religion haben, sind doch besser d'ran.“
2112 1763 3108 1832 Natürlich bleibt er nicht in der Kirche, noch weniger
2112 1806 3116 1877 beichtet er, — er geht in's Stamm=Caféhaus, ent¬
2115 1850 3110 1919 schlossen in ein paar Stunden sein Leben zu enden.
2101 1889 3113 1953 So verlangt es die Officiersehre. Du erfährt er vom
2118 1934 3109 1998 Piccolo, daß der Bäckermeisier heute Nacht am
2117 1984 3108 2051 Schlagfluß gestorben ist. Nun ist die Officiersehre ge¬
2100 2030 3112 2089 rettet, denn Niemand wird etwas erfahren, Lieutenant
2115 2067 3112 2132 Gustl braucht sich nicht selbst das Leben zu nehmen.
2111 2112 3117 2177 „Am End' ist das Alles, weil ich in der Kirche
2117 2161 3113 2215 g’wesen bin.“ Am Nachmittag kann er sich mit dem
2115 2201 3114 2267 Advocaten duelliren, der ihr jüngst bei einer Gesell¬
2121 2240 3106 2320 schaft unmanierlich begegnet war, und er will ihn „zu
2101 2438 3105 2520 Krennfleisch bauen.“ Mit diesem Vorsatz endet der
2099 2498 2993 2563 realistische Geschichte von dem Lieutenant Gustl.
2200 2541 2856 2623 Also recapituliren wir, was
2860 2553 3090 2627 mit di
2103 2579 3104 2677 Officiersehre nicht verträglich und wa¬
2108 2648 3105 2726 mit ihr verträglich ist. Nicht ver¬
2103 2686 2598 2756 Fräglich mit ihr ist:
2208 2742 3105 2807 sich von einem Advocaten ein paar be¬
2085 2784 3104 2865 leidigende, richtiger unhöfliche Worte sagen zu
2094 2833 2932 2915 lassen, das verpflichtet zum Duell; ferner
2193 2881 3111 2964 sich von einem Civilisten „dummer Bub“
2099 2930 3104 3017 schelten zu lassen, obschon eigentlich der Officier
2089 2984 3101 3071 den Streit an der Garderobe durch seine grobe
2103 3030 3092 3106 Heftigkeit verursacht hatte, ohne ihn auf der
2090 3084 3098 3159 Stelle niederzuhauen, selbst dann, wenn die
2092 3132 3101 3210 physische Unmoglichkeit vorhanden war, da der
2084 3186 3087 3267 Säbel durch die überlegene Kraft des Gegners
2086 3222 2760 3300 in der Scheide festgehalten wurde.
2179 3276 3091 3353 Wohl aber verträglich ist es mit
2080 3314 3092 3396 der „Officiersehre“, den gemeinsten Liebschaften
2075 3381 3088 3454 mit Straßendirnen nachzugehen (die Namen und
