3228 4068
123 -5 531 52 Krneen nin Srensen ne
774 26 1512 76 keine Diamanten=Imitation, sondern
131 44 520 85 mit Polster und Schlummer
2446 44 2784 108 billigen Preisen bei
415 67 534 120 24083
134 69 373 116 rolle fl. 6.60.
545 42 1726 153 Ersatz für echte Diamanten.
1981 45 2351 140 Obel
128 92 515 159 e und Frächtbrief 30 kr.
1984 131 2328 174 FNTTEEREETNGATTKTEETNEA
552 117 1708 195 Färbige Halb=Edelsteine und Perlen in echter Gold= und
2133 113 2893 208 ## Spira,
1716 116 2003 213 S W
119 141 497 222 nt-Möbel-Fabrik
1012 162 1272 223 Silberfassung.
1612 178 1715 240 23663
123 199 527 283 mekel's Nacht.
757 203 1519 270 Reich illustrirte Kataloge gratis.
1776 192 2826 255 Wien, VII., Siebensterngasse 1 und 2,
1681 263 2887 323 Ecke Breitegasse (gegründet 1856). Provinzversandt streng reell
127 255 521 320 ariahilferstraße 8.
626 258 1621 336 Wien, 1. Bezirk, Opernring Nr. 11.
1796 312 2899 366 Möbel=Katalog gegen 20 kr. Briefmarken. Te ephon 9682. 21427
126 384 543 459 Ich erfahr's ja doch
556 384 1729 468 gar noch eine Unschuld! . .. Ja, Gustl: was du heute
1825 390 2909 487 „Der Schlag hat'n getroffen?. . . Ja, wieso denn?
2308 444 2346 478 „
132 436 544 499 schon aus ... im
563 441 1638 499 kannst besorgen, das verschiebe nicht auf morgen..
1727 443 2338 507 Woher wissen S' denn das
449 486 540 544 ein
129 479 451 554 ng'sprochen —
559 483 1730 534 Der da hat sicher auch die ganze Nacht nicht geschlafen —
1817 480 2904 554 „Aber, Herr Lieutenant, wer soll's denn früher wissen
138 527 545 601 Strozzigasse Lat sie
558 538 1721 589 na, jetzt wird er schön nach Haus geh'n und sich nieder¬
1733 541 2902 604 als unsereiner — die Semmel, die der Herr Lieutenant
153 579 512 648 tz übernommen...
549 582 1714 649 legen — ich auch! — Haha! jetzt wird's Ernst, Gustl
1732 577 2903 629 da essen, ist auch noch vom Herrn Habetswallner. Der
130 620 549 691 aber er red't nichts
595 631 1716 699 .. ja! — Na, wenn nicht einmal das Vißl Grausen
1733 627 2906 712 Bub, der uns das Gebäck um halber Fünfe in der Früh
136 663 532 742 ht. ... Jetzt schlaft
543 666 1442 741 wär', so wär' ia schon gar nichts dran
1435 675 1724 736 — und im
1728 676 2290 750 bringt, hat's uns erzählt.“
147 713 532 780 sie aus, wenn sie
547 726 1721 786 Ganzen, ich muß's schon selber sagen, halt' ich mich
1815 721 2904 780 Um Himmelswillen, ich darf mich nicht verrathen:::
547 763 686 818 brav.
130 744 539 824 Fünf zählen könnt'
776 775 1717 837 Ah, wohin denn noch? Da ist schon mein
1726 767 2803 839 ich möcht' ja schreien ... ich möcht' ja lachen ...
2801 772 2961 848 ich —
137 803 549 877 Alle so aus! — Ich
544 820 1717 879 Kaffeehaus . .. auskehren thun sie noch. ... Na, geh'n
1731 821 2898 891 möcht' ja dem Rudolph ein Bussel geben... aher ich
253 844 545 924 warum denn
543 862 1715 934 wir hinein. ... Da hinten ist der Tisch, wo die immer
1727 870 2331 939 muß ihn noch was fragen!
2389 864 2899 935 Vom Schlag' getrossen
130 893 228 963 daß
227 902 536 969 er vorher noch
550 908 1721 964 Tarok spielen ... merlwürdig, ich kann mir's gar nicht
1728 896 2890 980 werden, heißt noch nicht: kodt' sein . . . i“ muß fragen,
153 947 536 1020 ich schreiben, daß
554 959 1719 1008 vorstellen, daß der Kerl, der immer da hinten sitzt an der
1730 959 2905 1039 ob er todt ist ... aber ganz ruhig, denn was geht mich
210 996 552 1075 und was man
558 997 1726 1075 Wand, derselbe sein soll, der mich. . . . Kein Mensch ist
1727 1012 2912 1098 der Bäckermeister an — ich muß in die Zeitung schau'n,
139 1034 211 1112 ky
214 1047 453 1111 doch auch
560 1047 1409 1118 noch da. ... Wo ist denn der Kellner?
1736 1065 2474 1134 während ich den Kellner frag' .. .
1490 1052 1718 1121 He! Da
163 1084 542 1161 viel leichter, wenn
548 1074 1727 1161 kommt er aus der Küche ... er schlieft schnell in den
1806 1106 2096 1179 „Ist er todt?
129 1143 548 1203 hat. Und die
562 1142 845 1211 Frack hinein
919 1143 1638 1213 ist wirklich nimmer nothwendig.
1813 1138 2908 1237 „Lco freilich, Herr Lieutenant; auf'n Fleck ist er lodt
233 1182 541 1257 und die hun¬
558 1183 1715 1268 ah, für ihn schon . .. er muß heut' noch andere Leut'
1723 1193 1945 1275 geblieben.“
553 1235 774 1300 bedienen!
143 1229 545 1309 .. eigentlich noch
1831 1238 2909 1334 O herrlich, herrlich! = Am End' ist das Alles, weil
140 1277 537 1352 ja Keiner geschafft,
630 1267 1366 1367 „Habe die Ehre, Herr Lieutenant!“
1736 1268 2445 1367 ich in der Kirchen g’wesen bin. ..
151 1332 547 1404 Acht an ist noch
636 1334 996 1400 „Guten Morgen.“
1824 1324 2899 1401 „Er ist am Abend im Theater g’wesen
152 1381 426 1450 Todtsein, ja
638 1367 1355 1448 „So früh heute, Herr Lieutenant?“
1722 1390 2899 1441 und beim Nachhausgeh'n, auf der Stiege ist er um¬
128 1410 205 1480 en.
305 1425 543 1507 Ringstraße
640 1409 1720 1512 „Ah, lassen's nur — ich hab' nicht viel Zeit, ich kann
1728 1440 2901 1504 g'fallen — der Hausmeister hat den Krach g’hört..:
430 1473 551 1536 Mir
546 1477 1023 1549 mit'n Mantel dasitzen.“
143 1447 427 1540 ffeehaus.
1724 1484 2901 1540 no, und dann haben's ihn in die Wohnung getragen und
134 1525 550 1589 kück ... es ist nicht
633 1517 1354 1585 „Was befehlen, Herr Lieutenant?“
1729 1538 2828 1579 wie der Doctor gekommen ist, war's schon lang' aus.“
140 1569 552 1630 stück zünd' ich mir
641 1571 1193 1648 „Eine Melange mit Haut.“
1814 1580 2904 1648 „Ist aber traurig. Er war doch noch in den besten
170 1608 550 1683 nach Haus' und
660 1594 1308 1696 Bitte gleich, Herr Lieutenant.“
1728 1608 1917 1688 Jahren.“
1913 1623 2891 1697 — Das hab' ich jetzt famos gesagt — kein
172 1668 541 1739 die Anzeige ans
647 1652 1711 1743 Ah, da liegen Zeitungen ... schon heutige Zeitun¬
1724 1673 2430 1749 Mensch könnt' mir was anmerken
2486 1675 2898 1751 und ich muß mich
143 1708 545 1780 ndie Clara — dann
558 1709 693 1787 gen?
766 1714 1710 1778 Ob schon was drinsteht? ... Was denn?
1729 1729 2900 1812 wirklich zurückhalten, daß ich nicht schrei' oder auf's
256 1756 539 1823 was soll ich
584 1764 1710 1829 — Mir scheint, ich will nachseh'n, ob drinsteht, daß ich
1730 1766 2160 1837 Billard spring'....
130 1806 544 1873 in liebes Kind, du
559 1808 1717 1889 mich umgebracht hab'! Haha! — Warum steh' ich denn
1807 1811 2906 1881 „Ja, Herr Lieutenant, sehr traurig; war ein so lieber
142 1856 464 1929 was, Unsinn!
558 1861 1709 1937 noch immer? . . . Setzen wir uns da zum Fenster...
1728 1847 2893 1913 Herr, und zwanzig Jahr' ist er schon zu uns kommen —
144 1892 247 1969 ehr
553 1906 1713 1974 Er hat mir ja schon die Melange hingestellt ... so! Den
370 1897 548 1969 „Mein
1731 1912 2896 1992 war ein guter Freund von unserm Herrn. Und die arme
1935 1952 1995 2016 0
127 1933 542 2016 he, will ich es nicht
561 1954 1707 2032 Vorhang zieh' ich zu, es ist mir zuwider, wenn die Leut'
1733 1957 1887 2023 Frau
549 2001 828 2065 hereingucken
131 1999 553 2071 ben war auch nie
865 2000 1720 2068 .es geht zwar noch Keiner vorüber....
1812 1999 2901 2068 Ich glaub', so froh bin ich in meinem ganzen Leben
142 2045 543 2111 Kind, ein letztes
547 2049 1714 2100 Ah, gut schmeckt der Kaffee — doch kein leerer Wahn, das
1725 2042 2412 2114 nicht gewesen. . .. Todt ist er
2432 2062 2905 2128 — todt ist er! Keiner
564 2094 830 2166 Frühstücken!
132 2092 543 2161 Die Augen, die sie
926 2093 1715 2166 Ah, ein ganz anderer Mensch wird
1727 2101 2896 2177 weiß was und nichts ist g'scheh'n — und das Mords.
146 2146 548 2201 ich nicht in sie ver¬
559 2150 1710 2211 man — der ganze Blödsinn ist, daß ich nichts genacht¬
1725 2150 2901 2214 glück, daß ich in das Kaffeehaus gegangen bin ... sonst
172 2188 550 2258 wenn man Eine
557 2194 1716 2268 malt hab'. . .. Was steht denn der Kerl schon wieder da?
1727 2195 2904 2259 hätt' ich mich ja ganz umsonst erschossen — es ist doch
134 2230 543 2304 gut: so ist es auch
632 2237 1537 2285 Ah, die Semmeln hat er m gebracht. ..:
1721 2245 2896 2316 wie eine Fügung des Schicksals. ... Wo ist denn der
137 2285 557 2358 par’ ja noch manche
638 2284 1591 2334 „Haben Herr Lieutenant schon gehört..."
1731 2292 2902 2359 Rudolph? Ah, mit dem Feuerburschen red't er. ... Also
653 2327 1713 2398 „Was denn?“ Ja, um Gotteswillen, weiß der schon
128 2330 546 2393 uch Eine, die was
1730 2334 2901 2398 todt ist er — todt ist er — todt ist er — ich kann's noch
560 2384 1600 2458 was? .. . Aber Unsinn, es ist ja nicht möglich!
130 2374 546 2455 Familie mit Caution
1733 2390 2896 2452 gar nicht glauben! Am liebsten möcht' ich hingeh'n, um's
655 2424 1227 2496 „Den Herrn Habetswallner
158 2427 555 2498 — Der Clara muß
1724 2437 2893 2479 zu seh'n. — Am End' hat ihn der Schlag ktroffen a#s
134 2466 556 2539 nicht hab' anders
640 2473 1717 2539 Was? So heißt ja der Bäckermeister:.:: was wird
1724 2478 2891 2533 Wuth, aus verhaltenem Zorn. ... Ahl warum, ist mir
115 2499 543 2591 n, liebste Schwester,
562 2508 1712 2582 der jetzt sagen? . . . Ist der am End' schon dagewesen?
1729 2528 2900 2583 ganz egal! Die Hauptsach' ist: er ist todt und ich darf
122 2568 547 2637 m. Ich weiß, daß ich
561 2580 1711 2641 Ist er am End' gestern noch dagewesen und hat's er¬
1728 2565 2903 2644 leben und Alles g’hört wieder mein! . .: Komisch, wie
139 2615 550 2678 habe und manchen
777 2616 1715 2685 Warum red't er denn nicht weiter?:..
558 2617 752 2684 zählt?
1731 2619 2906 2668 ich mir da immerfort die Semmel einbrock', die mir
560 2656 1021 2730 Aber er red't ja. ..:
138 2661 556 2736 ich habe euch Alle
1728 2661 2892 2733 der Herr Habetswallner gebacken hat! Schmeckt mir ganz
157 2707 554 2782 du wirst noch ein¬
1726 2725 2903 2786 gut, Herr von Habetswallner! Famos! = So, jetzt
752 2704 1711 2805 hat heut' Nacht um Zwölf der Schlag ge¬
560 2721 761 2824 troffen.“
128 2751 545 2820 ra, und deinen un¬
1724 2753 2477 2824 möcht' ich noch ein Cigarrl rauchen.
128 2806 548 2879 u. . . .“ — Ah, ich
649 2783 1709 2868 „Was ? Ich darf nicht so schreien::: nein,
1817 2792 2914 2901 „Rudolph! Sie, Rudolph! Sie, lassen S' mir den
110 2852 548 2923 an, da wird mir zum
1727 2850 2350 2935 Feuerburschen dort in Ruh'!“
559 2850 1716 2925 ich darf mir nichts anmerken lassen... aber vielleicht
130 2897 554 2968 in den Augen, wenn
1806 2898 2370 2974 „Bitte, Herr Lieutenant!“
558 2903 1710 2967 träum' ich :. ich muß ihn noch einmal fragem ...
1285 2955 1711 3020 Famos — famos —
130 2946 545 3015 Kopetzky schreib' ich
560 2957 1234 3010 „Wen hat der Schlag getroffen?“
1816 2930 2831 3014 „Trabucco . ..“ — Ich bin so froh, so frohl:
142 2996 542 3060 und er soll's den
556 2991 1302 3078 ganz harmlos hab' ich das g'sagt!
1725 2989 2905 3078 Was mach' ich den nur?::: Es muß ja was g'scheh'n,
133 3042 545 3109 hon Sechs? — Ah
1724 3052 2110 3112 sonst trifft mich an
648 3029 1712 3118 „Den Bäckermeister, Herr Lieutenant.: Herr
2122 3048 2901 3113 och der Schlag vor lauter Freud####
1727 3092 2102 3158 In einer Viertell
139 3085 547 3154 Ist das ein liebes
563 3091 1705 3150 Lieutenant werd'n ihn ja kennen .. . na, den Dicken,
2165 3095 2890 3170 geh' ich hinüber in die Kasern' und
141 3132 551 3208 oft in der Floriani¬
1725 3147 2045 3205 lass' mich vom
560 3143 1718 3195 der jeden Nachmittag neben die Herren Officiere seine
2123 3144 2902 3205 un kalt abreiben . . . um halb Acht
143 3181 556 3256 Aber die weiß ja
1733 3188 2071 3254 sind die Geweh
554 3176 1715 3243 Tarokpartie hat .. . mit'n Herrn Schlesinger und 'n
2145 3187 2904 3255 und um halb Zehn ist Exerciren—
158 3226 553 3305 nur wundern, daß
553 3227 1700 3299 Herrn Wasner von der Kunstblumenhandlung vis-à-vis.“
1732 3235 2048 3304 und der Steffi
2120 3241 2899 3301 b' ich, sie muß sich, für heut' Abends
638 3282 1331 3350 Ich bin ganz wach — stimmt Alles
127 3291 553 3347 n hab' ich mir vor¬
1326 3280 1715 3348 — und doch kann
1718 3283 2057 3362 frei machen un
2123 3285 2893 3360 un's Graz gilt! Und Nachmittag um
150 3338 1729 3404 sie an — kokettirt ich's noch nicht recht glauben — ich muß ihn noch einmal
1721 3331 2043 3400 Vier... nc
2143 3325 2826 3399 mein Lieber, wart' mein Lieber! J
139 3374 1334 3456 — am End' war die fragen:: aber ganz harmlos.:
1706 3381 2887 3468 bin=g'rad' g elegt. . .. Dich hau' ich zu Krenfleisch#
2898 3751 3023 3837 ETE
