3180 4068
468 1 523 34 Paen
45 3 1122 54 Burch einfaches Tuztelen des ui Aufenin Tühenden Wollecfeln wird da
1898 1 2231 56 en
2759 6 3147 80 n inenen ie er ie
48 47 1127 98 Pult. Schreibfläche sowohl wie sämmtliche Schubladen rasch und sicher
1927 47 2510 91 ampftessel jeder Construction und Größe.
2729 53 3186 110 Hydranlische Pressen u. ganze
48 75 1004 125 errt. Zum Oeffnen des Pultes bedarf man nur eines Schlüssels.
1894 81 2696 142 Fördermaschinen, Compressoren (Patent Steckl),
2741 100 3180 149 Walzwerke, alle Zerkleinernn
54 104 1138 171 es Fabrikat. Grösste Auswahl. Eiche, Nuss und Mahagonl auf Lager,
1908 112 2708 153 Bentilatoren, Wasserhaltungsmaschinen, Förder¬
2762 124 3094 175 Hartauß=Fabriente.
324 144 765 199 Kataloge gratis und franco.
1904 149 2708 188 haspel, Pumpen, Evaksausstoßmaschinen für
2740 136 3020 190 Transmissionen.
1912 170 2710 218 Dampf=, Lust= und elektr. Betrieb, sowie alle Maschinen
2732 170 3186 237 Hydranlische Aufzüge und e
125 184 982 251 Generalvertretung für Oesterreich-Ungarn:
1910 194 2182 267 für den Bergbau.
2729 214 3092 264 Bahn=Ausrüstungen.
65 236 1134 318 W. MAASS, Wien, I. Kolowratring 6.
2298 248 3146 308 Die Giessereien liefern:
266 300 836 372 Ferner Verkaufsstellen bei:
1885 318 3186 387 Commerzguß, Oefen, Bauguß, Röhrenguß, Maschinenguß, Kun
141 354 963 429 Johann Klöpfer, IV. Wienstrasse 37.
2193 374 3186 443 An Modellen sehr reichhaltiges Lager vorhand
58 411 1101 480 . C. König & Ebhardt, I. Rothenthurmstrasse 7.
2785 430 3168 505 Niederlage:
1954 427 2609 512 Niederlage: WIEN,
2976 486 3187 537 Kröna N
60 487 1149 561 ust Knobloch’s Nachf., VII. Breitegasse 8, 10, 12,
2065 487 2519 547 Marxergasse Nr. 28.
2612 510 2961 582 RRERTREEENTSDFSRNNNDR
1983 531 2214 592 Srenmatrumnnres
3024 612 3127 676 gar
1827 625 3011 684 besser dran, weil wir einen Säbel haben: und wenn
3020 668 3080 719 5
1841 667 3014 728 schon einmal Einer von der Waffe Gebrauch macht, geht's
3015 704 3086 770 un
45 718 257 776 wie wenn
1833 707 3012 779 über uns her, als wenn wir Alle die geborenen Mörder
265 723 1452 801 wenn ich mit dem Kopetzky spräche? . . . Ja, das wär'
3016 762 3098 817 mei
71 764 260 827 Aber ich
1824 775 3000 832 wären. 2.. In der Zeitung möcht's auch stehen:..
261 777 1438 843 doch das Vernünftigste ... schon wegen morgen ...
3013 807 3118 871 Kraf
81 814 250 866 es war
1839 805 2997 882 Selbstmord eines jungen Officiers“::: Wie schreiben
267 821 1445 877 ja, natürlich — wegen morgen . .. um Vier in der
56 831 244 922 st: Stad
3012 857 3173 917 auch kei
263 858 549 923 Reiterkasern'
1830 850 3001 909 sie nur immer? .. . „Die Motive sind in Dunkel ge¬
631 872 1441 930 ich soll mich ja morgen um 4 Uhr
3016 901 3188 969 im Reg
56 902 257 970 licht zum
1818 898 2985 975 hüllt“  2. haha! :  „An seinem Sarge trauern“. “
267 917 1442 974 schlagen . . und ich darf's ja nimmer, ich bin satisfac¬
70 950 253 1015 ich ihn
3013 951 3187 1009 brücke.
1842 949 3007 1013 — Aber es ist ja wahr : . : mir ist immer, als wenn ich
265 937 551 1025 tionsunfchhig.
582 964 1437 1023 Unsinn! Unsinn! Kein Mensch weiß
3017 998 3186 1057 ich son
49 996 246 1073 s so ein
1826 996 2975 1056 mir eine Geschichte erzählen möcht'..: aber es
265 1003 1430 1075 was! Kein Mensch weiß was! Es laufen Viele herum,
3007 1039 3186 1110 haha!
61 1047 245 1114 Herroott
1819 1046 2963 1109 ist wahr:: ich muß mich umbringen, es bleiht mir j
268 1053 1442 1124 denen ärgere Sachen passirt sind als mir. . .. Was hat
2868 1091 2992 1158 nicht
3010 1088 3188 1156 im vor
2725 1099 2764 1144 108
2348 1095 2737 1160 = ich kann's
54 1096 165 1165 bin.
1827 1099 2341 1172 nichts Anderes übrig
271 1112 1443 1162 man nicht Alles von dem Deckener erzählt, wie er sich mit
3018 1139 3187 1201 Stunder
1824 1132 3001 1205 drauf ankommen lassen, daß morgen Früh der
43 1144 263 1216 das g'sagt
266 1146 1443 1220 dem Rederow geschossen hat . . . und der Ehrenrath hat
3011 1188 3186 1250 gekomm
1820 1175 2998 1270 Kopetzky und der Blany mir ihr Mandat; zurück.
50 1194 256 1261 n, sonst
268 1210 1438 1268 entschieden, das Duell darf stattfinden. .:. Aber wie
3012 1236 3186 1298 schlafen
1823 1243 2999 1302 geben und mir sagen: Wir können dir nicht secun¬
50 1242 256 1306 t ja nur
270 1256 1450 1299 möcht' der Ehrenrath bei mir entscheiden? — Dummer
3005 1283 3186 1355 Ronach
63 1289 255 1352 garantirt
1818 1282 2995 1347 diren.::* Ich wär' ja ein Schuft, wenn ich's ihnen
265 1297 1439 1365 Bub — dummer Bub . . . und ich bin dagestanden —
3009 1329 3181 1392 denn nu
1826 1322 3003 1415 zumuthen möcht'.... So ein Kerl wie ich, der dasteht
48 1331 259 1399 en, seiner
265 1342 1444 1409 heiliger Himmel, es ist doch ganz egal, ob ein Anderer
3009 1378 3186 1441 der uns
1828 1376 3005 1442 und sich einen dummen Buben heißen läßt:: morgen
46 1386 250 1449 kaffeehaus.
266 1401 1436 1441 was weiß .. . ich weiß es ja doch, und das ist die
3010 1426 3187 1483 hat.
1824 1429 3005 1503 wissen's ja alle Leut' ... das ist ja zu dumm, daß ich
56 1433 257 1498 r! Wenn
258 1431 1436 1513 Hauptsache! Ich spüre, daß ich jetzt wer Anderer bin als
3003 1472 3185 1545 jährigen
1825 1481 2996 1543 mir einen Moment einbilde, so ein Mensch erzählt's nicht
47 1481 261 1539 jeder dort
269 1487 1437 1550 vor einer Stunde — ich weiß, daß ich satisfactionsunfähig
3009 1520 3186 1582 werden
1833 1531 2997 1590 weiter.:: überall wird er's erzählen... seine Frau
50 1525 248 1595 m Herrn
265 1531 1437 1601 hin, und darum muß ich mich todtschießen ... keine
3003 1568 3187 1629 müssen
1832 1565 3001 1638 weiß's jetzt schon #o morgen weiß es das ganze Kaffee¬
86 1562 256 1641 Nein,
256 1567 1436 1633 ruhige Minute hätt' ich mehr im Leben . .. immer hätt' ich die
2778 1614 3001 1683 der Herr
3010 1611 3179 1682 Jahr un
1827 1620 2774 1687 haus:: die Kellner werden's wissen ..:
54 1624 251 1690 wenn ich
265 1633 1438 1708 Angst, daß es doch Einer erfahren könnt' so oder so
1829 1659 3177 1742 Schlesinger — die Cassierin —— und selbst, wenn er ist eine
58 1672 267 1749 das darf
344 1670 1442 1751 .und daß mir's Einer einmal ins Gesicht sagt, was
2795 1710 3007 1769 sagt er's
3006 1707 3174 1775 Alles
1824 1711 2801 1776 sich vorgenommen hat, er red't nicht davon, so
59 1717 250 1789 gleich...
264 1719 845 1791 heut' Abend gescheh'n ist!
920 1727 1437 1803 Was für ein glücklicher
3005 1758 3187 1821 Sachen
1832 1772 3002 1829 übermorgen . . . unb wenn er's übermorgen nicht sagt,
66 1765 266 1833 Obersten
265 1778 1437 1845 Mensch bin ich vor einer Stund' gewesen . .. muß mir
3003 1804 3185 1870 ja jetzt
1830 1816 3001 1882 in einer Woche.. und wenn ihn heute Nacht der
48 1817 260 1891 a, zum
268 1825 1436 1882 der Kopetzky die Karte schenken — und die Steffi muß
3012 1855 3186 1915 auf der
1833 1857 3007 1927 Schlag trifft, so weiß ich's:ga ich weiß es. 2.: Ich
124 1885 1433 1937 undmir absagen das Mensch — von so was hängt man ab
3017 1900 3162 1962 loren,
1831 1908 3008 1967 bin nicht der Mensch, der weiter den Rock trägt und den
50 1905 249 1979 sehorsamst,
368 1898 1449 1988 Nachmittags war noch Alles gut und schön, und jetzt
3020 1946 3187 2009 zu thün
1824 1938 2999 2009 Säbel, wenn ein solcher Schimpf auf ihm sitzt! a:: So,
50 1961 252 2025 klassen, es
261 1936 1435 2044 bin ich ein verlorener Mensch und muß mich todtschießen.
3018 1994 3187 2059 Gustl,
1823 1994 3009 2067 ich muß es thun und Schluß! — Was ist weiter dabei?
66 2006 264 2072 gewesen
360 2009 1446 2065 Warum renn' ich denn so? Es läuft mir ja nichts
3014 2040 3188 2103 d'ran?
1837 2042 3014 2100 — Morgen Nachmittags könnt' mich der Doctor mit 'n
64 2057 259 2122 Aber da
273 2046 1111 2141 davon. ... Wie viel schlagt's denn? ..
1149 2066 1416 2129 1, 2, 3, 4, 5,
3009 2088 3186 2150 Anderes
1826 2093 3005 2175 Säbel erschlagen: :. so was ist schon einmal dage¬
80 2105 259 2166 Schand'
305 2109 999 2167 , L. 8, 9, 10, 11 . .. elf, elf ...
998 2107 1439 2180 ich sollt' doch Nacht¬
3014 2140 3157 2199 gibten
1837 2149 3009 2205 wesen. . . und der Bauer, der arme Kerl, der hat eine
75 2146 257 2220 drüben?
269 2160 1430 2232 malen geh'n! Irgendwo muß ich doch schließlich hin¬
3023 2188 3127 2244 Mon
1834 2187 3014 2269 Gehirnentzündung 'kriegt und war in drei Tagen hin:.:
264 2198 441 2265 geh'n
169 2202 258 2283 sie
493 2209 1426 2271 ich könnt' mich ja in irgend ein Beisl sezen,
3007 2234 3174 2298 Officier
1836 2233 3004 2304 und der Brenitsch ist vom Pferd gestürzt und hat sich
63 2234 262 2309 üßten ...
273 2261 1431 2319 wo mich kein Mensch kennt — schließlich, essen muß der
3016 2284 3185 2347 Kerl ge
1828 2278 3020 2363 's Genick gebrochen:;; und schließlich und endlich: es
68 2294 256 2366 ein paar
263 2290 1392 2350 Mensch, auch wenn er sich nachher gleich todtschießt ..
3019 2330 3185 2391 wahren.
1833 2331 3003 2409 gibt nichts Anderes — für mich nicht, für mich nicht! —
59 2344 256 2411 oder der
274 2344 1442 2416 Haha! Der Tod ist ja kein Kinderspiel . . . Wer hat das
3023 2378 3187 2440 Leichen
1830 2375 3005 2441 Es gibt ja Leut', die's beichter nähmen. Gott, was
53 2388 265 2467 ten Beste.
266 2395 1336 2468 nur neulich gesagt? . . . Aber das ist ja ganz egal.
3028 2425 3165 2490 müßt'
1832 2426 3012 2492 gibt's für Menschen!e: Dem Ringheimer hat ein
79 2439 256 2504 Anderen
272 2438 1436 2519 Ich möcht' wissen, wer sich am meisten kränken möcht
3015 2475 3129 2532 das
1830 2468 3009 2534 Fleischselcher, wie er ihn mit seiner Frau erwischt hat, eine
168 2493 257 2548 wo
377 2482 992 2556 die Mama? oder die Steffi?
1049 2484 1324 2556 . die Steffi
3022 2522 3187 2582 Garniso
1831 2523 3003 2604 Ohrfeige gegeben, und er hat quittirt und sitzt irgendwo
100 2534 252 2601 auf der
267 2538 1441 2609 Gott, die Steffi . . . die dürft' sich ja nicht einmal was
3015 2569 3156 2631 wach'
1832 2568 3004 2630 auf'n Land und hat geheiratet: .; daß es Weiber gibt,
147 2580 264 2640 nicht
278 2580 1406 2645 anmerken lussen, sonst gibt „er“ ihr den Abschich:
3013 2613 3153 2679 bin.
1834 2628 3004 2686 die so einen Menschen heiraten! : — Meiner Seel',
145 2631 255 2693 mich
267 2638 1429 2704 arme Person! — Beim Regiment — kein Mensch hätt
3018 2664 3132 2719 v. E
1836 2661 3013 2731 ich göh' ihm nicht die Hand, wenn er wieder nach Wien
61 2676 157 2736 nir's
154 2681 267 2739 an¬
277 2686 1430 2737 eine Ahnung, warum ich's gethan hab’ ... sie thäter
3010 2713 3167 2784 komisch
1837 2715 3004 2777 käm':  Also, hast's gehört, Gustl: aus, aus, abge¬
272 2727 1421 2801 sich Alle den Kopf zerbrechen . . . warum hat sich dem
3004 2762 3184 2843 seh'n:
1836 2769 3000 2833 schlossen mit dem Leben! Punktum und Streusand
183 2774 260 2843 es
267 2763 831 2840 der Gustl umgebracht? —
825 2771 1432 2843 Darauf möcht' Keiner kom
3015 2805 3152 2873 gehabt
1838 2817 3006 2881 d'rauf! #ss So, jetzt weiß ich's, die Geschichte ist ganz
50 2807 264 2889 weiß ja
267 2829 1432 2868 men, daß ich mich hab' todtschießen müssen, wei
3018 2854 3186 2922 es hätt
1833 2863 3008 2929 einfach. .: So! Ich bin eigentlich ganz ruhig. ...
56 2870 255 2931 and was.
267 2870 1435 2946 ein elender Bäckermeister, so ein niederträchtiger, de¬
441 2914 473 2936 1
3011 2907 3187 2967 risten:
1837 2907 3016 2978 Das hab' ich übrigens immer gewußt: Wenn's einmal
61 2918 265 2995 und ihn
267 2914 1427 2986 zufällig stärkere Fäust' hat . .. es ist ja zu dumm, zu
3021 2949 3188 3012 nach
1835 2951 3010 3015 dazu kommt, werd' ich ruhig sein, ganz ruhig : . aber,
265 2964 454 3023 dumm!
117 2962 254 3040 ? Ah,
476 2972 1432 3023 — betzwegen soll ein Kerl wie ich, so enn
3011 3000 3177 3068 lich!—
1842 3017 3017 3069 daß es so dazu kommt, das hab' ich doch nicht ge¬
281 3006 1433 3090 junger fescher #ensch . . . ja, nlchher möchten gewiß Alli
1846 3063 3011 3113 dacht: . daß ich mich umbringen muß, weil so ein.:.:
159 3037 265 3131 Ge¬
48 3061 150 3119 Das
276 3075 1429 3133 sagen: Das hätt' er doch nicht thun müssen, wegen so
3021 3090 3162 3156 Noth
1847 3104 3005 3159 Vielleicht hab' ich ihn doch nicht recht verstanden .. . am
54 3107 176 3163 deres
273 3118 1431 3177 einer Dummheit; ist doch schad' . .. aber wenn ich jetzt wer
3026 3140 3178 3209 hat's n
1845 3145 3010 3214 End' hat er ganz was Anderes gesagt: . . ich war ja
102 3127 258 3219 Oberst
272 3163 1433 3219 immer fragen thät' Jeder möcht' mir die gleiche Antwor
3021 3189 3169 3249 rühr' i
1858 3177 3021 3263 ganz blöd' von der Singerei und der Hitz' .::
44 3171 261 3263 der den
266 3188 1424 3267 geben . . . und ich selber, wenn ich mich frag' ... das
63 3254 102 3301 r
1840 3238 3184 3316 pielleicht bin ich verrückt gewesen, und es ist Alles liche. 8
99 3247 262 3309 möcht'
260 3252 1431 3318 ist doch zum Teufelholen!... ganz wehrlos sind wir
51 3299 1439 3383 Pie wär's, gegen die Civilisten: .: da meinen die Leut' wir sind
