3276 4037
234 113 1060 196 10. Leutnant Gustl
1243 114 1599 204 box 1/9
439 182 566 227 ereeene
814 180 873 223 en
951 172 1075 228 nane
737 682 1099 742 Telefon 12801.
280 772 1565 853 Alex. Weigi's Unternehmen für Zeitungs-Ausschnitte
1289 826 1436 892 Ausschnitt
268 875 1569 1002 M 7%8 „OBSERVER“ Nr. 86
225 992 1625 1069 I. österr. behördl. conc. Bureau für Zeitungsberichte u. Personainachrichten
397 1046 1466 1143 Wien, IX, Türkenstrasse 17.
567 1127 1264 1208 — Filiale in Budapest: „Figyelé“ -
235 1215 1634 1299 Vertretungen in Berlin, Chicago, Genf, London, Newyork, Paris, Rom, Stockholm.
873 1254 1458 1355 Prager Tagblatt
227 1329 719 1426 Ausschnitt aus:
419 1385 769 1531 4/4 100
237 1486 373 1558 vom
491 1486 591 1578 /6
496 1539 1338 1624 2— Arthur Schnitzler gemaßregelt.
398 1617 1335 1666 Wir haben bereits in unserem gestrigen Abendblatte
405 1668 1332 1726 mitgetheilt, daß der militärische Ehrenrath dem Schrift¬
406 1713 1331 1771 steller und Regimentsarzt in d. R. Dr. Arthur
405 1765 1327 1821 Schnitzler wegen seiner Novelle „Lieutenant. Gustl“ den
410 1805 1333 1859 Officierscharakter abgesprochen hat. Als Gründe dieses
407 1852 1327 1912 ehrenräthlichen Richterspruches werden angegeben, daß
404 1905 1333 1957 Dr. Schnitzler durch seine in der „N. Fr. Pr.“ ver¬
410 1949 1334 2013 öffentlichte novellistische Studie „Lieutenant Gustl“ der
411 1999 1327 2060 Ehre des österreichischen Officierscorps nahegetreten sei
405 2052 1325 2111 und daß er weiter auf eine im heftigen und persön¬
408 2093 1330 2149 lichen Tone geschriebene Kritik dieser schriftstellerischen
408 2142 1330 2201 Arbeit, welche in einem Wiener Blatte (Reichswehr)
401 2191 1318 2247 erschienen war, nicht reagirte. Dr. Schnitzler hatte sich
404 2234 1317 2293 dem Ehrenrathe nicht gestellt. Der Ehrenrath hat sich
411 2286 1301 2346 in seiner Beurtheilung der Novelle „Lieutenant Gustl
1459 2277 1609 2341 inclusive
286 2290 350 2358 Für
1477 2330 1589 2379 Porto.
409 2335 1317 2387 leider nicht auf einen höheren künstlerischen Standpuntt
1461 2368 1603 2423 Zahlbar
309 2386 351 2433 „
410 2382 1318 2441 gestellt, von dem aus in dieser Novelle Nichts erblickt
1441 2408 1629 2463 im Voraus.
304 2422 340 2464 „
408 2430 1334 2503 werden kann, was den Officiersstand irgendwie herab¬
296 2442 385 2507 „ 10
1355 2476 1657 2541 sschnitte ist das
415 2489 1344 2553 setzt oder auch nur herabsetzen sollte. Wenn aber der
1354 2522 1654 2586 uch steht es den
418 2532 1338 2588 Dichter auf die denunciatorische „Kritik“ der „Reichs¬
257 2538 392 2595 Abonne
1370 2567 1504 2624 ändern.
257 2586 387 2645 Abonne
408 2589 1333 2659 wehr“ nicht reagirt hat, so ist er nur dem Gebote der
406 2627 770 2685 Selbstachtung gefolgt.
386 2629 1663 2715 Der „OBSERVER“veranstaltettäglienseinen auszüg enthaltend die
270 2693 1652 2754 Inhaltsangabe aller wichtigen Mittheilungen der Wiener Morgen¬
267 2732 1637 2794 blätter (Tagesjournale ausser „Neue Freie Presse“ und Wiener Zeitung“
267 2754 1656 2827 wodurch eine Uebersicht über das gesammte politische und wirthschaftliche Lehen
271 2802 1673 2878 des In- und Auslandes in drastischer Kürze geboten wird. Diese Mittheilungen
273 2855 1034 2932 werden in Wien um 9 Uhr Früh verschickt.
569 2934 1346 3013 Prospecte gratis und franco
2298 624 2659 691 Telefon 12801.
1842 715 3110 800 Alex. Weigl's Unternehmen für Zeitungs-Ausschnitte
2837 777 2979 834 Ausschnitt
2867 820 3115 920 Nr. 89
2170 819 2740 929 „ODSERVER
1779 814 2045 955 4 40
1777 937 3176 1001 I. österr. behördl. conc. Bureau für Zeitungsberichte u. Personalnachrichten
1954 987 3024 1094 Wien, IX/1, Türkenstrasse 17.
2786 1084 2828 1149 —
2091 1073 2791 1162 — Filiale in Budapest: „Figyelé“
1781 1137 3192 1218 Vertretungen in Berlin, Chicago, Genf, London, Newyork, Paris, Rom, Stockholm.
2440 1240 2963 1388 Bohemin. Prag
1791 1281 2269 1362 Ausschnitt aus:
2191 1327 2372 1430 79 77
1971 1388 2162 1495 4%
1797 1425 1942 1500 vom
2034 1511 2883 1596 r. (Schnitzler der Officierscharge ver¬
1958 1556 2885 1635 lustig erklärt.) Aus Wien, 20. d. wird uns ge¬
1965 1627 2874 1683 meldet: Der Wiener Schriftsteller Dr. Arthur
1969 1678 2878 1735 Schnitzler, der Regimentsarzt in der Reserve war,
1966 1727 2868 1785 ist von einem militärischen Ehrenrathe der Officiers
1961 1763 2871 1826 charge verlustig erklärt worden. Als Gründe dieses
1957 1823 2870 1871 kehrenräthlichen Richterspruches werden angegeben,
1972 1864 2881 1925 daß Dr. Schnitzler durch die kürzlich veröffentlichte
1971 1913 2877 1969 novellistische Studie „Lientenant Gustl“ der
1977 1956 2885 2010 Ehre des österreichischen Officierscorps nabegetreten
1972 2007 2879 2054 sei, und daß er weiter auf eine in heftigem und per¬
1969 2050 2871 2111 sönlichen Tone geschriebene Kritik dieser schrift¬
1969 2099 2880 2150 stellerischen Arbeit — welche Kritik in einem Wiener
1967 2146 2833 2210 Tagblatte zu lesen war — nicht reagirt habe.
1969 2189 2884 2246 „Lientenant Gustl“ ist eine kleine Seelenstudie in
3000 2219 3161 2288 inclusive
1840 2227 1914 2292 Für
1959 2247 2872 2297 Form eines Gedankenmonologs. Von den Vorgängen
3018 2279 3141 2324 Porto.
1969 2290 2868 2335 der Novelle erfährt der Leser nur durch die gedank
3015 2309 3155 2369 Zahlbar
1847 2328 1901 2383 „
1955 2336 2870 2395 lichen Reflexe, welche sich im Gehirne des Helden
2982 2347 3173 2423 im Voraus.
1973 2374 2877 2434 Lieutenants Gustl auslösen. Mit peinlicher Sorsalt
1874 2356 1929 2442 1
2900 2423 3199 2487 sschnitte ist das
1963 2429 2875 2476 hat der Autor die kleinen und kleinsten Gedanken¬
2881 2469 3201 2525 luch steht es den
1970 2480 2882 2537 theilchen seines Lientenants Gustl gleichsam in einer
1811 2481 1933 2539 Abonn
2887 2511 3057 2575 u ändern.
1810 2527 1927 2594 Abonn
1964 2523 2863 2573 logischen Folge psychischer Momentbilder aneinander
1965 2569 2866 2623 gereiht und so ein Seelenporträt von großer Schärft
2893 2576 3206 2650 ug enthaltend die
1966 2616 2872 2666 der Naturtreue und Lebensechtheit zustande gebracht.
2902 2637 3205 2686 ner Morgen¬
1818 2633 1921 2701 Inhal
1974 2661 2873 2719 Als nothwendige Consequenz dieser analytischen Art,
2898 2672 3197 2729 „Wiener Zeitung“,
1824 2694 1928 2743 blüt
2898 2715 3202 2762 schaftliche Leben
1963 2705 2871 2763 seelische Spiegelungen äußerer Vorgänge in ihre
1818 2730 1936 2782 wodur
2897 2750 3200 2813 iese Mittheilungen
1968 2760 2869 2810 kleinsten Elemente aufzulösen, ergibt sich eine ein
1823 2770 1928 2815 des I
1823 2804 1935 2875 werdej
1969 2801 2872 2863 wenig asthmatische Diction. Der thatsächliche Inhalt
1958 2860 2870 2910 der Studie ist in gedrängter Kurze folgender: Liente¬
1965 2899 2873 2954 nant Gustl hat im Concert ein Rencontre mit einem
1970 2949 2880 2998 energischen Civilisten. Es kommt zu Injurien, der
1966 2993 2874 3050 Lieutenant will den Säbel ziehen, aber der Civilist
1969 3040 2881 3096 hindert ihn daran mit Bracchialgewalt. Lieutenant
1970 3092 2869 3149 Gastl verbringt eine qualvolle Nacht. Wenn das
1968 3141 2883 3196 Regiment von dem Vorfalle erfährt, muß er quittiren.
1958 3186 2885 3235 Eine Kugel vor den Kopf scheint der einzige noble
1961 3229 2883 3285 Ausweg aus dieser Affaire, das Schicksal schenkt aber
1960 3273 2879 3329 dem Lieutenant Gusti eine glücklichere Lösung der
1965 3325 2874 3372 Sache. Den enragirten Civilisten trifft der Schlag.
1966 3369 2874 3423 Dieser Schlag ex machina befreit den Lientenant
1962 3416 2865 3466 Gustl aus aller Verlegenheit, Niemand weiß, wa
1954 3457 2820 3540 geschehen ist, der einzige Zeuge seiner Schmach
1952 3507 2554 3582 todt, Lieutenant Gustl ist gevattet
