3248 4096
245 148 396 232 10.
431 141 1087 232 Leutnant Gustl
464 204 1089 271 ertenetene e ene ese et ete e henet entetenesesen.
1274 161 1655 256 box 1/12
1183 847 1292 912 243
1678 823 2164 932 The Germanic Revien
1779 953 2054 1032 BESCHLUSZ
1275 1027 2643 1088 Der Ehrenrat für Landwehroffiziere und Kadetten Wien hat
1196 1073 2629 1145 über die wider den Oberarzt Dr. Arthur Schnitzler im Verhältnis
1198 1139 2635 1195 der Evidenz des k.k. Landw. J. R. Klagenfurt Nr. 4 erhobene
1194 1184 2629 1243 Anschuldigung, daß er als dem Offiziersstande angehörig eine
1197 1235 2641 1305 Novelle verfaßte und in einem Weltblatte veröffentlichte, durch
1191 1288 2637 1353 deren Inhalt die Ehre und das Ansehen der k.k. österr. u. ung.
1193 1335 2627 1391 Armee herabgesetzt wurde, sowie daß er gegen die persönlichen
1193 1388 2632 1450 Angriffe der Zeitung Reichstehr keinerlei Schritte unternommen
1195 1439 2632 1497 hat nach der am 26. April r0or stattgehabten Schlußverhandlung
1191 1495 2627 1547 erkannt—dler beschuldigte Oberarzt hat die Standesehre da¬
1193 1534 2632 1606 durch verietzt, daß er als dem Offiziersstande angehörig eine
1198 1591 2636 1648 Novelie verfaßte und in einem Weltblatte veröffentlichte, durch
1195 1645 2634 1699 deren Inhalt die Ehre und das Ansehen der österr. ung. Armee
1196 1692 2633 1753 geschädigt und herabgesetzt wurde, sowie daß er gegen die
1196 1744 2627 1812 persönlichen Angriffe der Zeitung Reichswehr keinerlei Schritte
1195 1794 1616 1852 unternommen hat.
1999 1837 2554 1922 Wien am 26. April 1001.
1272 1882 2633 1968 Hermann Neubauer, Oberl., Franz Agler, Leut., Julius
1189 1938 2623 2014 Schwitz von Schwitzhofen, Major, Adolf Hausmann, Haupt¬
1195 2003 2620 2070 mann, Albin Brumowsky, Oberstleut., Heinrich von Beyer,
1196 2050 1740 2111 Oberst als Vorsitzender.
1271 2081 2625 2174 Für die richtige Abschrift Justizref. der k.k. L.T.R. Wien,
1188 2151 1503 2237 August M.A.
1265 2227 2633 2331 Schnitzler’s officers’ diploma was later sent for and he
1182 2314 2632 2377 received in place of it a military pass as Sanitätssoldat des
1186 2369 2629 2448 k.u.k. Landsturms.“ He remained in the military service in
1185 2416 2269 2507 this capacity until his forty-s cond year (1004).
1266 2490 2623 2555 An investigation of the reception of Leutnant Gustl as a
1185 2540 2628 2616 literary work by reviewers and critics reveals many shades of
1184 2608 2619 2670 opinion. Der Bund (Bern, June Zo, 1001) commented as
1186 2672 2626 2746 follovs: Daß Schnitzler dieses Menschliche so herausgebracht
1187 2722 2621 2791 hat, das seinem Helden unsere Sympathie gewinnt, ist der
1183 2791 2617 2865 Hauptbeweis dichterischer Genialität.“ In Stimmen der Gegen¬
1184 2860 2615 2919 wart (August 15, roof) the author was lauded as “ein großer
1185 2910 2621 2973 Psychologe, ein Mensch, der das wirkliche, echte Leben schildert,
1186 2966 2614 3029 ein Dichter in des Wortes reinster Bedeutung. Auch ein
1175 3033 2622 3096 Stilkünstler allerersten Ranges.“ Josef Ettlinger was more
1182 3087 2615 3161 critical and spoke of it as being “ mehr Kunststück als Kunst¬
1181 3141 2622 3213 werk. Glänzende Virtuosität täuscht über die innere Un¬
