3276 4037
252 1407 300 1465 n.
237 175 1072 253 10. Leutnant Gustl
1243 184 1602 273 box 1/9
423 241 697 289 are e eterese terente
742 240 1083 295 eereterstesettesenseten tene
412 785 2042 974 erliner Morgenvost.
603 1033 1813 1139 —S Berliner Brunnenkuren. 6—¬
1598 1198 1673 1288 —
1497 1284 1593 1358 S
578 1305 649 1481 8
246 1933 299 1981 rs
1926 1983 2056 2061 (0r.24
246 2023 294 2077 1es
245 2068 298 2114 18
1941 2113 2053 2180 9716.
261 2201 301 2246 er
993 2249 1448 2344 Morgens bei Kroll.
248 2286 302 2337 ei¬
250 2324 298 2397 ch
1232 2319 2078 2405 in Berlin in den Zelten auch — auf Flaschen gefüllt
397 2339 1185 2412 So eine Saison strengt an. Wenn man sich so
1240 2394 2072 2445 und Anlagen, wer weiß ob die Zelte, der Tiergarten,
343 2398 1190 2455 redlich durch unzählige Diners und Soupers hindurch¬
254 2431 306 2484 er
1239 2443 2072 2487 Krolls, der Grunewald nicht beinahe eben so schön
350 2436 1198 2500 gegessen oder durch viele „Weißen“ hindurchgetrunken
242 2474 297 2522 1
1234 2473 2070 2537 sind wie die seit Schillers Räuber anrüchigen
340 2482 1190 2553 hat, so merkt man plötzlich mit Unbehagen, daß die
1240 2522 2074 2574 Böhmischen Wälder. Und so gebt es von nun an
341 2537 1199 2591 weiße Weste zu eng wird oder der Gehrock zu
1246 2569 2080 2624 früh hinaus zu Kroll, allwo alle Heilquellen in
345 2574 1187 2632 spannien anfängt. Unangenehme Symptome zeigen
253 2605 305 2663 Is
1233 2606 2078 2666 Kruken und Büchsen und Flaschen zu haben sind. Zu¬
346 2620 1193 2675 sich an der Leber, und als der Besitzer des viel¬
1245 2660 2076 2707 erst fällt ju das Frühaufstehen recht schwer, ist aber
355 2659 1189 2719 strapazierten Organs einmal sich bewegen ließ, auf
1237 2698 2077 2747 erst einmal die angeborene und anerzogene Faulheit
349 2707 1193 2760 eine automatische Wage zu treten, da wär' er vor
257 2747 307 2798 en
1247 2741 2076 2795 überwunden, dann sieht man, wie schön es an einem
345 2744 1198 2803 Schreck beinahe wieder heruntergefallen, zwanzig Pfund
254 2788 304 2832 13,
1238 2784 2076 2839 Sommermorgen draußen im Grünen ist, dann begreift
353 2798 1189 2852 hatte er zugenommen. Und nicht ihm allein war
1236 2825 2078 2879 man gar nicht, wie man die schönsten Tagesstunden im
346 2844 1183 2905 dieser Zuwachs beschieden, sondern auch ihr,
1236 2876 2070 2924 dunstigen Schlafzimmer zubringen konnte. Und wenn
794 2873 1193 2935 Was war da zu
358 2877 787 2940 der getreuen Ehehälfte.
259 2919 309 2968 in
1238 2914 2080 2966 der Brunnen und das Salz nicht hilft, die vernünf¬
356 2928 1197 2979 machen? Karlsbad er, Marienbad sie. Aber
1244 2957 2072 3009 tige Lebensweise, die Bewegung im Freien hilft. Das
344 2965 1200 3026 die Sache hat einen Haken. Badereisen kosten
1233 3002 2073 3053 überflüssige Fett verschwindet, die hißlichen Symptome
262 2991 315 3054 de
345 3009 1189 3076 Geld und zwar recht viel, zudem ist sie keine Freundin
259 3049 312 3095 2.
1248 3050 2077 3103 an der Leber lassen nach — und im nächsten Winter
347 3052 1195 3109 von langen Eisenbahnfahrten und er mag das Geschäft
1243 3092 1555 3164 kommen sie wieder.
353 3090 1201 3155 nicht ohne Aufsicht lassen. Zum Glück gab es in
250 3088 305 3174 de
350 3139 1200 3215 diesem Dilemma einen Ausweg. Brunnen giebt es
247 3156 311 3209 u.
244 3201 308 3250 der
250 3238 304 3288 ien
262 3278 310 3327 Us
1243 3283 2079 3356 Wiener militärischen Ehrenrats sehr hart, aber, wie
249 3316 313 3368 he¬
1248 3339 2090 3401 die Dinge liegen, genügt's auch fernerhin ganz einfach:
264 3355 314 3405 hr
595 3316 683 3444 220
1247 3390 1531 3449 Arthur Schnitzler.
260 3396 313 3439 n
250 3432 308 3486 rf
1298 3402 2081 3496 Besehen wir uns vorweg das Verbrechen. Das
514 3327 624 3515 2
345 3423 484 3547 *7
1250 3476 1866 3532 blanke, der Poesie entkleidete Verbrechen.
1304 3490 2091 3569 Ein Leutnant, der den Kameradennamen Gustl
246 3532 582 3617 6 S
1547 3556 1791 3614 Kanf
1849 3560 2087 3608 .
2494 854 2946 931 Erste Beilage.
2113 1021 2952 1091 und zwar in einem Augenblick der Betäubung. Später
2115 1091 2956 1150 ordnet er seine Gedanken und kommt zu dem Resultat:
2119 1132 2958 1182 Du bist ehrlos, denn Du durftest Dir so was nicht
2119 1180 2962 1225 gefallen lassen. Er ist namenlos traurig, daß er sein
2115 1220 2965 1268 schönes, weiberreiches Leutnantsleben so früh lassen
2126 1265 2961 1314 soll, und er jubelt auf, wie er den Gegenstand be¬
2121 1303 2956 1367 seitigt sieht, der auf ihm liegt wie ein Grabstein. Das
2112 1350 2961 1409 gerade ist Schnitzler ausgezeichnet gelungen. Das selbst¬
2112 1403 2964 1449 verständliche Unterordnen unter das harte Ehrengesetz,
2122 1442 2967 1505 die Weichmütigkeit, die Resignation, und dann das
2123 1483 2959 1533 helle Aufleuchten der Lebenssonne. Ueberhaupt ist
2112 1526 2959 1574 diese Novelle in ihrer Art außerordentlich. Schon in
2111 1570 2967 1622 der Technik. Das Ganze, in wenig Stunden Ge¬
2122 1608 2957 1662 schehene, wird nicht erzählt, sondern vo Gustl in
2129 1656 2960 1706 Gedanken, Gefühlen und Selbstgesprächeneniht. Es
2113 1696 2959 1749 ist ein einziger Monolog. Kein wirklich gesprochener,
2117 1744 2967 1804 sondern ein gedachter, empfundener und vom Dichter
2128 1785 2961 1843 wie ein Stenogramm notierter. Die einzelnen Stimmungen,
2112 1830 2957 1879 die im Konzertsaal, das Rencontre in der Garderobe,
2113 1872 2966 1926 dann die Nacht im Prater und der Morgen im Café
2125 1916 2957 1985 sind ausgezeichnet in ihrer echten wienerischen Boden¬
2119 1960 2297 2018 ständigkeit.
2172 1977 2968 2061 Doch nach dem Wert der Dichtung hat der Ehren¬
2124 2042 2959 2104 rat nicht gefragt. Er hat einfach den Dichter aus
2116 2090 2968 2149 der Armee ausgeschieden, ins „Civil“ gestoßen. Der
2128 2135 2969 2183 Ehrenrat der meist dem Civilstande angehörenden
2128 2180 2959 2242 Kritik — nicht der Manöver=Kritik — hat ihn schon
2129 2222 2567 2291 lange willkommen geheißen.
2572 2238 2928 2332 Norbert Falk,
2186 2323 2959 2413 Tilly Waldegg als Zwillingsschwester.
2123 2399 2956 2449 Man soll die Woche nicht vor dem Sonnabend loben!
2121 2441 2964 2488 Kaum hatten wir uns gefreut, daß Neumann=Hofer
2127 2485 2971 2542 in seinem Sommertheater in der Schumannstraße
2129 2525 2965 2579 allerlei des Berliner Ruhmes bedürftige Schau¬
2128 2569 2955 2628 spielerinnen ganz im Geheimen gastieren lasse und
2129 2609 2965 2667 der Kritik Ruhe gebe, so kam schon die Einladung,
2121 2658 2972 2712 sich ins Deutsche Theater gefälligst zu bemühen.
2120 2704 2966 2757 Fräulein Tilly Waldegg spiele die Giuditta in Fuldas
2128 2745 2966 2799 „Zwillingsschwester“. Nach der Sorma und der Groß.
2127 2789 2973 2839 Sowohl diese wie jene war nach Vorschrift der Rolle
2906 2833 2971 2884 Ich
2128 2840 2871 2892 graziös, schelmisch, kekett, gefühlvoll gewesen.
2130 2878 2780 2947 glaube, eine halbwegs begabte (m
2129 2910 2746 2978 kann die Rolle nicht umbring so
2917 2945 2968 3015 73,
2126 2944 2800 3033 auch Tilly Waldegg sehr nett #
2130 2981 2963 3067 sehr schelmisch, sehr kokett und sehr gefühl¬
2122 3052 2974 3107 voll. Da sie obendrein jünger und schöner ist
2127 3088 2928 3153 als die Sorma und die Groß, so sah ..
2846 3123 2886 3154 2
2131 3134 2788 3194 verschiedenen Situationen der artigen Pu#¬
2811 3139 2895 3201 10
2840 3181 2917 3231 8
2917 3178 2970 3232 de
2131 3181 2797 3247 ausgezeichnet aus und gefiel darum. Sie
2132 3210 2968 3273 Verslein sehr munter und niedlich. Da Fräulein
2131 3271 2972 3326 Waldegg ans „Neue Theater“ engagiert ist, so wollte
2135 3311 2975 3364 uns Neumann=Hofer wohl nur zeigen, was für eine
2129 3350 2971 3410 talentierte und brauchbare Schauspielerin er verliert.
2820 3395 2935 3457 N. F.
2122 3398 2372 3469 Stilles Beileid.
2183 3427 2969 3503 Die Uebersee=Bühne. Vor kurzem ist die
2128 3499 2969 3546 Nachricht aufgetaucht, daß ein New=Yorker Impresario
2123 3534 2981 3597 auf deutschen Ozeandampfern Schauspielvorstellungen
