3204 4096
181 -80 1220 42 pä hans nattbord. Tidningar och jour-1—. —
1874 -10 2528 50 Monsicur Vr
998 -15 1789 79 Iskulle ätervinna sina krafter. Marki¬
2570 -20 3216 94 en entine uite. 19 11 1
40 31 213 105 Farn en¬
216 17 1008 104 Inaler mäste vüljas med omsorg. Elba¬
1785 33 2571 99 Hindenburg och Ludendorff, han for
1007 53 1784 118 sen hade fätt veta, att en patient,
2573 55 3174 150 paradox, men jag höjer mig!
45 75 226 154 hämtar
1794 79 2564 151 visst illa vid fronten, bocherna voro in¬
211 82 1008 162 tiden trodde han sig ha upplevat, men
1011 95 1791 154 vars familj stätt Bonaparterna närn,
2601 81 3214 182 Sä myeket hade läkaren ald
1787 108 2587 217 te sä kürvänliga mot de allierade den
203 139 1002 219 [S:t Helena var för honom den onda
1001 150 1795 223 behövde en fristad och att hans ende
2554 167 3208 226 (den sjuke tala; skulle han lova
42 146 214 248 tid vn¬
201 183 1015 256 Idrömmen, i vilken han,ej ville se nägot
1795 194 1983 268 gängen.
1014 196 1797 265 tjänare, M. Pierre Goddard, skulle bo
2575 213 3216 283 att Pierre fick kläda sig i silk
1820 205 2586 288 Sä märkte inte den nägot, log Pierre.
225 236 988 309 verkligt. Det var myeket svärt att
991 240 1805 320 Tmed honom samt att endast hans bäda
2573 268 3155 336 por och strama knäbyxor —
30 242 223 339 onbor¬
1829 281 2576 341 Dr Robert ätervände till staden, men
235 285 992 361 bibliotekens källare finna sädana tid¬
1011 306 1805 375 läkare skulle besöka honom och nägon
2581 299 3191 393 vore att falla in i roller —
47 325 220 394 den ge¬
1784 318 2571 394 dr Gaston stannade hos den höge pa¬
227 336 1004 402 skrifter, där ej hans nederlag dryfta¬
1016 352 1458 419 gäng övernatta där.
2579 362 3212 430 skulle ju frän det lilla gam
58 378 221 454 vansin¬
1794 374 2583 442 tienten; nu skulle han börja de svärn
212 380 1015 460 Ides. Dr Gaston och gamle Jenn voro
1047 377 1790 465 Fruktträden stodo i sitt flor i den
2584 407 3217 489 slottet föras in i den nya tiden
1796 425 2570 498 läxorna med den sjuke, skulle det lye¬
205 433 1002 519 Touttröttliga härntinnan. De bokstavli¬
998 441 1800 531 bortre trädgärden, men framför slottet
2579 462 3215 542 gamla rum här pä slottet skulle
46 452 221 534 om Ma¬
234 486 921 562 gen snokade igenom hela staden.
1017 486 2576 554 voro de klippta buxbomshückarna, Ikas honom? Patienten skulle i den
2579 511 3206 575 gängsstationen frän Dätid til
54 520 229 589 g skulle
251 509 1011 609 Baden i det härliga vita karet med
1001 530 2583 608 sandgängarng och marmorfigurerna li-lbekanta omgivningen finna igen sitt
2619 561 3217 627 — Ja, Sire, vi äro alla, hi
1795 574 2585 649 eget '’jag'' men samtidigt flytta decen¬
222 578 997 654 Inickelkranar upptogo stora deiar an
1003 581 1809 684 jka strama, om man skrev juni, april
43 613 236 704 ej i sta¬
1790 608 3213 707 nium efter decennium in i ett nytt ti-läga, slavar under den humani
223 631 1015 705 Tkejsarens dag. Pä morgonen längtade
1024 639 1665 711 elier december 1814 eller 1934.
2588 659 3213 729 gienens lagar. 7i äro, praktis
1809 669 2583 742 devarv. Doktorn uppfattade det som
220 678 1020 748 han efter dem, sedan fick han dem
1053 686 1807 759 Man lyfte ut den sjuke ur vagnen
2585 711 3212 780 Tria frün pest, kolera, koppo
59 699 239 797 doktor,
1805 723 2571 796 en allegori med vaxljusen och de elek¬
221 732 1013 804 Toch ville själv vrida pä vattnet och Je¬
1012 718 1810 794 Toch han for med ögonen över parken
2590 752 3214 823 och difteri, därför att hög o
1792 771 2577 869 triska lamporna. Skulle han taga den¬
213 773 1010 841 ka med attiraljen samt läta sig ingni¬
1016 790 1764 876 och insön girigt den vörliga doften.
2572 802 3214 870 dem sett gemensamma fien
1801 817 2585 896 na kejsarens egen iakttagelse som ut¬
48 792 1023 901 det över das av smekande tvällödder, duschas
1114 828 1806 910 - Mina vünner, vilken dinée intog
2561 856 3214 927 alla kunnat enas om att bekär
53 862 244 928 tro det
1811 875 2512 960 güngspunkt för sin undervisning?
241 880 1021 946 och slutligen rakas med hyvel, och res¬
1033 883 1802 957 jag ej här för endast en kort tid sedan
2582 913 2952 985 hygienens vapen.
41 916 237 992 han läst
1911 927 2476 996 Var äro tjänarna, doktor?
242 931 1019 997 ten av dagen funderade han pä det
1028 937 1808 1008 hos markis de — —, och nu skall han
2682 921 3210 1033 I morgon, kejsare, skall
36 964 248 1051 som satt
1851 956 2600 1041 — Pierre skall betjäna eder som
247 968 1030 1049 upplevda. Aptiten var god, man tog
1028 984 1635 1063 taga emot mig som invalid!
2600 1007 3195 1070 monstrera för leder telefonen
42 1018 238 1085 rdsdagen
238 1031 1035 1095 reda pä hans favoriträtter, och M.
1054 1005 2596 1092 De bägge läkarna och Pierre byttevanligt, Sire, och annars stär min rin¬
2587 1053 3209 1128 talaren med träd — vi skola
38 1066 244 1141 n; skulle
244 1077 1018 1147 Noöl, kökschefen, lagade dem efter re¬
1019 1067 2585 1153 blickar, chauffören kunde intet ana, dälga person till eder tjänst. Den fru¬
2598 1099 3210 1175 vünnen Robert veta, hur ed
47 1117 247 1183 och den
239 1127 1028 1177 Tcept, som Jean kopierade ur gamla
2577 1151 3216 1221 natt härute varit — frän e
39 1162 243 1223 a fram?
237 1176 1037 1248 kokböcker. Man förmärkte hos honom
2578 1200 3208 1283 läppar, Sire. Nu säger jag g
52 1222 1033 1283 sköljde,inte minsta spär av intresse för poli¬
2619 1264 3197 1322 Kejsaren ville fräga nägot,
43 1236 1038 1352 ret. Skä-Itik, krig och människor, han haft om¬
2573 1285 3216 1389 för trött och sträckte blott ut
37 1307 255 1385 kan knôt
233 1318 1041 1389 kring sig. Endast nägon gäng kallade
2565 1334 3213 1413 mot doktorn till avsked. Ni
41 1360 246 1433 de in lin¬
247 1367 1040 1446 han pä Madame Mère. Men moderni¬
2579 1401 3215 1488 kom insmygande för att in
47 1409 243 1477 fönstret
249 1420 1043 1487 teterna, som funnos i hans närhet, vo¬
2577 1450 3213 1539 nattläger bakom en skärm i
43 1461 237 1527 len bedö¬
1742 1431 2321 1555 KISNA
239 1467 1047 1547 Tro en ständig källa till förundran och
1476 1448 1679 1541 O.
2589 1496 3217 1576 rum, sov denne redan som ett g
37 1513 237 1590 ä blom¬
231 1517 1051 1604 beundran. En liten bordslampa, som
2617 1548 3215 1624 Liljekonvaljer, violer och
238 1572 1041 1648 Istod inor räckhäll för honom, gran¬
2583 1587 3217 1664 hade blommat ut, fruktträ
43 1595 236 1683 dant sur¬
245 1630 1047 1701 Iskade han timvis, släckte och tände
2582 1649 3207 1722 satt frukt i mängd bland gren
252 1676 434 1753 ömsom.
2586 1701 3216 1790 sor, reseda och lathyrus sänd
53 1696 270 1786 Sire. A,
285 1700 1050 1781 Komforten i rummet, bäddens fjäd¬
1503 1696 2115 1807 ERSNG
1046 1712 1420 1819 DAI
2595 1747 3216 1821 samisk doft in genom fönstrer
44 1760 264 1830 patienten
264 1773 1046 1833 ring, fönsterglasens klara genomskin¬
2581 1799 3191 1870 sjuke. Han var nöjd med sin
41 1809 258 1879 ej vidare.
263 1819 1049 1887 lighet, ringledningen — förundrade,
2594 1840 3215 1919 uppassning, sin lektyr, och lä
38 1854 266 1927 e upp pä
259 1872 1062 1940 gladde och förbryllade honom. Tänkte
2590 1894 3215 1965 ro tillräckligt lärda, tillrße
1799 1880 2596 1989 gas, om du är skulptör, men jag kom¬
44 1907 260 1974 hela den
253 1917 1047 1997 han männe att allt detta kommit till
1051 1895 1601 1985 Fortsättning frän sidan
2584 1942 3217 2020 Isorgsfulla och förtroendeingiv
42 1957 253 2021 rande so¬
1806 1953 2202 2030 mer i alla fall?')
257 1962 1006 2030 under nägra korta sjukdomsveckor -
2614 1996 3213 2056 att han helt och hället, pä
35 2005 252 2077 tionsrum¬
1847 1998 2615 2086 Mathilde blev tyst. Men aldrig har
260 2015 1060 2074 eller förstod han —? Han ville gärna
2599 2038 3215 2106 onäd, skulle överlämna sig i d
35 2058 260 2125 trengjor¬
253 2067 1058 2153 se bilden av en bil och en motor. Ett
1051 2062 2607 2140 blev hon modell. Statist vid en liten, jag sett ögonen pä en kvinna uttrycka
2601 2100 3208 2165 Ider. Han ringde numera da
48 2106 250 2166 för dok¬
253 2117 1046 2185 (par illustrerade priskuranter anskaf¬
1854 2122 2613 2211 — eller dölja — sà mycken smärta. Dä
2615 2141 3216 2220 dr Robert. Att han kunde b
249 2117 1840 2242 fades och en leksaksbil. Bilen och bil- teater hade hon ocksä varit. Oeb vad
39 2157 253 2227 mdoft ut¬
1834 2172 2617 2236 hon stramat upp sig, fortsatte hon:
2609 2191 3209 2280 got annat nummer än Robert
259 2184 1827 2274 derna sysseisatte han sig med hela da- berättade hon oss inte om direktören!
1832 2224 2612 2310 Gregor ville absolut, att jan nästa dag
2620 2249 2852 2313 nom ej in.
37 2237 282 2321 ökt en hel
257 2227 1831 2354 gen, nästa dag började han studera [Jag skulle sikert sprungit min väg, om
1839 2275 2625 2358 skulle stanna kvar i ateljén. Han före¬
2637 2265 3196 2373 Han bokstavligen slukade
44 2295 273 2366 smula och
267 2301 1828 2381 explosionsmotorn. Det invecklade sy-Ijag inte varit päverkad av champagnen.
2618 2341 3188 2415 Iitteratur om uppfinningar.
1819 2341 2622 2425 slog mig till och med, att jag skulle
43 2353 265 2425 on parfym
256 2344 1830 2433 stemet i motorn gjorde honom trött, Hon förälskade sig i en medicine stude¬
1819 2390 2620 2458 gömma mig bakom draperiet, när hon
87 2402 265 2480 on älsk-
1061 2402 1828 2470 rande och hämtade honom ofta i likbo¬
256 2415 1065 2480 och för första gängen blev han retlig.
2642 2426 3209 2509 Ute i den lantliga omgivni
1831 2450 2628 2534 kom. Jag vet, att mänga kvinnor skulle
1060 2451 1843 2526 den — nej, det är omöjligt att upprepa,
252 2458 1058 2538 Den uppfinningsrike dr Gaston skaffa¬
2611 2489 3181 2574 det fort med tillfrisknandet.
1836 2496 2623 2573 gjort det. Men jag säger: antingen tror
277 2496 1065 2578 de honom dä en schematisk motor gjord
1059 2502 1839 2597 vad hon berättade oss. Hon väntade ett
2613 2513 3212 2598 menerade redan sedan flera
120 2556 1061 2636 zin vün, av papp. Snart förstod kejsaren och
1062 2551 2618 2636 barn och medicinaren övergav henne na- man eller tror man inte — och jag hade
2618 2579 3214 2650 trädgärden och parken, gjor
137 2604 1052 2683 ne togvar nöjd. En stund dä och dä orkade
1048 2605 2626 2687 turligtvis. Hon försökte beröva sig li-[beslutat mig för att tro. Ear jeg inte
2623 2637 3213 2715 ter i bil, andvikande ännu
272 2658 905 2735 han spela schack med Pierre.
1063 2658 2622 2741 vet. Och hon skümtade över det. Jag rütt?“ Hon säg pä mig med stora, frä¬
2624 2680 3214 2758 staden med slottet, iaktte
136 2677 291 2764 är min
323 2697 1069 2781 — Men, gosse, kan jag dà aldrig fä
1060 2716 2621 2790 kan ännu höra hennes röst. — Hon blot-gande ögon. Jag nickade endast, och
2621 2732 3214 2812 med kikare, säg motorbätstä
131 2750 270 2824 dagen,
265 2758 1068 2831 Islippa se dig i den där vita rocken,
1046 2782 2616 2864 Itade plötsligt sitt vänstra bröst och vi-Thon fortsatte: 'Madeleine kom naturligt¬
2623 2780 3213 2848 Kloden, besökte kvarnar och
276 2802 905 2892 har du ej ditt livré med dig?
2648 2836 3206 2919 Kejsaren fann sig till rätt
1059 2821 2635 2895 Isade ett litet ärr. När vi alla ytterstvis päföljande dag och mänga andra sä
129 2839 287 2913 ar jag
310 2860 643 2929 — Nej, Sire!
2620 2883 3182 2949 ma, moderna sportkläder,
102 2900 292 2957 en man
330 2886 2625 2965 — Varför gä även läkarna klädda allvarliga betraktade detta ärr, sä ropa-som mänga andra, före och efter henne
2632 2930 3216 2992 maskering räckte oj. Han va
1845 2939 2622 3001 har kommit — men ni mäste tro mig,
41 2946 288 3009 hmal gvulst,
289 2942 1851 3020 sä högst besynnerligt, jag skulle vilja de hon plötsligt till min man: Kyss
2621 2987 3208 3042 för sitt inkognito, Pty“', som
25 2997 286 3060 ade av som
1073 2989 2623 3068 det'. Jag har ju redan sagt er, att hon var den vackraste. Ni har, själv i
287 2995 1066 3073 se er alla i hovets vackra frackmodell
2621 3028 3217 3102 'det skulle trötta ut mig att
23 3037 290 3110 ov, dä jag
1848 3059 2629 3123 dag stätt beundrande framför henne,
279 3049 1071 3133 med de strama pantalongerna och
1062 3065 1845 3136 Gregor inte brydde sig om henne. Han
2617 3074 3216 3159 Jag är för alla dessa männis
29 3089 276 3158 nnen repar
1845 3105 2274 3182 därute vid dammen“.
281 3106 619 3181 kragstövletter!
1046 3096 1847 3198 hörde inte ens pä, när hon berättade om
2615 3130 3216 3207 icke förty blev han igenkänd
15 3143 288 3210 nd, vad för
373 3125 1074 3238 — Sire, det hör till hygienen med de
1878 3158 2210 3245 Danserskan?“
1057 3172 1857 3240 Isitt liv — han tittade ut i danssalen,
2630 3178 3214 3248 han visade sig. Man kall
29 3194 287 3255 tog dem ur
296 3210 625 3283 vita rockarna!
1069 3214 1853 3301 rökte cigarretter, och nu, när hon ropa¬
1890 3198 2628 3308 „Ja, Madeleine har stätt modell till
2628 3222 3215 3296 överallt rätt och slätt ’Nay
22 3242 292 3307 södern, de
361 3231 794 3325 — Det fattar jag ej!
2654 3268 3215 3345 Pierre berättade für folke
1847 3272 2636 3355 dem. Och tänk nu, om jag hade varit
32 3294 266 3358 ingsmedel.
328 3267 1851 3366 Följande dag hade Pfyramannarà-de detta ät henom, log han knappast.
2634 3319 3213 3407 att Napoleon den store haf
1074 3331 1845 3400 Men jag knuffade till honom, knep ho¬
1841 3327 2638 3400 svartsjuk i ett sädant ögonblick. Skulle
30 3341 283 3412 incett nägra
284 3349 1079 3429 det'' beslutat att läta kejsaren läsa
2636 3369 3198 3446 tim bror, mycket yngre än
1079 3382 1777 3450 nom, jag var zu inte fullt nykter -
40 3391 278 3454 pä en glas¬
1844 3380 2631 3477 Jjag dä inte gjort livet outhärdligt bäde
294 3397 1075 3478 en biografi över Pasteur, man hade sä
2636 3428 3186 3496 och denne broders sonson
30 3438 285 3504 i ögat och
1084 3436 1856 3507 varje fall befann jag mig i en besynnerlig
1859 3435 2630 3527 för honom och mig? Jag är tacksam att
290 3446 1074 3520 smäningom vägat föra honom fram
2633 3471 3214 3539 kommen frän Korsika fön
27 3484 289 3567 näsvingarna
1071 3486 1846 3581 stämning. Och om han nu ville eller inte,
1851 3491 2549 3589 jag inte har anlag för svartsjuka.“
276 3501 1069 3587 nägra ärtionden i litteraturen, undvi¬
2630 3524 3214 3586 Bonap#te trogne markisens
1074 3555 1857 3637 sä var han tvungen — d. v. s. han lätsa¬
286 3554 1073 3619 kande böcker om krig och politik. Han
1871 3554 2631 3629 En herre stod i den öppna dörren. Han
2630 3577 3191 3645 vinna halsan efter en svär
282 3594 1076 3676 läste forcerat cm den store forskarens
1068 3596 1851 3684 de som om han berörde stället med sina
1852 3605 2640 3688 hade synbarligen päbörjat ett lustigt tal
2666 3627 3216 3698 Dr Robert och dr Gasto
285 3642 1071 3737 gürning; sedan han läst bokens sista
1080 3659 1849 3733 läppar. Sà steg stämningen allt högre.
1856 3666 2639 3739 för vürden, ty alla skrattade hjärtligt.
2644 3666 3208 3746 att dessa evinnerliga histo
27 3665 243 3758 plockats?
297 3705 899 3775 sida kallade han pä Pierre:
2641 3719 3192 3786 gen ej skulle vinna tilltro,
1860 3719 2635 3800 Men jag säg pä Mathilde, som lika litet
392 3708 1850 3821 - Nu, min gosse, förstär jag den vi-Tag har aldrig skrattat sä mycket som
28 3725 315 3812 nför Afrikas
1077 3767 1854 3850 den kvällen — och inte vetat varför.
2646 3772 3213 3844 vara pä sin vakt, men just
1853 3767 2633 3841 som jag hörde pä honom. Och jag säg,
17 3785 298 3867 nförresten,
287 3796 1085 3877 ta rocken, baden, tandborsten och allt
2645 3818 3192 3889 underverket nummer tvä
1088 3815 1846 3886 Aldrig skulle jag trott det vura möjligt
1851 3824 2640 3909 hur hon tittade bort pä sin man och gav
306 3849 1085 3912 det andra! — Han läg tyst en stund,
2642 3873 3201 3930 samtidigt som kejsaren an
1087 3872 1853 3958 att en kvinna — och till och med en sä¬
27 3855 292 3949 r och romare
1857 3881 2640 3969 honom en blick, vilken inte bara fi.räd¬
300 3896 1089 3976 sä utropade han: — Pierre, vet du om
2648 3924 3213 3979 1 den nya tiden, försvann s
12 3933 299 4003 tha vite, för
302 3928 1852 4017 den där sprakfülen — min f. d. fält-Idan — skulle under en timmes tid kun¬
1846 3941 2632 4030 de en ändlös kärlek utan som ocksä hyck¬
2648 3968 3193 4037 om minnet av hans forna
16 3982 296 4050 kulle jag sü¬
507 3982 1868 4049 Bernadotte har tvingat sin Ina förälska sig sä vansinnigt i en man
1843 3986 2646 4055 Iade ett orubbligt förtroende, som om det
283 4007 441 4073 Inerre
2784 4017 3190 4065 inännn Pkejsaren', 1
