3296 4320
913 170 1083 232 Lan
1305 148 1736 251 box 29/1
189 166 1166 272 24. Das weite Land
100 1476 3209 1546 Ein Freund Hofreiters hat sich nämlich erschossen, und Seine Rache besteht nur in hämischen Verleumdungen des süllte Frau Santen als Frau Genia die weitgebendsten
2116 1509 3210 1571 Wünsche. Herr Elfeld bemühte sich erfolgreich, ein,
1076 1513 1993 1587 jeweiligen Geliebten seiner angebeteten Ehegattin.
97 1525 1099 1583 „vorurteilsfreie“ Chemann hält den Selbstmord für
2126 1533 3201 1599 würdiger, ernster Vertreter der offenbar als antiquiert an¬
1141 1567 2143 1615 Eine dritte Svezies des Ehebruchs hören wir aus der
90 1558 1088 1628 kausalen Zusammenhange mit dem Verhältuis des
1083 1599 3206 1649 Schilderung des Hoteldirektors Dr. von Aigner. Er hatzusehenden Moral zu sein. Herrn Bauer glaubte man
83 1604 1090 1658 lbstmörders zu seiner (Hofreiters) Frau stehend. Als
2127 1624 3202 1669 seine Unwiderstehlichkeit, die er als Direktor Dr. v. Aigner
1079 1631 2139 1689 seine Frau ebenso heiß geliebt, wie sie ihn, und als er sie
95 1645 1090 1695 ihm nun an der Hand des Abschiedsbriefes des Ver¬
2129 1655 3204 1702 auf alle weiblichen Wesen ausüben soll. Auch Herr Skoda
104 1683 2135 1737 enen nachweist, daß sie nie die Geliebte des Er=gewissermaßen „naturgemäß“ betrog, war es aus, völlig
2115 1691 3202 1744 gab sich redliche Mühe mit dem Marine=Fähnrich Otto.
80 1708 2053 1766 ssenen war, und daß gerade in dieser Versagung aus zwischen den beiden, eben weil sie sich so liebten.
2126 1723 3201 1770 Die kleine Rolle des Bankiers Natter war bei Herrn
1135 1744 2126 1803 Dann ist von wesentlichen Charakteren da noch außer
89 1752 1087 1810 Grund des Selbstmordes lag, da fühlt er sich seiner
2128 1762 3195 1801 Schmidt in guten Händen. Dagegen war es fraglos ein
1073 1776 2133 1840 einem moralfesten Dr. Maner (der in dem Mileu schon
86 1788 773 1848 au entfremdeter denn je, und zwar —
746 1785 1096 1845 — weil er nicht
2136 1789 3196 1842 Besetzungsfehler, die zwanzigjährige Erna dem Frl. Lind
2136 1823 3211 1877 zu übertragen. Sie hat zwar keineswegs versagt, und hat
1090 1818 2135 1870 lediglich seiner Moral wegen fast trottelhaft wirkt) noch eine
79 1816 1093 1877 reifen kann, daß sie „einer solchen Kleinigkeit“ wegen
2128 1858 3211 1922 aus der Rolle gemacht, was sie daraus machen konnte, aber
75 1862 1092 1920 en so tüchtigen Menschen habe in den Tod schicken
1075 1870 2139 1916 Zwanzigjährige, die Erna Wahl, deren falsch geleitet¬
2135 1899 3033 1940 ein Besetzungsfehler bleibt's doch. Frl. Jauck we
74 1907 1092 1949 nen! Diese Auffassung wäre ja nun freilich sehr
1079 1897 2139 1947 Sinnlichkeit sie in Hofreiter den Idealtyn des Mannes er¬
2125 1929 3028 1977 hätte gerabe für diese Rolle ganz andere Qualitä
70 1933 1096 1988 mpliziert“, wenn sie wirklich der wahre Grund seiner
1080 1926 2136 1987 blicken läßt, so daß sie diesem wurmstichigen, posierenden
2130 1949 3025 2028 zufeben gehabt. Schlieftlich sei dem nichts verdi
72 1968 1082 2026 eisellos durch den Selbstmord eingetretenen größeren
1086 1969 1949 2040 Schwächling dem tüchtigen Dr. Mauer vorzieht.
2135 1989 3026 2051 Frl. Salta noch ein Lob für ihre verständige Fra
83 2001 1093 2057 tfremdung wäre. Der gute Lebemann macht sich und
1153 2003 2140 2062 Bei der Neigung Schnitzlers, sich in Details zu ver¬
2138 2026 3033 2077 hold Aigner gespendet. In den kleineren Rollen
81 2038 1080 2092 ner Frau aber nur etwas vor. Im Grunde ist es
1083 2049 2139 2103 lieren, gibts natürlich noch eine Menge mehr oder weniger
2134 2066 3047 2116 beschäftigt Frl. Eckert und Frl. Kernic die
72 2077 1094 2131 ließlich nur die für ihn beschämende Erkenntnis, daß
1075 2091 2131 2134 belangloser Evisodenfiguren, die mit dem Kernpunkt des
2143 2109 3195 2164 Ilt, Halvern Glasemann, Koch und Lion, die
76 2106 1082 2169 ne Frau auf einem ganz anderen, ihm unerreichbaren
1088 2121 2148 2178 Stückes nicht das geringste zu tun haben, und die bei der
2138 2131 2967 2204 sich mit einem Kollektivlob begnügen mögen.
78 2145 1091 2211 bralischen Niveau steht. Frau Genia mit ihren bürger¬
1081 2152 2145 2218 Breslauer Aufführung zum Teil wohltätigen Regiestrichen
2944 2159 3209 2233 E. Scupin.
81 2190 1090 2245 en Moralbegriffen wird nach der Erklärnug ihres
1074 2190 2142 2254 zum Opfer fielen. (Auch ein rauhbeiniger Hotelgast Bres¬
76 2220 1086 2273 Begatten naturgemäß an sich und der Welt irre, sie läßt
1084 2230 2151 2303 lauer Provenienz, der in der Buchausgabe vorkommt, ist
2199 2243 3201 2316 In den anderen „Premieren“=Städten hat Schnitzlers
93 2259 1088 2309 htrotz aller hoffnungslosen Liebe zu Hofreiter in ein
1080 2274 1806 2343 hier mit Recht ausgeschaltet worden.)
2139 2282 3214 2335 Tragikomödie etwa den gleichen Erfolg gehabt, wie in
77 2290 1087 2360 imes Verhältnts mit einem jungen, unbedeutenden
1153 2301 2132 2359 Alles in allem: Schnitler hat im weiten Land (der
87 2343 1081 2391 arine=Fähnrich ein, den der „vorurteilsfreie“ Ehemann
1080 2324 3204 2406 Titel stammt von dem Stiefen“ Ausspruch Dr. v. Aigners: Breslau, so wird aus Berlin geschrieben: „Artbur
2135 2359 3203 2412 Schnitzlers Tragikomödie „Das weite Land“ wurde im
78 2372 1092 2422 raufhin kaltblütig über den Hausen schießt. Der kom¬
1094 2377 2149 2435 Die Seele ist ein weites Land“) gezeigt, daß ihm der Zug
2143 2399 3207 2449 Lessing=Theater aufgeführt. Unbestrittenen Erfolg hatte
76 2403 1094 2460 zierte Herr Hofreiter ist also im Grunde weiter nichts.
1094 2413 2153 2475 für das große Drama fehlt. So packend seine Einakter
2146 2420 3217 2486 der dritte Akt, in dem namentlich die hübschen Lustsviel¬
81 2433 1098 2498 ein haltloser, posierender Instinktmensch, der zynischste
1082 2451 2145 2513 stets waren, so wenig ist es ihm bisher gelungen, in län¬
2136 2472 3211 2527 szenen gefielen. Nach den anderen Akten klang der Beifall
85 2483 1095 2533 frutalität für imponierende Größe hält. Nicht mal die
1084 2488 2140 2536 geren Bühnenarbeiten pausenlos zu fesseln, wofür der
2138 2504 3213 2558 nicht sehr stark. Vom vierten Akt an gab es auch Wider¬
79 2519 1085 2574 Ptung des jungen Geliebten seiner Frau ist bei ihm aus
1087 2522 2143 2576 keineswegs entbusiastische Beifall, den die Première hier
2306 2540 3220 2590 — Aus München verlautet: „Im Königlichen
2137 2548 2327 2601 spruch.“
73 2556 1094 2610 iem wertbaren „besseren“ Gefühl heraus erfolgt, (etwa
1091 2549 2158 2611 fand, immerhin als Gradmesser mit angeführt sein mag.
2139 2589 3214 2637 Residenztheater fand heute Schnitzlers Tragikomödie „Das
68 2582 1094 2652 s Eisersucht), im Grunde glaubt er das Duell lediglich
1082 2595 2161 2652 Probleme stellt oder löst die fünsaktige Tragikomödie
2145 2614 3216 2670 weite Land“ eine namentlich vom dritten Akt an sehr
1089 2628 2137 2679 keineswegs, sie gibt lediglich eine Milieuschilderung ge¬
73 2622 1091 2683 iner durch Konvention bestimmten Pose schuldig zu sein:
2851 2646 3220 2711 In Hamburg
2140 2661 2874 2710 lebhafte und freundliche Aufnahme.“ —
1084 2663 2147 2714 wisser Lebekreise, die Schninler durch seinen Dr. Maner
84 2660 1101 2719 will dem jungen Meuschen eigentlich gar nichts tun.
2145 2691 3212 2755 wird geurteilt: „Der Erfolg von Schnitzlers Tragikomöbie
1078 2694 2149 2750 ganz richtig mit folgenden Worten charakterisieren läßt:
75 2695 1096 2758 derst als er auf dem Kampsolatz im Auge des Jungen
1091 2723 2139 2799 rIch versichere Ste. Gonia, nicht das geringste hätt ich ein¬
2139 2709 3210 2784 „Das weite Land“ im Deutschen Schauspielhaus, inszeniert
75 2740 1100 2790 ht, daß es dem verflucht ernst ist, schießt er ihn kalt¬
1080 2766 2147 2829 zuwenden gegen eine Welt, in der die Liebe wirklich nichts
2136 2755 3215 2819 von Dr. Hagemann, war bereits nach dem zweiten Akt
73 2775 1102 2833 ütig tot, — um das eigene Leben zu retten. Daß Hof¬
1095 2795 2109 2854 anderes wäre als ein köstliches Spiel . . . Aber dann.
2143 2798 3218 2850 entschieden, obwohl die leichtere wienerische Lebensauf¬
83 2819 1101 2863 fiter es fertig bringt, unmittelbar nach dem Duell in
1085 2817 1903 2899 dann ehrlich, bitte! Ehrlich bis zur Orgie
1933 2828 3208 2912 Das ließ fassung das schwerblütige Hamburger Publikum teilweise
75 2848 1093 2901 leichgültig=liebenswürdigem Tone mit der nichtsahnenden
1091 2857 2151 2913 ich gelten. Aber dies Ineinander von Zurückhaltung und
3074 2862 3216 2927 Aus
2133 2880 3009 2926 befremdete. Besonders packte der vierte Akt.“
77 2887 1098 2943 utter seines Kontrahenten zu konversieren wirkt einfach
1094 2892 2146 2960 Frechheit, von feiger Eifersucht und erlogenem Gleichmut,
2144 2906 3208 2962 Hannover wird berichtet: „In der Schauburg zu
86 2911 1089 2984 felhaft abstoßend und kennzeichnet den „Kamplizierten“
1131 2934 2149 2990 von rasender Leidenschaft und leerer Lust, wie ich es
2134 2939 3221 3004 Hannover fand unter ungeteiltem großen Beifall, bei
88 2963 595 3020 s brutalsten Amoralisten.
1067 2972 2089 3037 hier sebe — das finde ich trübselig und — grauenhaft.
2143 2980 3207 3035 vorzüglicher Darstellung die erste Aufführung von Arthur
1108 2994 2141 3059 Die. Lroget die sich bier brüstet, der fehlt es am Glauben
2851 3013 3205 3078 In Wien hatte
2147 3026 2873 3082 Schnitzlers „Das weite Land“ statt. —
105 3029 2147 3093 Eine andere Form der Ehebruchs=Auffassung vertritt an sich selbst. Darum gelingt ihr die heitere Miene nicht,
2147 3050 3211 3110 die Uraufführung, der Arthur Schnitzler versönlich bei¬
90 3063 2144 3138 i Schnitzler der Bankier Natter. Er weiß wohl von den die sie so gern annehmen möchte ..., darum grinst sie ...
2126 3090 3205 3157 wohnte, einen guten Erfolg. — Auch in Prag ist dem
81 3110 1091 3159 benteuern seiner Frau, duldet sie aber schweigend, weil
1090 3108 1463 3172 wo sie lachen will.“
2141 3141 3216 3199 weiten Land eine recht freundliche Aufnahme bereitet
1152 3128 2143 3190 Die Hauptrolle des Friedrich Hofreiter wurde von
91 3145 1101 3199 „rettungslos verliebt“ in seine Frau ist und trotz allen
96 3176 2346 3245 emübungen „innerlich nicht von ihr loskommen kann“. Herrn Strobl aans vortrefflich verkörvert. ebenso er= worden.
