3248 4384
144 164 1120 281 24. Das eiteLand
274 1031 1327 1159 Ausscnnitt gns: Tegritrres Wiener Prheree
541 1085 787 1174 GU0N 1915
283 1124 458 1185 vom:
474 1240 1169 1394 Theaterzeitung.
425 1366 1328 1441 Burgtheater. In Artur Schu##lers Tragi¬
300 1387 1320 1489 komödie „Das weite Land“ waren gestern sechs
301 1461 1318 1522 Rollen neu besetzt, darunter die wichtige, die Haupt¬
298 1482 1309 1566 rolle des Fabrikanten Friedrich Hofreiter. Nach Arnold
295 1517 1316 1614 Korff nun Harry Walden. Dieselbe Melodie von
302 1570 1321 1639 einem ganz anderen Instrument gehlasen. Walden ist
303 1598 1314 1688 Flöte, „picksüßes Hölzel“ — Korff war Oboe. Der
300 1640 1305 1709 Vorgänger liebte es energisch und scharf zu
301 1678 538 1723 konturieren
757 1689 964 1754 Walden
1152 1688 1329 1754 Umriß
303 1712 447 1756 ohne
450 1681 795 1769 Kanten, Ecen
835 1731 950 1782 und
991 1696 1160 1781 Ghärten
1185 1743 1309 1787 fanft
296 1752 1329 1839 onduliert und er verfließt ost in den Ton des
318 1825 1259 1907 Hintergrundes. Walden ist gewiß ein guter,
314 1864 1333 1939 sicherer, gewiegter und gewandter Schauspieler. Aber er
315 1908 1324 1990 weiß es, er fühlt es, er läßt es uns auch gerne mit¬
319 1943 1326 2033 fühlen. Er hat Charme, ist sich seines Charmes bewußt.
306 1975 1326 2068 Walden wird nie eine Rolle verderben. Wohl aber
312 2023 1315 2115 wird die Rolle, wenn sie ihm nicht sehr entgegen¬
297 2055 1312 2144 kommt, ihn verderben. Der Hofreiter kommt ihm auf
302 2088 1310 2175 halbem Weg entgegen. Deshalb holt er ihn auch ein.
304 2132 1309 2222 Waldens Hofreiter ist ein verwöhnter. verzärtelter
300 2175 1316 2269 Frauenliebling, — Korff war Frauenbezwinger, Frauen¬
297 2214 1316 2290 beherrscher, ein Solneß der Liebe der nicht abdanken,
290 2251 1307 2330 der nachstürmendet= Liebesjugend durchaus nicht Raum
298 2285 1304 2375 geben wollte. Wo Korff trotzte, dort schmollt Walden.
292 2322 1310 2414 Aber er schmollt so reizend, so liebenswürdig, sogar
294 2372 1302 2457 geistreich, man kann ihm unmöglich etwas nach¬
283 2405 1310 2489 tragen. Er macht alles so charmant, so soigniert,
282 2435 1307 2535 es muß sogar ein Vergnügen sein, sich gelegent¬
277 2479 1285 2555 lich von ihm ein bischen totschießen zu lassen. —
273 2512 710 2574 Herr Marr spielte
706 2543 1305 2607 — nach Paulsen — den Arzt
287 2556 1295 2642 Dr. Fkanz Mauer in seiner redlichen knorrigen
278 2590 1289 2684 Art, einfach, mitten aus der deutschen Anständigkeit der
280 2627 1288 2730 eigenen Natur heraus. — Fräulein Mayer war als
280 2665 1287 2761 Anna Meinhold=Aigner Frau Bleibtreus Nachfolgerin.
271 2703 881 2772 Ein schwerer Stand. Es war
942 2737 1294 2796 so ziemlich alles
269 2727 1280 2835 beisammen; bloß fehlten: das tiefinnerliche mütterliche
273 2780 1287 2874 Gefühl, die letzte geistige Ueberlehenheit, die Logik
268 2819 1282 2901 des Herzens und mehrere ähnliche gute Dinge. —
256 2859 1293 2944 Fräulein Mayen ist künstlerisch noch nicht ganz
265 2890 1286 2977 bereit reif und fertig für die Erna, bot aber doch
256 2923 1103 3022 manch liebreizenden Ton und innig
253 2966 576 3031 zarten Blick,
1097 2973 1282 3029 holden,
572 2985 720 3029 der
742 2991 894 3042 echtes
891 3000 1276 3063 Talent verriet
252 3014 1105 3084 und in eine nahe schöne Zukunft deutete.
1144 3050 1273 3100 Herr
253 3044 1278 3130 Romberg entdeckte als Dichter Rhon seinen trockenen
246 3077 1278 3178 Humor und spielte die Affektation des eitten Literatur¬
254 3128 1270 3212 gigerls mit eleganter Natürlichkeit. — Fräulein Schopf
247 3156 1268 3253 fand als seine Gattin nur Gelegenheit, durch ihr pikantes
243 3194 1265 3281 Profil und ihre brennrote Perücke auschfallen. Die
250 3238 1261 3322 ganze Vorstellung behagte dem zahlreich erschienenen
239 3282 1279 3355 Publikum sehr. Aber den stärksten Erfolg hatte doch
246 3319 1262 3413 — Korff. Im Burgtheater haben seit jeher die Ab¬
237 3341 1216 3458 wesenden, die Ab= und Ausgeschiedenen Recht. .
1265 168 1712 267 box 29/3
2197 272 2659 353 yprlignangabe Ointe Gekrum.,
2181 326 3026 420 Wiener Allgemeine Zeitung, Wien
1869 345 2305 427 Ausschnitt aus:
1862 430 2329 508 vom: 1/000.1915
1862 566 2996 670 Theater, Kunst und Titeratur.
2652 646 3011 725 Wien, 17. Juni.
2219 708 2646 810 Burgtheater.
1938 800 3066 858 Vielfache Neubesetzungen brachten uns Dienstag
1820 815 3090 936 die langgewünschte Wiedereinfügung des Schnitzserscen.—
1832 893 3063 941 Schauspiels „Das weite Land“. Es ist gut in deser Zeit,
1832 937 3065 999 da das Menschenleben so sehr im Preis gesunken ist, daß
1830 983 3053 1071 die einfachsten Richtlinien des primitiven Kampfes ums
1830 1038 3049 1102 Dasein der Welt ihr einstiges Barbarenantlitz wieder¬
1832 1079 3053 1158 gegeben haben, im Theater der Ehrfurcht zu begegnen, welche
1826 1133 3054 1204 Artur Schnitzlers Glaubensbekenntnis ist: der Ehrfurcht
1832 1178 3044 1248 vor dem Leben. Vor dem herrlichsten Besitz des Menschen:
1822 1222 3050 1300 der Bewußtheit seines Daseins. Daraus quellen diese
1834 1270 3046 1325 Probleme der Seele, quellen diese ungestümen, herrischen,
1830 1326 3052 1386 tragischen Forderungen, die der Dichter aus Tiefen holt.
1816 1354 3119 1434 Die Liebe und die Achtung vor dem Sein und vor dem*
1992 1425 2079 1459 —
1855 1497 3088 1555 Recht des Menschen, aus der Sekunde, die die Ewigkeit
1860 1541 3094 1605 ihm schenkt, das höchste Maß des Erlebens zu pressen, das
1853 1589 3085 1660 sind die Führer, die den Dichter durch das weite Land der
1859 1646 3086 1699 Seele geleiten. In sich versenkte Menschen, Menschen, die
1860 1685 3086 1759 sich michtig sind, Menschen, die irren, weil sie Glück im
1867 1736 3080 1791 Irrtum suchen, weil sie leiden wollen, um sich leben zu
1856 1774 3097 1860 fühlen, und Menschen, die Zeit haben und Aufrichtigkeit
1857 1816 3097 1894 genug, ihr Seelen= und Sinnenabenteuer in die vorderste
1853 1881 3116 1934 Linie aller Lebensinteressen zu rücken, sie bilden einest
1850 1929 3094 1988 Welt, die unbesigbar bleiben wird als des Dichters
1846 1958 3084 2018 ewiger Besitz. Vor, während, nach dem Krieg. So wie jetzt
1849 2022 3082 2086 unmittelbar hinter den Schützengräben jedes Stücktger
1853 2072 3078 2129 Erde zur Ernte bereitet wurde, weil man den Frieden
2575 2108 3089 2192 gibt es auch geistige
1853 2111 2571 2186 des Ackers nicht missen kann, so
1857 2167 3082 2227 Reservate, die schützen und aufdauen. Vielleicht war es die
1858 2220 3102 2281 Sehnsucht nach entspannenden unblutigen Kämpfen von
1853 2277 3096 2325 Scele zu Seele, die es vermochten, an einem Juni=Abend
1855 2311 3101 2369 im übervollen Haus ein warm teilnehmendes Publikum
1857 2361 2169 2445 zu sammeln.
1967 2387 3087 2469 Herr Harry Walden schien für die Figur des Hof¬
1842 2454 3082 2521 reiter vorbestimmt zu sein. Er weiß sonst die schwankenden,
1844 2507 3094 2575 verschlossenen, verführerisch kühlen und verräterisch heißen
1847 2552 3081 2603 Männlichkeiten wohl zu gestalten. Und doch schien er mir
1848 2595 3093 2661 diesmal nicht das Wesentliche zu verkörpern. Indem
1846 2651 2250 2708 er einen Mann
2389 2649 3083 2720 den kritischen Jahren des
1839 2676 3086 2758 herannahenden Alterns zeichnete, der, bereits als
1841 2740 2419 2809 ein Erliegender, mehr
2446 2734 3090 2807 mit Gier um Genuß
1837 2793 3078 2864 kämpft als mit noch leidenschaftlichem Verlangen,
1840 2835 3075 2903 brachte er den Hofreiter um sein Bestes, um die verschwen¬
1849 2891 3080 2951 derische Laune einer über das Maß des Alltagslebens
1838 2939 3079 3002 langenden Phantasic. Wenn dieser Mann nicht aus Ueber¬
1847 2979 3076 3050 fülle verarmt, sondern als ein bereits sich vermindert
1837 3035 3079 3093 Fühlender, nach Abenteuern lechzt, dann ist er nichts anderes
1839 3083 3070 3131 als ein brüchig gewordener Lebemann. Hofreiter aber darf
1848 3116 3078 3179 nur als eben von der Melancholie einer noch in vollster
1849 3174 3073 3244 Sonne stehenden Natur gestreift erscheinen, der von Ferne
1846 3225 3068 3281 erst die Abendschatten sieht. Er muß noch trotz aller Seelen¬
1853 3272 3072 3338 subtilität, die ihn beschwert, brutalen Energien erliegen.
1842 3321 3077 3388 Das eben ist die Moral dieses „Weiten Land“=Bewohners.
1846 3370 3073 3422 Diese Lebendigkeit, dieses wirre Blühen aller Triebe, der
1845 3412 2396 3485 gütigen und der giftigen.
1958 3469 3083 3525 Fräulein Mayen war die Erna. Vielmehr, sie war!
1844 3509 3067 3567 nicht die Erna. Dieses geradlinige, wahre, impulsive, aktive,
1837 3563 3075 3631 furchtlose Geschöpf, die es als Lebensberuf betrachtet,
1841 3618 3088 3672 unkonventionell zu sein. Die Manier, welche Fräulein
1842 3657 3070 3721 Mayen Natur ersetzt, das verzierlichte, versüßlichte Zögern
1845 3708 3079 3776 und Staunen, mit der sie scheu und wissend zugleich die
1843 3747 3084 3808 Welt anblinzelt, mag gelten als modernere Ablösung von
1844 3800 3078 3867 jenem Stil der Naiven, die mit fliegenden Zöpfen hüpfende
1841 3851 3075 3911 und girrende Jugend neckisch spendeten. Erna aber ist
1846 3900 3076 3943 modern in anderem, besserem Sinn. Gerade ihre innnere¬
1845 3939 3065 4012 Vielart verlangt äußere Einsachheit, verlangt als Dar¬
1847 3992 3076 4044 stellungsstil Vereinfachung. Diese Forderung, welche über¬
1843 4039 3070 4100 haupt „Das weite Land“ an die Schauspieler stellt, erfühlten
1843 4092 3073 4144 und erfüllten ganz Fräulein Maria Mayer und Herr
1840 4131 3102 4217 Marr, die die Rollen der Frau Meinhold und des Doktor.
1831 4188 3079 4245 Mauer zum erstenmal spielten. Vielmehr, was das
