3392 4320
270 225 1854 342 24. Das veite Land box 28/4
2084 180 3160 262 Deren.     ee
2061 245 3167 291 Genf, Kopenhagen, London, Madrid, Mailand, Minneapolis,
2055 277 3171 340 New-Vork, Paris, Rom, San Francisco, Stockholm, St. Peters¬
2465 319 2773 376 burg, Toronto.
2303 361 2926 438 (Quellenangabe ohne. Gewähr).
2061 411 2456 495 Ausschnitt aus:
2318 447 3027 571 „Ueber Land u. Hoer, Stuttgart
2071 530 2418 621 Vomaf 10
2427 648 2800 755 Theater
2120 617 2432 790 □
2812 709 3133 808 —
2179 794 3135 858 Wenin alle diese Siege, die wir in den letzten
2105 823 3119 897 WWochen auf den Brettern, die die Welt bedeuten,
2115 882 3135 936 bestätigend, staunend, kopfschüttelnd erlebten, auch
2125 925 3126 990 wirklich für die Literatur etwas bedeuteten, für die
2123 969 3134 1045 nächste Generation bliebe zu tun kaum mehr viel
2119 1010 2418 1067 übrig. Aber -
2173 1042 3141 1119 Wenn wirklich alle Bekehrung zu neuen Stilen
2128 1084 3135 1161 chon einen Fortschritt im Können, eine Chance im
2115 1143 3120 1198 Überwinden bedeutete, wir lebten in der dramatisch
2117 1180 3136 1250 fruchtbarsten Zeit, da Arno Holz, der Vater des
2112 1237 3135 1297 Naturalismus, dem handfesten Schwank zustrebt,
2119 1277 3126 1339 Schitzler das (Wiener) Gesellschaftsstück großen
2115 1304 3134 1383 Stils bänen möchte, Sudermann, das Land der
2113 1361 3137 1420 Griechen mit der Seele suchend, den dramatischen !
2123 1409 3126 1469 Spaziergang nach Syratus macht, Wilhelm von
2120 1456 3123 1518 Scholz, der mystisch=symbolische Totentanzdichter,
2108 1486 3137 1555 eine kecke Auferstehungskomödie probiert und der ##
2116 1548 3126 1607 einstmals immerhin geistreiche Spötter Bernhard
2119 1580 3128 1646 Shaw, dem freilich ein brauchbares und haltbares
2109 1629 3137 1685 Bühnenspiel trotz allen Geredes seiner Figuren
2119 1674 3120 1737 und seiner Trabanten nie gelang, es mit offen¬
2114 1714 3125 1778 kundiger Langweile versucht, die nur durch einige!
2106 1765 3122 1823 abgeschmackte Selbstbespiegelungen übel unter¬
2122 1804 3117 1868 brochen wird. Wenn, sagt' ich — dann...
2114 1852 3136 1920 Aber —! Die Zeit ist aus den Fugen — mag mit#
2115 1903 3114 1957 Hamlet der Kritiker seufzen; aber er wird nicht in
2117 1938 3112 2001 Shawscher Selbstüberschätzung fortfahren: Not
2109 1984 3121 2052 und Gram — daß ich zur Welt sie einzurichten kam!
2176 2031 3120 2091 Die Fülle der geschauten Gesichte läßt nur
2110 2063 3119 2125 flüchtige Stizzen zu. Beginnen wir mit dem Wieners
2111 2117 3116 2183 Artur Schnitzler, der seit seiner unendlich
2110 2156 3122 2219 seinen, modern wienerischen „Liebelei“ vielt
2110 2206 3107 2272 Gutes, viel Interessantes, aber nichts mehr auf
2104 2241 3119 2296 gleicher Höhe geschrieben hat, ließ (im Lessing¬
2099 2284 3110 2346 theater) seine Tragikomödie „Das weite Land“
2104 2340 3116 2407 aufführen. Ein technisch erstaunlich unbeholfenes
2108 2378 3114 2441 Stück, in dem weder das Interesse geschickt auf die
2096 2412 3117 2493 dramatischen Brennpunkte gesammelt, noch die
2108 2468 3108 2538 wichtigen Figuren geschickt in den Vordergrund ge¬
2107 2496 3125 2578 rückt sind. Für den Freund Schnitzlerscher Kunst,
2099 2542 3151 2644 der ihr den starken Bühnensieg von Dauer gönnte,
2100 2606 3104 2665 ein Fehlschlag; für den Freund Schnitzlerscher Art
2092 2639 3103 2710 die im lebenden, genießenden, leise zerbröckelnden
2095 2680 3107 2751 Wien wurzelt, eine Reihe von Feinheiten der Be¬
2099 2729 3084 2789 obachtung und der Diktion, wie hinter Schleiern
2098 2775 3092 2842 bergend. „Das weite Land“, das dieser Tragi
2105 2816 3098 2888 komödie den Titel gab, ist die Seele des Menscheng
2097 2860 3086 2915 die Schnitzler als ein schwer, ja fast unmöglich zu
2097 2904 3101 2992 überschauendes Gelände einschätzt. Ein Mann lieb
2101 2947 3096 3019 seine Frau und betrügt sie. Er läßt schließlich auch
2108 2994 3086 3061 sich betrügen und schießt mehr aus Laune als auf
2099 3036 3094 3095 Prinzip den jungen Nebenbuhler im Duell über
2091 3073 3078 3144 den Haufen. Vorher und nachher nimmt er sich
2100 3138 3083 3196 was ihm behagt, fühlt sich durchschaut, kennt der
2097 3171 3083 3244 Wankelmut seiner Natur und kann's nicht lassen
2093 3218 3090 3277 Der Pistolenschuß ist so wenig ein Ende wie dis¬
2094 3264 3078 3322 wirren Gartenszenen des ersten Aktes ein Anfank
2094 3307 3077 3375 waren. Ein paar Figuren, die wie diskret kard
2086 3357 3085 3411 tierte Passanten durch das Stück huschen, ein paa#
2085 3396 3090 3473 melancholische Worte, eine geschickt angeschlagene
2097 3442 3092 3505 Stimmung am Schluß sind sehr fein. Den
2090 3486 3107 3562 Ganzen aber mangelt die Wärme der Liebe (oder
2090 3526 3087 3610 des Hasses) des Schaffenden, mangelt aber auch
2100 3566 3103 3638 der sicher zupackende Griff des Dramatikers.)
2104 3616 3101 3679 Schnitzler hat Besseres geschrieben, wird Besseres
2099 3650 3120 3724 schreiben. Die Wiener freilich (so hört' ich) jubelten.
2094 3708 3095 3768 Sie blieben — nach allen Nachrichten, die ich ver¬
2096 3732 3099 3806 glich — die einzigen. Aber schließlich: sie waren?
2095 3780 3108 3866 ja gemeint. Vielleicht hat in keinem seiner Stücke
2087 3838 3090 3882 der Wiener den Wienern — ohne hart sich aus¬
2095 3874 3098 3926 zudrücken, ohne laut zu werden — so Unange¬
2087 3916 3086 3978 nehmes gesagt, so Peinliches vorgeworfen. Und —
2084 3960 3114 4035 die Wiener jubelten. Sie mögen Porträte erkannt,
2093 4004 3092 4077 haben, wo wir nur auf unsicher geführten Bahn###
2097 4050 3102 4133 Figuren sahen, die in der Novelle alleinhaeten
2090 4092 2766 4153 leben, lieben und sterben sollen.
2155 4140 3110 4236 Anders der neue Suderman
2077 4179 2519 4244 W„W.
