3392 4448
1243 237 1793 356 box 28/2
201 244 1183 364 24. Das weite Land
2630 1027 3312 1134 #fnuch Baben fahren und do
1460 1029 2547 1120 ezen Di-s und ihrer ausgezeichneten Berufstätig....
1672 1116 3315 1175 Freiherrn von Gautsch betrifft, so trifft nicht einmal Das wird viel billiger sein.
563 1111 1669 1179 videnden lesen, die sie im Schweiße ihres Angesichts
1660 1152 3300 1221 der Vordersatz zu, denn er war schon zweimal Minister= ganzen Graben mieten und
558 1166 1663 1242 für die in ihren Automobilen spazieren fahrenden Direk¬
1667 1192 3314 1279 präsident und hätte ebenso oft Gelegenheit gehabt, seinen neben Strick= und Nähnade
557 1216 1662 1290 toren und Aktionäre verdienen, eine Erhöhung ihrer
2744 1301 3310 1369 wir dieses näher. Wien ist
1655 1298 2753 1387 für gesorgt, daß das Künstliche wenigstens äußerlich
2747 1354 3317 1420 der Sommerfrische, im nah
1665 1355 2763 1417 obenauf bleibt und in irgend einer Form immer wieder
825 1328 1449 1471 Feuilleton.
2752 1393 3291 1469 Hochgebirge. Dort blickt
1660 1400 2765 1483 hergestellt wird. Sein innerstes Gelüste loszulassen, ist
2751 1436 3314 1513 „Aignerturm“ eine gefährl
1663 1445 2427 1526 nur der Totgeweihten letztes Recht.
1752 1499 3330 1564 Schon aus den Beispielen, die in der oben Szene herein. Von dort fah
897 1480 1371 1579 Burgtheater.
1660 1538 3328 1625 zitierten Stelle für die chaotischen Möglichkeiten im Wien, vom Hotel am „Wö
650 1555 1670 1634 as weite Land.“ Tragikomödie in fünf Akten von
2753 1574 3330 1663 den Damen waghalsige Ber
1672 1601 2760 1661 weiten Land der Seele angeführt werden, erkennen wir,
1130 1614 1679 1684 Zum erstenmale aufgeführt
559 1608 1066 1700 Arthur Schnitzler.
1655 1643 3323 1719 daß uns Liebeskonflikte beschäftigen sollen. Sie tun es mondainstes Milien: Auton
828 1646 1446 1730 Samstag den 14. Oktober 1911.
1665 1698 3332 1754 reichlich, überreichlich! Wie? Das kritisiert der Dichter usw., vor allem aber züge
672 1691 1679 1778 Was ist das „weite Land"? Das weite Land
1679 1736 3336 1812 selbst mit den Worten eines Arztes und grundehrlichen möglich Folgen: Selbstmor##
576 1760 1684 1835 Arthur Schnitzlers ist die weite Moral des modernen
1676 1792 3319 1861 Mannes, dem es natürlich übel ergeht in dieser Welt Mädchenverführung. Ein h
573 1808 1668 1865 Menschen, des aus alten Jugendträumen und Beloh¬
1671 1846 3318 1910 der weiten Gewissen: „Nicht das geringste hätt' ich ein= dieser Gesellschaft ist der se
577 1853 1682 1923 nungshoffnungen erwachten Lebendigen unserer Zeit.
1668 1891 3318 1968 zuwenden gegen eine Welt, in der die Liebe wirklich von Aigner. Er hat jeden
577 1889 1672 1973 Der Senior der Gesellschaft, mit der uns der Dichter
576 1924 3327 2028 bekannt macht, der weltgewandte Hoteldirektor Doktor nichts anderes wäre, als ein köstliches Spiel. Aber Geliebte, alle jungen Kel
575 1988 3330 2072 von Aigner, läßt sich darüber zu einem Gaste wie folgt dann — dann ehrlich, bitte! Ehrlich bis zur Orgie. Bauernkinder im weitesten 1
572 2020 3334 2116 vernehmen: „Sollt' es Ihnen noch nicht aufgefallen Das ließe ich gelten. Aber dieses Ineinander von Zu=tig ähnlich. Seinen ehelichen
571 2089 3332 2178 sein, was für komplizierte Subjekte wir Menschen im rückhaltung und Frechheit, von feiger Eifersucht und er=jährigen Marinefähnrich O
1671 2130 3335 2200 logenem Gleichmut, von rasender Leidenschaft und nämlich so zart besaitet, daß
580 2151 1685 2212 Grunde sind? So vieles hat zugleich Raum in uns!
573 2187 3328 2256 Liebe und Trug, Treue und Treulosigkeit, Anbetung leerer Lust, wie ich es hier sehe, das finde ich trübselig endlich geliebte Gattin einfa
586 2231 3320 2321 für die eine und Verlangen nach einer anderen oder und — grauenhaft. Der Freiheit, die sich hier brüstet, es zuwege gebracht, sie mit
574 2308 3312 2366 nach mehreren. Wir versuchen wohl Ordnung in uns der fehlt es am Glauben an sich selbst. Darum gelingt Gerade daß er sie so sehr
1674 2318 3318 2402 ihr die heitere Miene nicht, die sie so gern annehmen war, sie zu betrügen, das i
583 2346 1682 2426 zu schaffen, so gut es geht; aber diese Ordnung ist doch
1664 2368 3328 2457 möchte; darum grinst sie, wo sie lachen will.“ Sehr der ganzen Welt. Nun gab
571 2390 1684 2468 nur etwas Künstliches. Das Natürliche ist das Chaos
1677 2424 3333 2496 wahre Worte, und Schuld daran trägt nicht etwa nur Sicherheit mehr auf Erden,
582 2447 1674 2512 Ja, mein guter Hofreiter, die Seele ist ein weites Land,
2759 2469 3329 2533 trauens. Nicht daß es ges
1670 2478 2759 2550 das engherzige Moralgesetz oder die Strafbestimmungen
575 2497 1684 2580 wie ein Dichter es einmal ausdrückte. Es kann übrigens
2760 2524 3333 2596 haupt möglich gewesen war
1676 2528 2761 2594 der staatlichen Ordnung, sondern weit mehr der erbliche
581 2545 1676 2616 auch ein Hoteldirektor gewesen sein." Ein anderer,
2772 2557 3335 2632 Gattin fortgetrieben, nachd
1678 2578 2769 2646 Druck Jahrtausende alter äußerlicher Sittenübung,
586 2604 1684 2663 nicht mehr moderner Dichter hat auch schon gesagt: „eng
1683 2622 3333 2698 gegen den sich alle Fragezeichen revolutionärer Kritik selbst eingestanden. Das wa
589 2640 1687 2697 ist die Welt und das Gehirn ist weit; leicht bei einander
2738 2670 3308 2730 gerade weil er sie anbetete.
1672 2680 2075 2763 machtlos erweisen
585 2689 1680 2757 wohnen die Gedanken, doch hart im Raume stoßen sich
1770 2698 3338 2794 Nachdem wir des Dichters eigenes Urteil — so gekommen wenn er ihr's v#
580 2738 1695 2815 die Dinge". Täten sie das letztere nicht, so träte das
1675 2756 3346 2844 dürfen wir es wohl auslegen — über das von ihm ge= leicht dürfe man sich die D
587 2768 1681 2852 Chaos, das immer in uns ist, schrecklich in Erscheinung.
598 2815 3336 2932 So aber ist durch die enge Welt der Moralbegriffe das schilderte erotische Getriebe kennen gelernt, betrachten machen. Er vergißt dabei, I
874 2909 1324 3171 7
