3392 4608
1356 158 1785 256 box 28/4
212 184 1190 287 24. Das weiteLand
526 779 1710 848 kehrt früher heim, als er erwartet wurde. Er trifft seine Frau
133 780 516 864 d wo er nur kann.
525 836 1718 901 im Garten im Téte-à-téte mit dem Fähnrich, laßt die beiden
133 852 519 913 Abenteuer, falls sie
527 887 1711 931 im Hause verschwinden, hält draußen Wache, bis der junge
129 896 223 952 len.
222 893 519 960 Ein Gemüts¬
527 929 1723 969 Mann durch das Schlafzimemr Genias aussteigt und — schläft
126 940 213 991 lIs.
220 936 518 996 Einer seiner
523 976 1716 1043 dann auf dem Wiesengrund einen erquicklich=süßen, tiefen
130 974 519 1040 Genia, den Werbun¬
533 1017 1724 1084 Schlaf ... Gent .. . Und dann — dann erschießt er den
143 1031 501 1083 widerstehen wird.
525 1061 1711 1121 Fähnrich — um nicht der Dumme zu sein .. . Gent ..
129 1062 519 1130 iter dermaßen, daß
144 1109 515 1170 e ihn bedruckt und
605 1104 1058 1167 Schnitzler, Schnitzler!
124 1160 518 1215 auf auf die Berge
606 1155 1723 1236 Das Dichten deines menschlichen, allzumenschlichen
121 1200 504 1262 ken mitzunehmen,
525 1199 1248 1281 Herzens scheint böse von Jugend auf!
143 1242 516 1305 a Wahl, die Liebste
615 1256 1715 1321 Ich füge nur noch ein, daß Irene Triesch als Genia
122 1287 510 1344 lerobern. Und so tut
520 1295 1716 1373 das Menschenmögliche tat, um menschenmöglich zu sein, daß
137 1327 516 1393 klubsessel, in einem
529 1358 1711 1411 Heinz Monnard mit einer humorvollen Schnoddrigkeit über
138 1375 509 1435 werden, nicht seine
529 1404 1715 1456 die Tiefen und Untiefen seiner Rolle geschickt hinwegbalancierte
135 1413 459 1481 jedenfalls sein -
525 1445 1714 1493 und daß Hilde Herterich dem vorwitzigen Liebeshunger der
142 1460 509 1521 an ihrem Manne
532 1491 1711 1552 „Siebzehnjährigen“ das philosophische Raffinement einer
143 1509 514 1568 sie quitt, denkt der
530 1528 1714 1584 rassigen Jöhre lieh. Aber auch die anderen, die Sussin,
155 1549 511 1614 so ich dir! Aber
541 1571 1722 1630 Grüning, die Stieler, Reicher, Forest usw. usw. spielten, was das
148 1589 512 1653 r nicht gerechnet —
542 1617 1708 1670 Zeug hielt — und trotz und alledem wurde es kein Erfolg.
161 1639 516 1700 Aus verwundeter
527 1668 1739 1732 Konnte es keiner werden, denn Schnitzler hatte nicht vorgesorgt,
168 1685 515 1739 Schmach? Also
1219 1711 1690 1794 Josef Buchhorn.—
183 1726 507 1785 „Wenn es Haß
142 1772 518 1832 Ma ja, #n all dem
151 1812 509 1872 ber man will doch
144 1837 524 1917 d knallt den Otto
160 1895 518 1965 getreu gelebt und
1855 1819 2440 2000 aatonalzeitung, Bers
158 1944 509 2010 n Schmerz zu der
155 1974 521 2051 nach etlichen An¬
162 2029 512 2092 inschauen in mich
169 2070 520 2138 nach Amerika zu
198 2118 519 2179 Braut aus den
1945 2108 2288 2216 111  111
182 2159 517 2222 wird nicht ange¬
232 2206 500 2265 zwischen uns“.
216 2252 509 2309 us, Erna, auch
286 2294 508 2355 sen fünfen
1496 2268 3330 2382 * Hrthur Schnitler im Rellingtheater. ghrnkönnen, so viele auch
2718 2319 3330 2395 weil sie am Ende schauernd
317 2340 507 2397 s Schau¬
341 2385 507 2442 at keine
1543 2361 2909 2452 Erste Aufführung der Tragikomödie „Dasweite Land“ müssen.
2803 2382 3335 2470 Wir glauben's gern, auch
410 2431 500 2483 sein,
1629 2454 3336 2510 J. A. B. Weiches Wiener Geplauder und Geplauschgen; aber Schnitzler wird un
424 2475 480 2524 hen
1546 2496 3350 2553 von Anfang bis zum Ende — fünf lange, lange Akte lang koketten Lebensnipper, die si
423 2520 478 2567 Wir
1545 2535 3306 2592 Man spricht nur von Amouren, die diese dialektischen Ge blick ganz ernst nehmen, u
1556 2576 3344 2630 schmäckler um Gotteswillen nicht in Liebe ausarten lassen Naturen aufzuschwatzen. Noch
1555 2622 3343 2679 Dann kommen auch ernsthaftere Dinge an die Reihe: Tenniß schwankenden Basis eine neu
1538 2664 3347 2717 und Bergkraxelei. Das dünkt sich eine Welt! Dieser kleint anschauung aufbauen. Wir la
1543 2710 2734 2764 Gesellschaftsklüngel, zu dem die Rechnung für ein Auto¬
2729 2709 3350 2769 färberei all dieser Nichtigkeiten
1548 2745 2733 2805 mobil (und sei es auch scharlachrot) die beste Einlaßkarte
2737 2762 3349 2820 so gut versteht, wie Schnitzler,
1554 2793 2716 2852 ist, dieser kreuz und quer versippte Kreis verwöhnte
2732 2791 3352 2855 uns an bedenklich zu enuyien
1543 2835 2723 2904 Frauen und verweiblichter Männer, die sich in einer Villen
2730 2835 3363 2896 Luftspielfiguren, und hoffentli
1543 2887 2722 2933 kolonie in Baden bei Wien zu einem ästhetisierenden .— dem
2733 2888 3365 2949 lich selbst, wenn er sieht, daß sie
2725 2919 3351 2986 wenn sie aller Sentimentalitä
1552 2926 2723 2991 Namen nach zu schließen, arischen — Ghetto zusamment
1546 2962 2730 3032 gefunden haben: alle Propheten der Lebenskünstelei. Das
2734 2956 3358 3023 und Selbstironien frei spielen
1546 3012 2732 3060 wirkliche Leben mit seinen Brutalitäten ist ihnen im Grunde
2730 3007 3350 3072 seinem neuen Helden, dem Fal
362 3042 495 3102 hreibsel
2734 3052 3350 3116 an, der seiner Frau Vorwürse
1549 3054 2744 3113 genommen ekelhaft: drum lassen sie es, wenn es sich in ihren
346 3086 519 3142 Anmer¬
1558 3102 2740 3158 Zirkel hineindrängt, in psychologischen Retorten ver¬
2746 3093 3353 3157 Freund, den Klaviertirtuosen,
388 3125 509 3183 er in
1548 3138 2737 3219 dampfen: auch Gefühle mögen sie nicht recht; alles Gefühl
2742 3147 3357 3199 getrieben hat, und der dann
318 3166 517 3232 hat von
2741 3184 3341 3250 Zwang — sich einem Marinef
1553 3193 2065 3253 wird geistreich zerredet.
391 3207 507 3266 ndem
275 3212 386 3269 lten,
1648 3234 3362 3293 „Fröstelnde Herzen“ könnte dieser mit Schnitzlerscher ist, daß er nun nicht mehr alle
385 3260 509 3315 macht.
1555 3268 3348 3341 Finesse dialegisierte Roman heißen. Der Dichter aber klebt im Hause herumgehen muß,
229 3299 510 3361 Gatten weisen.
1554 3327 3352 3381 ihm eine Vignette auf, die das wohlfeile Wort: „Die Seelel am Ende niederknallt. Dieser
197 3339 509 3414 ahalt jedermann,
1556 3356 3354 3424 ist ein weites Land“ zur Entschuldigung für einen poctischen einen ihm gleichgültigen Riv¬
393 3391 535 3461 freiter
1562 3401 3362 3462 Relativismus wählt, der sich einbildet, alles verzeihen, heiße bringt — wie schon mehrmals
1559 3435 3360 3520 schon alles verstehen, und enthebe den Dramatiker jeglicher Ernst in die gleichgültige Sp
1556 3485 3354 3553 psychologischen Folgerichtigkeit. Gewiß, der Typus des ge=sist Zufallstragik erschütternd,
1555 3553 3360 3608 nußhungrigen Egoisten, der sich aus Frauen= und Mädchen= Peinschkeit. Der Ausgang des
1557 3568 3355 3642 herzen einen weichen Tevpich webt, der die Laune zu seinem sich Herr Hofreiter einen von
1552 3643 3364 3684 Lebensgesetz erhoben hat, eristiert, und er mag im schwel= mann als Sekundanten erbitte
1556 3648 3368 3728 gerischen Wien öfter vorkommen als anderwärts. Schnitzler ldauern zurücklassen, daß Anat
1550 3702 3271 3764 hat diese Menschen, die die Dürftigkeit ihres cynischen hätte er nicht tun sollen.
2823 3726 3361 3798 Schnitzler ist viel zu bew
1549 3763 2747 3823 Empfindungslebens mit schönrednerischen Falten drapieren,
1550 3789 3368 3858 oft genug bespiegelt, und uns auch von der einzigen Tragik seiner Welt nicht selbst zu dur
1552 3822 3368 3893 überzeugt, von der sie heimgesucht werden, wenn der Katzen=cierungskünste werden dadurch
1553 3871 3371 3962 jammer des Alters über üe konut: weil sie niemandem aus dem Munde des einzigen a#
