3392 4320
667 111 774 172 WE
1368 105 1829 191 box 28/4
236 98 1233 228 24. Das seite Land
1471 1024 3330 1141 dort auf dem Gipfel seines Glanzes, prunkt in Vorhang sich zum letzten Male über d
664 1062 1266 1160 Berliner Theater.
1469 1091 3343 1179 Lykons Palast, hat Lykons Weib gefreit, will vielen gut gestellten Bilder senkt, geh
1476 1134 2538 1207 Lykons Tochter mit seinem eigenen Sohne ver¬
860 1129 1469 1226 F. D. Berlin, 22. Oktober.
2526 1156 3339 1221 und in unserm Innern unbereichert hein
1476 1191 2530 1256 mählen, hat sich sogar zum Tyrannen von Syrakus
484 1175 1491 1271 Warum in aller Welt muß Hermann
2535 1203 3347 1275 sahen und wovon wir uns vier Theater
1473 1239 2542 1307 aufgeschwungen, wenn auch Karthagos Fuß fester
406 1215 1486 1307 Sudermanns Tragödie „Der Bettler von
2529 1246 3341 1306 spannen und zuweilen auch wohl ein
1480 1271 2530 1345 denn je auf seinem Nacken sitzt und Mago, derselbe
402 1282 1483 1356 Syrakus“ (Buchausgabe bei Cotta, Stuttgart)
2533 1292 3346 1367 ließen, ist im Grunde doch nur eine dr#
1482 1313 2533 1383 Karthagerhauptmann, der mit ihm den Verrat in
403 1314 1483 1400 ein Vorspiel haben — sind fünf Akte nicht genug?
2531 1335 3333 1395 getakelte Anekdote der alten Historie,
1474 1363 3348 1448 jener Felsenschlucht beging, dank seiner gefährlichen! Saiten unserer Herzen stumm bleiben
406 1372 2539 1471 Warum in aller Welt muß unter den dreißig Per=Mitwisserschaft der eigentliche Herr der Stadt ist.
2533 1413 3343 1483 mag noch an das Vorspiel, wer an die
416 1420 2542 1500 sonen des Dramas, so da aus Fleisch und Blut zu In diese verrotteten Zustände fährt nun der flam¬
2527 1449 3336 1526 heimnisvolle Prophezeiung und Fordern
411 1467 1480 1524 sein behaupten, noch eine „Erscheinung“ treten, ein
1478 1493 2539 1550 mende Vaterlandszorn des blinden Bettlers, den
2535 1500 3341 1587 scheinung“ zu denken? Stoff, Stoff istn
404 1497 1477 1576 lichtumflossener Genius aus einer außerirdischen
1477 1533 2535 1602 niemand erkennt, auch als er beginnt, den Schleier
400 1539 629 1606 Sphäre
2529 1551 3111 1609 Seele hungert und friert.
706 1546 1476 1611 ist es nicht genug des Ruhmes, ein
1475 1574 2536 1643 der Geheimnisse von jener rätselhaften Schlacht zu
2606 1585 3339 1657 An Beifall fehlte es dem Stücke i##
395 1591 1486 1663 buntes, figuren= und geschehnisreiches, spannendes
1470 1619 2532 1691 lüften und das Gewissen seines Verräters und Ver¬
397 1620 1481 1707 und wirkungsvolles Theaterstück verfaßt zu haben?
2528 1615 3341 1704 Wenn der sich freigebig oft vor dem
1466 1665 2536 1737 derbers durch seine unheimlichen Fragen aufzu¬
403 1674 1475 1741 Mit diesem Vorspiel und dieser symbolischen Erschei¬
2521 1687 3327 1756 gende Dichter auch spürte, daß ein #
1467 1711 2529 1782 stacheln; vor dem auch seine Nächsten, Frau und
2531 1721 2970 1788 Teil davon der
397 1729 1473 1801 nung stellt Sudermann Erwartungen und Maßstäbe
2966 1728 3296 1796 Darstellung,
1480 1756 2537 1815 Sohn und Tochter, ahnungslos stehen, wenn er
2527 1771 3223 1838 Darstellern zugedacht war.
395 1763 2532 1862 auf, denen er nicht gewachsen ist. Oder sollten wir ihnen unter der Maske eines Schicksalsgenossen des
2527 1802 3329 1884 schauspielerischer Ruhm dieses Abe
399 1811 2521 1912 uns nicht auf etwas tief Deutsames, weithin Be= Verschollenen, Vergessenen, Ausgelöschten von
2526 1852 3332 1923 ungeteilt fast, auf Carl Clew
405 1851 1485 1925 wegendes gefaßt worden, wenn vor den syrakusischen
1462 1879 2534 1972 Lykons letzten Stunden und Vermächtnissen be¬
2529 1902 3339 1962 neu gewonnenen Charakterspieler des
401 1904 1484 1975 Feldherrn Lykon, der sich und sein Heer in felsiger
1464 1917 1648 1993 richtet.
407 1937 1481 2015 Schlucht von den Karthagern ringsum eingeschlossen
2519 1948 3340 2009 Schauspielhauses, gehäuft. Er bracht
1544 1959 2533 2034 Diese Begegnungen des Unerkannten mit
2527 1978 3336 2052 äußerst anspruchsvolle Rolle des Feldhe
403 1978 1475 2062 und sicherem Verderben ausgeliefert sieht, plötzlich
1473 1994 2531 2083 denen, die seinem Herzen einst so nahe und so teuer
2524 2028 3344 2102 eine stählerne Biegsamkeit der Ersche
400 2017 1476 2094 eine fahl leuchtende Jünglingsgestalt mit gewal¬
1475 2062 2526 2124 waren, verhelfen dem mittleren Akt zu ein paar
2524 2077 3333 2138 Haltung, des Organs und des Ausdru
391 2074 1471 2161 stigen Fittichen und eherner Keule tritt und sich als
1464 2101 2525 2174 Szenen von scheinbar tieferem Gehalt, als wir das
382 2126 1287 2205 den trüben Bruder des Todes vorstellt:
2527 2120 3321 2174 ihn nicht ein einziges Mal, so schnell¬
1470 2147 2524 2217 sonst bei Sudermann gewohnt sind, wie denn ander¬
2523 2170 3336 2230 auch wechselten, im Stiche ließ. Im üb
680 2166 1138 2250 Wer mir verfallen ist,
1464 2189 2518 2266 seits der zweite und vierte Aufzug, die politischen
672 2197 1035 2271 Der wird gelöscht
2516 2203 3336 2271 Darstellung und Regie recht nach der
1468 2235 2522 2302 im Gegensatz zu den häuslichen, bei dem ersten Zu¬
671 2231 1243 2317 Von der Tafel der Zeiten.
2517 2253 3342 2309 spielhaus=Schablone: würdig, repräse
678 2274 1044 2334 Wen ich berühre,
1466 2275 2524 2351 sammentreffen des Blinden mit Aratos und Mago
2527 2286 3347 2376 schickt, vornehm, luxuriös, aber ebendec
674 2300 1228 2388 Der stirbt den großen Tod:
1465 2318 2526 2392 und bei der Aufwiegelung der syrakusanischen In¬
2515 2330 2783 2405 vorgestern.
674 2343 1111 2419 Vergessensein.
1458 2366 2527 2441 gend während eines Gastmahls jenes alte Suder¬
2595 2364 3298 2464 Auch in Axthur Schnitzl
484 2372 2512 2482 Lykon wählt den Sieg und schwört dafür denmannsche Theaterblut noch in vollen Strömen
2517 2407 3337 2503 komödie „Das weite Tand (Buch
394 2406 1471 2503 schreckensvollen Fluch völliger Vergessenheit, völliger
1463 2457 2518 2526 rollen lassen, durch das er bereits vor zwanzig
2515 2473 3328 2544 Fischer, Berlin), das wenige Tages
396 2468 1461 2549 Ausgelöschtheit für sich und seinen Namen auf sein
1463 2495 2518 2569 Jahren verblüffte, dem es aber in all der Zeit nicht
2514 2507 3323 2585 Lessingtheater aufgeführt wurde, gibt¬
391 2523 1467 2580 Haupt. Er siegt, oder vielmehr — und damit be¬
1462 2523 2520 2620 vergönnt war, die aus der Seele quellende Wärme
2519 2555 3325 2626 scheinung, eine Rolle, deren Träger ni
397 2557 1462 2636 ginnt der Fluch zu wirken — sein Heer unter seinem
1458 2581 3331 2659 des echten Dichters zu gewinnen. Des Bettlers Diesseits weilt, wenn der Vorhang sich
409 2592 1464 2680 falschen Freunde Aratos, der längst mit den Kar¬
1462 2608 3322 2713 Nache und Sieg gelingt: er beseitigt den heimtücki= darin zeigt sich gleich der ganze Untersch
395 2650 1472 2727 sthagern unter einer Decke spielte, ertäuscht sich einen
1455 2657 3333 2759 schen Karthagerhauptmann, er treibt mit seinen der handfesten Theaterkunst des Ostpret
396 2701 3326 2796 Scheinsieg, während er selbst spurlos verschwindet Enthüllungen und politischen Erfolgen den falschen differenzierten Vergeistigung des Wi
393 2738 3335 2849 sund der statt seiner Sieggekrönte, kaum nach Syra= Freund und Vaterlandsverräter Aratos in den Tod, Schnitzler tritt diese Person weder als
388 2763 3333 2889 kus heimgekehrt, nichts Eiligeres zu tun hat, als er jagt die Feinde aus der Stadt und versperrt ihren! Gespenst noch als Vision auf, sie führt
398 2819 2516 2917 durch Gesetz bei Todesstrafe zu verbieten, daß der! Schiffen den Hafen, er spornt seinen Sohn zur
2507 2869 3341 2936 allein in der Erinnerung, in dem Bew
396 2857 1476 2953 Name Lykons, des Verräters, je genannt werde.
1465 2896 2509 2965 patriotischen Tat, er entringt noch im Sterben
2519 2915 3314 2974 in den Gesprächen derer, denen sie“
391 2900 1479 2985 Doch Lykon ist nicht tot. Durch ein Wunder ent¬
1454 2939 2516 3012 seiner Tochter einen ahnungsvollen Ton des Ver¬
2505 2952 3336 3018 ihres Schicksals wird. Dieses stumme ##
395 2966 1475 3041 kommt der Geblendete aus den furchtbaren Kerkern
1459 2980 2532 3058 stehens und Erkennens — wir aber forschen ver¬
2508 3001 3335 3070 arme Korsakow der Philosoph und Klat
380 3002 2514 3102 Karthagos, und in der Gestalt eines elenden Bett= gebens nach den symbolischen Tiefen dieses Geschicks,
2513 3044 3333 3103 der um Frau Genia Hofreiters willen
385 3038 3333 3151 lers erscheint er nach zehn Jahren als furchtbarerl nach dem höheren und reiferen Sinn dieser schäu¬ ging, nicht weil er mit ihr ein „Verhält
379 3073 3340 3221 Nachegeist in seiner Vaterstadt. Aratos steht jetzt menden und rauschenden Theatralitäten. Wenn der auch nicht weil er an „unglücklicher Lieh
2725 3190 3323 3294 77 aer U
3219 3258 3319 3344 S
2950 3271 3148 3355 RR
