3344 4320
1110 162 1157 221 C
238 157 566 239 24. Da
492 155 1272 261 veite Lan¬
1351 147 1809 242 box 28/2
1214 1079 2549 1162 würde die Störung seiner frohen Lebenslaune bedeuten. Das
1209 1135 2554 1222 ist nicht schön, aber leider wahr. Und endlich die Ehe Hof¬
1204 1217 2552 1281 reiter, deren Schicksal im Vordergrunde steht. Er, ein dä¬
1211 1259 2547 1350 monischer Frauengewinner, dessen Philosophie darin gipfelt,
1212 1321 2553 1374 daß nur im Liebesgenuß das starke Leben liegt — der
1212 1376 2557 1459 Beruf, der Ehrgeiz, die menschliche Kullur sind Pausen.
1209 1444 2536 1505 Seine Frau ist tugendhaft, mit dem ästhetischen Reinlich¬
1204 1502 2545 1575 keitsgefühl der Tugend. Ein Bewerber, den sie abweist, er¬
1208 1568 2549 1636 schießt sich. Ihr Galte dankt ihr ihr keusches Versagen nicht.
1195 1622 2554 1690 Ihm ist sie eine Mörderin. Diese Auffassung wirkt auf sie
1211 1689 2546 1763 wie eine drosselnde Faust. Und als ein zweiter Liebhaber
1201 1745 2540 1807 zu ihren Füßen fleht, erhört sie ihn. Zagend, unfroh, aber
1191 1806 2545 1878 sie erhört ihn. Und da geschieht das Unerwartete. Hofreiter,
1193 1867 2541 1939 der Skeptiker, der Lehrer des fessellasen Genusses, der
1197 1910 2533 1989 Prediger unbändiger erotischer Freihen, verfällt — fast wider
1205 1959 2539 2047 Willen — in die Allüren eines altmodischen Rächers der
1188 2037 2531 2100 Ehre, er erschießt den Geliebten seiner Frau im Zweikampf.
1194 2103 2533 2155 „Man will doch schließlich nicht der Hupf sein“, so motiviert
1193 2157 2545 2209 er seine Gewalttat. Schnitzler hat die Geschichte dieser drei
1187 2209 2545 2267 Ehen zu einem erschütternden Drama verknüpft. Es ist ein
1190 2283 2533 2344 grausam kalter Spiegel, den diese Tragikomödie, in der der
1188 2322 2535 2391 Tod aus dem spielend eleganten Dialog hervorgrinst, unserm
1194 2379 2532 2464 frivolen Wienertum vorhält. Sch. will hier eine gewaltige
1197 2453 2531 2521 Lektion geben; wohl denen, die ihn verstehen und heraus¬
1181 2508 2533 2579 fühlen, daß alle diese Marionetten an unsichtbaren Fäden
1185 2569 2537 2641 hängen und daß der Handzug des Schicksals sie schließlich
1181 2628 2539 2681 zur Ordnung zwingt, die sie aus ihrem eigenen Innern heraus
1192 2691 2523 2756 nicht herzustellen vermögen. Nach dieser Kraftprobe wird
1182 2744 2525 2821 man Schnitzler unter die Klassiker der erotischen Literatur
1184 2797 1611 2860 einreihen müssen.
1297 2915 2523 2990 Karltheater. „Die kleine Freundin.“ Operette von
1189 2978 2518 3034 Leo Stein und A. M. Willner, Musik von Oskar Strauß.
1182 3023 2513 3112 Das Werk ist unter die Kategorie des „Musikschwankes“ ein¬
1184 3101 2520 3151 zureihen. Damit soll gesagt sein, daß das Buch sich in den
1177 3158 2518 3214 ausgefahrenen Bahnen des lustigen (?) Unsinns bewegt, denen
1177 3221 2521 3276 sich die moderne Wiener Operette schon entwachsen fühlt.
1173 3268 2521 3346 Bedauerlich ist nur, daß der berü mte Komponist, offenbar
1171 3323 2523 3404 durch das seichte Libretto wenig angeregt, von seiner frisch
1182 3402 2524 3476 quellenden Erfindungsgabe häulig im Stiche gelassen wurde.
1780 3515 1923 3586 38 —
