3392 4608
1347 180 1806 275 box 28/4
663 210 736 271 W
242 206 1205 300 24. bas 1teLand
2279 917 2710 997 „ der
2893 937 3320 1032 Die Fortschrittl
1664 963 2800 1059 nerals Caneva in Tripolis vor einigen Tagen
2802 994 3332 1064 letzten Zeit eine außerorde
514 998 1655 1113 verlautet, Aufklärungen über die militärischen Maß¬
1676 1022 2801 1116 vor Verlesung in der vatikanischen Drucke¬
2819 1037 3325 1107 hatte auf den heutigen Son
520 1047 1657 1127 nahmen der Türkei an der bulgarischen Grenze. Der Mi¬
2811 1076 3317 1143 versammlung gegen d
1674 1055 2795 1153 rei Propaganda Fidei in Rom in arabischen und
519 1083 1657 1172 nister soll hierauf geantwortet haben, daß die angeblichen
2827 1120 3329 1183 in den Kolosseumsaal eingell
1683 1110 2811 1204 türkischen Schriftzeichen unentgeltlich gedruckt
527 1134 1661 1229 Konzeutrationen nichts anderes seien, als die längst begon¬
2818 1144 3337 1215 aber nicht so stark besuch
531 1162 1663 1252 neue turnusweise Einberufung der Ersatzreserve zu
1684 1156 2812 1255 worden ist. Die Sache ist bis zum letzten Augenblick
2830 1191 3329 1259 Bevölkerung so aktuelle Th
524 1227 1179 1308 dacswöchigen Uebungen.
2831 1228 3336 1303 Stadtrat Dr. Ludwig
1690 1247 2234 1323 geheim gehalten worden.
2826 1270 3335 1350 den 10. Wahlkreis, der ein
825 1289 1358 1382 Die türkische Thronrede.
2914 1307 3343 1378 Der Redner kam ein
1714 1293 2789 1407 Stapellauf eines neuen italienischen Dreadnoughts.
2824 1345 3330 1407 Amt der Stadt Karlsruhe
615 1345 1665 1431 Wie uns aus Konstantinopel berichtet wird,
1770 1376 2815 1453 In Gegenwart des Unterstaatssekretärs der Marine
2831 1382 3342 1450 bensmittelpreise zu sprechd
529 1394 1680 1489 hatte die bei der Eröffnung der außerordentlichen
1699 1410 2820 1487 Bergamasco ist am Samstag in Genua der vierte
2832 1427 3332 1497 daß die Teuerung sich kein
1693 1444 2818 1527 italienische Dreadnought „Giulio Cesare“ glücklich vom
527 1447 1678 1542 türkischen Parlamentssession durch den
2835 1465 3327 1536 strecke. Dabei habe aber
2838 1502 3342 1575 und wesentlicher Lebensm
1693 1514 2026 1584 Stapel gelaufen.
541 1497 1680 1591 Großvezier verlesene Thronrede des Sultans fol¬
2843 1545 3338 1614 allem die Kolonialwaren
534 1564 1015 1658 genden Wortlaut:
2837 1578 3342 1653 Zucker, deren Preis ganz
654 1578 1699 1690 „Zu einer Zeit, da die Regierung unter Anwen¬
1956 1597 2569 1693 Deutsches Reich.
2841 1623 3349 1698 reform in die Höhe gegar
541 1624 1698 1736 dung der in der letzten Session genehmigten Gesetze
2846 1658 3355 1728 rung, sagte der Referen
2855 1705 3345 1765 Erscheinung. Wir haben
540 1687 1695 1788 an die Verwirklichung der Maßnahmen zur fortschrei¬
1988 1696 2528 1786 Dr. Potthoff dementiert
2852 1744 3339 1809 Jahren eine chronische
542 1731 1689 1849 tenden Entwicklung des Landes heranging, um so nach
1789 1744 2833 1849 Unsere Berliner Redaktion telegraphiert
2852 1776 3341 1850 zünächst unsere Wirtschaft
557 1782 1697 1885 und nach die unzähligen Irrtümer und Versäumnisse
2846 1820 3341 1886 Interesse des. Großgru
1701 1808 2832 1899 uns: Die Post hatte vor einigen Tagen behauptet, der
554 1833 1700 1929 der Vergangenheit wieder gut zu machen, erhielt sie
2845 1863 3332 1927 Nachteil der städtischen
1711 1852 2841 1955 Reichstagsabgeordnete Dr. Potthoff, der bekanntlich
2854 1897 3343 1967 mittleren Landwirtschaft.
775 1893 1495 1987 das Ultimatum Italiens,
1715 1899 2840 1999 bei der nächsten Wahl nicht mehr kandidieren wird, werde
2849 1924 3351 2013 toren, auf die wir kein
546 1940 1699 2040 durch das Italien sich bemühte, unter dem Schein der
2861 1976 3337 2046 allem das Sinkendes
1803 1987 2839 2063 Die „Hydra“ hatte einen unbestrittenen Erfolg. Das
2859 2017 3341 2087 den Menschenmasse
1721 2032 2853 2119 Publikum kam, in den ersten zwei Alten wenigstens, kaum
2869 2054 3350 2124 men in Deutschland 9000
557 2039 1715 2133 die geniale Irene Lenz zur berühmmiten Kokottendarstellerin
1717 2075 2848 2166 aus dem Lachen heraus, und rief den Autor und die Dar¬
2864 2099 3339 2162 und essen wollen. Das
563 2091 1702 2192 in französischen Schwänken, und umgekehrt regt in dem Geld¬
1721 2111 2853 2197 steller, unter denen Gustav Waldau (Lindt), Ludwig Heller
2866 2134 3334 2195 deutsche Landwirtschaft,
576 2128 1699 2213 menschen Werther sich zuletzt wieder eine Sehnsucht nach
1719 2152 2848 2236 (Rosenberg) und Lina Woswode (Irene Lenz) Vorzügliches
2867 2160 3346 2241 nebmer für ihre Produkt
573 2172 1709 2251 höherer Kunst und die Lenz möchte die Maria Stuart
2462 2192 2810 2260 Dr. Karl Wollf
2862 2205 3361 2280 wie frivol es vom Bund
1721 2212 2298 2293 boten, oftmals und herzlich.
577 2206 1717 2295 lauf der Bühne sagte man leider Hamlet) spielen. Dies
2355 2220 2406 2296 70
2867 2256 3348 2325 zwischen Stadt und Land
575 2246 1707 2331 tolle Purzelbaumschlagen könnte ergötzlich, ja von tiefer sati¬
1790 2253 2866 2351 * (Verbot der Berliner „Orestie“=Aufführung.) Die
2883 2287 3354 2354 in dem Städter den besten
568 2285 1718 2364 rischer Bedeutung sein. Schade, daß kein Versuch, auch nicht
2882 2333 3345 2392 Stotistik der Vieh= und
1724 2321 2858 2400 zweite Orestie=Aufführung im Zirkus Schumann,
577 2326 1714 2411 der allerbescheidenste, gemacht wird, die Wandlung glaub¬
2874 2353 3361 2450 In den Jahren 1883—1
1734 2357 2872 2444 die heute stattfinden sollte, ist, wie die B. Z. meldet, von
570 2362 1713 2459 haft zu machen. Sie vollzieht sich in der Pause zwischen
2880 2405 3356 2478 Teutschland von 16 000
1739 2395 2871 2481 der Polizei verboten worden. Es war der Direktion
578 2409 1710 2500 dem zweiten und dritten Akt. Der Vorhang fällt, und
2883 2451 3334 2518 der an Schweinen von
1732 2439 2874 2522 des Deutschen Theaters schon vor der ersten Aufführung
585 2443 1716 2530 Direktor Lindt ist noch der schwärmende Idealist, den schon
2875 2484 3349 2564 gestiegen. Unsere Wirt
1732 2480 2866 2560 aufgegeben worden, eine Generalprobe zu veranlassen und
576 2481 1722 2572 die Erwähnung des Wortes „Schwank“ in Tobsucht ver¬
2875 2528 3356 2595 Rücksicht auf die Bedürfn
1737 2514 2868 2599 der Polizeibehörde nachzuweisen, wie es möglich sei, die
585 2523 1724 2611 setzt. Der Vorhang hebt sich: etliche Jahre sind vergangen,
2894 2565 3349 2634 sondern denkt ausschließ
1731 2556 2867 2640 großen Chöre aufzustellen, ohne die Eingänge nach
591 2560 1726 2651 und Direktor Lindt, durch französische Schwänke reich ge¬
1740 2592 2881 2678 dem Innern des Zirkus vollständig zu versverren. Obwohl
2883 2609 3356 2680 grundbesitzes. Zwischen
581 2598 1729 2674 worden ist ein armseliger raffinierter Poseur, der auf
1738 2631 2876 2716 diese Forderung der Volizei abgelehnt wurde, habe die Be¬
2887 2641 3353 2706 dem mittleren und klei
592 2638 1721 2723 sein früheres Ich mit Verachrung herabsieht. Und ähnlich
1742 2668 2876 2753 hörde schließlich die erste Aufführung doch zugegeben. Bei
2886 2683 3358 2753 restehen schwere Interes
591 2703 1308 2787 geht es bei den anderen Personen.
1743 2703 2880 2798 dieser Aufführung soll ein Polizeibeamter festgestellt haben,
684 2703 1736 2797 Kurzum, es ist ein wunderliches Stück: voll feiner psycho¬
2899 2729 3351 2792 jetzt in der Frage der
1739 2749 2885 2828 daß zeitweise sämtliche Eingänge zum Innern des Zirkus
2891 2758 3354 2825 Interesse der kleinen B
589 2752 1733 2849 kogischer Beobachtungen und ganz ohne Psychologie, voll
1754 2791 2884 2875 durch die Chöre vollständig besetzt gewesen seien. Daraufbin
2894 2813 3357 2868 mittel geöffnet werden,
600 2793 1724 2887 treffendere Wahrheiten und ganz ohne Wahrheit. Das Wer!
1756 2833 2888 2916 wurde Direktor Reinhardt aufgegeben, heute vormittag eine
2897 2843 3355 2917 sich dagegen. Auch hist
601 2838 1729 2920 eines ausgezeichneten Feuilletonisten, der kein, aber auch gar
1749 2863 2895 2961 Generalprobe anzuorhnen. Reinhardt weigerte sich aber,
606 2875 1737 2956 kein Dichter ist; darum sind seine Gestalten nicht eigentlich
1616 2915 1743 2967 Kon¬
1748 2916 3348 2988 worauf prompt das Verbot der ##eutigen Aufführung ersolgte. #unker stets ein Feind
609 2917 1577 3009 lebendige Menschen, sondern — wie soll ich sagen?
1758 2915 3356 3036 Die Polizei hat sich aber noch jetzt, wie unsere Berliner ##in Deutschland einen ges
610 2959 1735 3037 gentrationspunkte witziger Gospräche verschiebenartiger Für¬
1768 2957 3379 3074 Redaktion uns telegraphisch berichtet, bereit erklärt, heutg wir eine Wirtschaftspo
2902 3005 3377 3061 unseres Bauernstandes g
612 3036 751 3098 gung.
1769 3028 2896 3114 nachmittag einer eventuell anberaumten Generalprobe beizs¬
687 3008 1738 3108 Dies Lustspiel, eweifellos wirksam auf der Bühne, ist
1772 3040 3371 3150 wohnen und so die Aufführung viellricht noch zu ermsg= Zufuhr aus dem Auslau
2919 3077 3376 3145 nicht selbst ernähren kan
613 3070 1755 3151 noch weit wirksamer beim Lesen. Wer das Buch kauft,
2915 3120 3367 3186 uns liesern kann desto
613 3109 1756 3205 das im Verlag von Georg Müller in München erschienen
1763 3144 1913 3210 lichen
2898 3161 3367 3249 grundbesitzes seien wir i
611 3164 1761 3231 ist, wird es gewiß nicht bereuen. Hier mag man sich rück¬
2908 3196 3369 3271 Swirtschaftlichem Gebier
612 3182 1784 3264 haltlos der bunten Glitzersteine freuen; im Theater wird]
628 3219 1801 3304 man zu sehr daran erinnert, daß alles Schütteln des
892 3275 1604 3354 #ch kein Eiemälbe Vercrimat n
