3436 4224
309 93 1279 244 24. Das veite Land
1424 113 1851 230 box 29/6
720 1269 3201 1442 gewissen „Kunstzirkeln“ sein widerliches Dasein führt. schaftlichen Milieus gegossen, der Dialog muß die
177 1309 664 1446 Sünitzler
723 1345 1948 1451 Wienerisch ist das, was in den vier Akten des Stückes
1951 1393 3128 1489 süßen Zibeben abgeben. Das Wiener Stück ist fertig.
154 1387 341 1480 ente
733 1399 1957 1502 geschieht, gewiß nicht. Der fünfte, der in der Alpen¬
2039 1442 3182 1534 Damit sind alle Schwächen und Vorzüge des
172 1461 737 1557 Fotest des Wiener Bürgers
720 1466 3181 1566 landschaft spielt, enthält mehr Wiener Luft. Aber der neuesten Schnitzlers gekennzeichnet. Ein sauber ge¬
721 1501 1577 1576 gehört eigentlich nur lose zum Stück.
171 1529 739 1607 r Schriftsteller eine der¬
1930 1553 3190 1637 lfalteter Dialog, amusante Situationen, der schlampige
165 1567 734 1651 uch durch ein gut erfun¬
829 1566 3181 1682 Den Tiefsinn des Titels habe ich bereits charak=Tiefsinn halb ausgesprochener Gemeinplätze, die sich
180 1625 723 1706 Boden verpflanzen will,
721 1592 3178 1723 terisiert und ich erlebe die Genugtuung, daß in Wien jeder ergänzen kann, wie er will. Nachdem die Chose
731 1651 1952 1751 und Berlin ganz dieselben Urteile darüber gesprochen
1934 1680 3180 1788 vier Akte lang gedauert hat, wird man ungeduldig und
171 1666 3182 1830 Noral in diesem Boden. werden. „Das weite Land“ soll die Menschenseele sein.lfragt sich, was denn eigentlich die Premiere zum „Er¬
201 1724 1868 1836 jahrein in einer Um=Ebensogut ist die Seele die bekannte Kettenbruck“
1926 1785 3173 1884 folg“ machte. Dann tritt vor das geistige Auge die
173 1748 3184 1934 iger als „wienerisch“ ist.] Und auch das könnte ein Hoteldirektor gesagt haben. ganze Blase der Familie und unbedingten Anhänger,
185 1820 3175 1974 sein neuestes Stück ge=Wo bleibt der Schnitzlersche Tiefsinn, der sich immer die heutzutage eben jeder Dichter hat und man geht
174 1866 1733 1977 begeht er das Unrecht, repräsentiert, wie des Dichters Stirnlocke
1919 1937 3170 2023 aus dem Theater mit einem bitteren Gefühle gegen
193 1921 3183 2053 für den Ehebruch zu schmachtend, aus Abgrundtiefen tauchend und rätsel=den Direktor, der mangels anderer Initiative gerade das
159 1971 720 2049 mpeln zu wollen? Ist
698 2001 1479 2074 haft wie ein unlösbarer Rebus..
163 2014 724 2102 r zerfressenen Schweinigl¬
1915 2032 3176 2111 nimmt, was ihm volle Häuser verspricht. Am Ende
149 2053 729 2148 reier heißt und in Baden
818 2058 3161 2183 Kurz gesagt, ist die Geschichte die: Ein widerlich sind die unverholenen Ehebrüche in der Burg auch
707 2087 3167 2233 geiler Mensch, der keine anderen Sorgen hat, als die pikant; es wird sich jeder dieses Plaidoyer anhören
151 2118 3160 2283 eit eher paßt diese Moral Weiber, wird als Held in den Mittelpunkt der Hand=wollen, das an diesem Orte bisher noch nie gehalten
156 2175 2102 2288 der Theaterstücke schreibt,lung gestellt. Seine Brunst kennt keine Eheschranken und wurde.
156 2219 1945 2341 kaninchen und mit achtung=kein Nächstenrecht, und auch das Mädel, das ihm in
166 2274 712 2361 ses Chaos für das Natür¬
2015 2288 3158 2380 Allmählich wächst ja auch im Burgtheater die
706 2299 3153 2436 den Weg läuft, schnappt er damit weg. Das alles aber Truppe für solche Stücke heran. Wir haben zwar heute
702 2348 3156 2465 soll Seelentiefe oder =untiefe sein, Menschenschicksal. Zu keinen Wallenstein mehr an der Burg, wir haben keinen
172 2353 3152 2535 unbesonnen und genuß=meiner Zeit hieß man den Mann kurzweg einen Hamlet und keinen Fiesko, aber dafür werden wir einen
158 2429 712 2509 ferner, als seine treiben¬
698 2452 3157 2585 Schweinkerl ... Er verbittert seiner Frau das Dasein,ausgezeichneten Hofreiter haben und Künstlerinnen, die
158 2479 1937 2597 zu analysieren, aus der er kennt weder Freundschaftsrespekt, noch das Recht der
1914 2540 3146 2629 mit einem stadtbekannten Verhältnis paradieren, sich
170 2531 1926 2628 t machen zu wollen. Wie jugendlichen Unverdorbenheit; er schießt auch den Lieb¬
1907 2588 3153 2663 somit für halbe Jungfrauen ausgezeichnet eiqnen. Das
145 2576 3150 2722 eser Bankier Natter und haber seiner Frau nieder, angeblich, weil der seine Burgtheater wird immer besser; Baron Berger, als
141 2624 3150 2765 ingfrau, die wiederum in Jugend zeigte. Wie diese unkomplizierte Wüstlingsnatur Retter gerufen, wird das gute Burgtheater vollends zu
146 2673 2217 2810 dem „verwöhnten“ Lieb=der Held einer Tragikomödie sein soll, bleibt unerfindlich, Tode retten.
138 2718 1914 2846 orschwebt. Ein Wiener noch unerfindlicher, wie der Mann eine Wiener Type
2006 2781 3159 2871 Soweit wären wir ja schon, daß man im Burg¬
137 2781 3147 2870 ft sich vielleicht auch ge-darbieten soll. Nebenbei wird noch geschmackloserweiseltheater wirklich echte Portiers zu verkörpern sucht. Und
145 2833 3152 2916 gelnden Halbjungfrauen, ein alpenländischer Kraftmensch als interessante Spe=daß man mit derartigen Mätzchen Reklame machen
131 2870 3156 3017 teraturfnob, der gewalt=zialität hingestellt. Die anderen handelnden Personen muß. Und daß die kleine Reinhold aus diesem Ensemble
163 2927 3147 3018 seine angefaulte Morall sind nur da, dem Helden das Piedestal abzugeben. Ueberl wie eine alte Burgtheatersäule herausragt, weil sie eine
137 2982 3147 3098 Theatercouloirs und indas Ganze ist die pikante Sauce eines bekannten land=Sprechweise hat, die sich gegen das Geschnofle der
316 3078 2099 3235 Die heutige Zummer umfaßt 12 Seiten.
3101 3121 3192 3212 □
