<?xml version="1.0" encoding="UTF-8" standalone="yes"?>
<PcGts xmlns="http://schema.primaresearch.org/PAGE/gts/pagecontent/2013-07-15" xmlns:xsi="http://www.w3.org/2001/XMLSchema-instance" xsi:schemaLocation="http://schema.primaresearch.org/PAGE/gts/pagecontent/2013-07-15 http://schema.primaresearch.org/PAGE/gts/pagecontent/2013-07-15/pagecontent.xsd">
    <Metadata>
        <Creator>prov=University of Rostock/Institute of Mathematics/CITlab/Gundram Leifert/gundram.leifert@uni-rostock.de:name=ONB_Newseye_GT_M1+(htr_id=10810)::::v=2.4.2
prov=University of Rostock/Institute of Mathematics/CITlab/Tobias Gruening/tobias.gruening@uni-rostock.de:name=de.uros.citlab.module.baseline2polygon.B2PSeamMultiOriented:v=2.4.2
prov=University of Rostock/Institute of Mathematics/CITlab/Tobias Gruening/tobias.gruening@uni-rostock.de:name=/mnt/transkribus/LA/DEA/URO/LA_news_onb_att.pb:de.uros.citlab.segmentation.CITlab_LA_ML:v=2.4.2
Transkribus</Creator>
        <Created>2019-10-07T11:16:16.718+02:00</Created>
        <LastChange>2019-10-08T08:03:45.885+02:00</LastChange>
        <TranskribusMetadata docId="223964" pageId="9498848" pageNr="857" tsid="16506842" status="IN_PROGRESS" userId="40391" imgUrl="https://files.transkribus.eu/Get?id=WAQFDUKZXHTRJUGCUOKFCRLE&amp;fileType=view" xmlUrl="https://files.transkribus.eu/Get?id=NBKSGROXGOOWXTLXFVLFHCCK" imageId="6189070"/>
    </Metadata>
    <Page imageFilename="223964_0857.jpeg" imageWidth="3484" imageHeight="4320">
        <ReadingOrder>
            <OrderedGroup id="ro_1711442133217" caption="Regions reading order">
                <RegionRefIndexed index="0" regionRef="r1"/>
            </OrderedGroup>
        </ReadingOrder>
        <TextRegion orientation="0.0" id="r1" custom="readingOrder {index:0;}">
            <Coords points="350,146 350,4164 3387,4164 3387,146"/>
            <TextLine id="r1l1" custom="readingOrder {index:0;}">
                <Coords points="550,180 658,185 665,178 673,186 714,187 715,127 685,126 666,137 648,125 618,136 573,109 551,109"/>
                <Baseline points="568,178 593,176 619,176 644,178 670,179 696,178"/>
                <TextEquiv>
                    <Unicode>Das</Unicode>
                </TextEquiv>
            </TextLine>
            <TextLine id="r1l2" custom="readingOrder {index:1;}">
                <Coords points="739,181 761,181 772,188 810,188 813,184 832,191 873,191 872,124 854,124 846,131 828,128 813,136 805,128 787,140 779,132 775,136 760,129 738,133"/>
                <Baseline points="757,179 789,180 821,178 853,179"/>
                <TextEquiv>
                    <Unicode>We</Unicode>
                </TextEquiv>
            </TextLine>
            <TextLine id="r1l3" custom="readingOrder {index:2;}">
                <Coords points="331,206 1294,250 1299,138 1068,131 1033,160 941,125 856,178 714,179 455,114 335,124"/>
                <Baseline points="350,166 396,172 442,178 489,183 535,188 581,192 628,196 674,198 720,201 767,203 813,205 859,206 906,208 952,209 998,210 1045,211 1091,211 1137,212 1184,212 1230,213 1277,214"/>
                <TextEquiv>
                    <Unicode>24. #ite Land</Unicode>
                </TextEquiv>
            </TextLine>
            <TextLine id="r1l4" custom="readingOrder {index:3;}">
                <Coords points="1449,212 1520,206 1568,237 1602,238 1655,205 1714,237 1893,234 1892,151 1791,153 1769,137 1548,158 1485,134 1451,148"/>
                <Baseline points="1470,197 1495,198 1520,199 1545,199 1571,201 1596,202 1621,203 1646,204 1672,205 1697,206 1722,207 1747,207 1773,207 1798,207 1823,206 1848,206 1874,204"/>
                <TextEquiv>
                    <Unicode>box 29/6</Unicode>
                </TextEquiv>
            </TextLine>
            <TextLine id="r1l5" custom="readingOrder {index:4;}">
                <Coords points="522,1366 574,1387 1082,1403 1157,1391 1160,1339 905,1335 843,1306 738,1324 679,1302 524,1325"/>
                <Baseline points="542,1363 571,1364 601,1365 631,1366 661,1368 691,1369 720,1371 750,1372 780,1374 810,1375 840,1376 869,1377 899,1379 929,1380 959,1382 989,1383 1018,1384 1048,1385 1078,1386 1108,1388 1138,1389"/>
                <TextEquiv>
                    <Unicode>Unsere heutige Nummer enthält:</Unicode>
                </TextEquiv>
            </TextLine>
            <TextLine id="r1l6" custom="readingOrder {index:5;}">
                <Coords points="407,1408 853,1460 1437,1465 1439,1401 1354,1390 408,1367"/>
                <Baseline points="424,1409 473,1411 523,1413 573,1415 622,1418 672,1419 722,1422 771,1424 821,1426 871,1429 921,1431 970,1433 1020,1435 1070,1437 1119,1439 1169,1441 1219,1443 1268,1444 1318,1445 1368,1446 1418,1447"/>
                <TextEquiv>
                    <Unicode>Seite 9 und 10: Sonntagsbriefe vom Schottenring.</Unicode>
                </TextEquiv>
            </TextLine>
            <TextLine id="r1l7" custom="readingOrder {index:6;}">
                <Coords points="1553,1424 3398,1493 3401,1415 1555,1361"/>
                <Baseline points="1572,1407 1662,1412 1753,1417 1843,1420 1934,1424 2024,1428 2115,1431 2205,1434 2296,1437 2386,1440 2477,1443 2567,1446 2658,1449 2748,1452 2839,1454 2929,1457 3020,1459 3110,1462 3201,1464 3291,1468 3382,1470"/>
                <TextEquiv>
                    <Unicode>resignieren, aber auch, zu Betäubungszwecken, sich in den empfindet man all die blutigen</Unicode>
                </TextEquiv>
            </TextLine>
            <TextLine id="r1l8" custom="readingOrder {index:7;}">
                <Coords points="392,1453 568,1457 579,1469 602,1459 612,1471 815,1466 818,1402 704,1431 593,1406 432,1410 395,1393"/>
                <Baseline points="412,1447 437,1448 463,1449 488,1450 514,1451 540,1453 565,1455 591,1456 616,1458 642,1459 668,1461 693,1462 719,1463 744,1463 770,1463 796,1463"/>
                <TextEquiv>
                    <Unicode>Seite 13: Konzerte.</Unicode>
                </TextEquiv>
            </TextLine>
            <TextLine id="r1l9" custom="readingOrder {index:8;}">
                <Coords points="1568,1472 3371,1543 3407,1500 1569,1428"/>
                <Baseline points="1587,1462 1677,1465 1767,1469 1857,1473 1947,1476 2037,1479 2127,1483 2217,1486 2307,1489 2397,1492 2487,1496 2577,1499 2667,1502 2757,1505 2847,1508 2937,1511 3027,1514 3117,1517 3207,1520 3297,1522 3387,1524"/>
                <TextEquiv>
                    <Unicode>Strudel stürzen. Man kann den Nebenbuhler erschießen vom Kahlenberg tödlich abstürg</Unicode>
                </TextEquiv>
            </TextLine>
            <TextLine id="r1l10" custom="readingOrder {index:9;}">
                <Coords points="394,1508 935,1522 962,1515 965,1459 841,1469 789,1447 687,1473 396,1455"/>
                <Baseline points="414,1486 440,1488 467,1489 493,1490 520,1492 546,1494 573,1496 599,1497 626,1498 652,1500 679,1502 705,1503 732,1504 758,1505 785,1507 811,1507 838,1508 864,1508 891,1509 917,1509 944,1508"/>
                <TextEquiv>
                    <Unicode>Seite 15: „Frauenspiegel.“</Unicode>
                </TextEquiv>
            </TextLine>
            <TextLine id="r1l11" custom="readingOrder {index:10;}">
                <Coords points="1580,1522 3392,1567 3393,1526 1582,1466"/>
                <Baseline points="1598,1509 1686,1513 1775,1517 1864,1521 1952,1524 2041,1528 2130,1531 2218,1534 2307,1538 2396,1540 2485,1543 2573,1547 2662,1549 2751,1552 2839,1555 2928,1557 3017,1559 3105,1562 3194,1564 3283,1566 3372,1569"/>
                <TextEquiv>
                    <Unicode>oder sich selbst erschießen, oder sich durch muntere und Wien auf Nimmerwiederfinden</Unicode>
                </TextEquiv>
            </TextLine>
            <TextLine id="r1l12" custom="readingOrder {index:11;}">
                <Coords points="1569,1558 2708,1613 2756,1611 2758,1554 1570,1513"/>
                <Baseline points="1589,1556 1646,1559 1703,1563 1761,1565 1818,1567 1876,1570 1933,1572 1990,1574 2048,1576 2105,1577 2163,1579 2220,1581 2277,1583 2335,1584 2392,1586 2450,1588 2507,1590 2564,1593 2622,1594 2679,1597 2737,1600"/>
                <TextEquiv>
                    <Unicode>einfältig=geistreiche Meditationen den Schmerz von der</Unicode>
                </TextEquiv>
            </TextLine>
            <TextLine id="r1l13" custom="readingOrder {index:12;}">
                <Coords points="389,1593 585,1566 1581,1622 1584,1548 1450,1524 393,1507"/>
                <Baseline points="411,1560 468,1561 526,1563 583,1565 641,1567 698,1569 756,1571 813,1573 871,1575 928,1578 986,1580 1044,1582 1101,1584 1159,1586 1216,1588 1274,1591 1331,1593 1389,1595 1446,1598 1504,1599 1562,1602"/>
                <TextEquiv>
                    <Unicode>Unverlangt eingesendete Manuskripte werden nicht zuräckgeschickt, auch dann nicht,</Unicode>
                </TextEquiv>
            </TextLine>
            <TextLine id="r1l14" custom="readingOrder {index:13;}">
                <Coords points="455,1598 1475,1638 1520,1636 1522,1588 456,1565"/>
                <Baseline points="474,1591 525,1592 576,1594 628,1596 679,1598 731,1599 782,1602 833,1603 885,1605 936,1607 988,1609 1039,1611 1090,1612 1142,1615 1193,1616 1245,1618 1296,1620 1347,1621 1399,1624 1450,1625 1502,1627"/>
                <TextEquiv>
                    <Unicode> wenn Rückporto beitlegt. Es ist daher notwendig, Kopien zurückzubehalten.</Unicode>
                </TextEquiv>
            </TextLine>
            <TextLine id="r1l15" custom="readingOrder {index:14;}">
                <Coords points="2837,1599 2997,1627 3102,1616 3127,1635 3158,1614 3240,1613 3352,1635 3393,1625 3395,1566 3163,1580 2958,1551 2838,1558"/>
                <Baseline points="2854,1603 2880,1603 2906,1604 2932,1605 2958,1605 2984,1606 3010,1607 3036,1608 3062,1610 3088,1610 3115,1612 3141,1613 3167,1614 3193,1615 3219,1616 3245,1616 3271,1617 3297,1617 3323,1618 3349,1618 3376,1617"/>
                <TextEquiv>
                    <Unicode>Das Peinliche an dem</Unicode>
                </TextEquiv>
            </TextLine>
            <TextLine id="r1l16" custom="readingOrder {index:15;}">
                <Coords points="1577,1612 2742,1657 2744,1604 1579,1564"/>
                <Baseline points="1597,1606 1653,1608 1709,1610 1766,1613 1822,1615 1878,1617 1935,1620 1991,1623 2047,1625 2104,1628 2160,1630 2216,1632 2273,1634 2329,1637 2385,1639 2442,1641 2498,1642 2554,1643 2611,1644 2667,1645 2724,1646"/>
                <TextEquiv>
                    <Unicode>Seele pinseln. Man kann, als Betrogener, in die Wonnen</Unicode>
                </TextEquiv>
            </TextLine>
            <TextLine id="r1l17" custom="readingOrder {index:16;}">
                <Coords points="2737,1652 2853,1675 2965,1660 3245,1681 3372,1674 3374,1633 3240,1613 3000,1628 2740,1585"/>
                <Baseline points="2756,1648 2785,1648 2815,1650 2845,1651 2875,1652 2905,1653 2935,1654 2965,1656 2995,1657 3025,1658 3055,1660 3084,1661 3114,1661 3144,1662 3174,1664 3204,1664 3234,1665 3264,1665 3294,1666 3324,1666 3354,1666"/>
                <TextEquiv>
                    <Unicode>Tragikomödie sich darstellt. </Unicode>
                </TextEquiv>
            </TextLine>
            <TextLine id="r1l18" custom="readingOrder {index:17;}">
                <Coords points="1561,1648 2752,1717 2754,1657 1563,1596"/>
                <Baseline points="1578,1654 1635,1657 1693,1659 1751,1661 1808,1664 1866,1666 1924,1669 1981,1670 2039,1672 2097,1674 2155,1676 2212,1678 2270,1680 2328,1681 2385,1684 2443,1686 2501,1687 2558,1690 2616,1692 2674,1694 2732,1697"/>
                <TextEquiv>
                    <Unicode>der Erkenntnis oder in die Wonnen der Blindheit flüchten.</Unicode>
                </TextEquiv>
            </TextLine>
            <TextLine id="r1l19" custom="readingOrder {index:18;}">
                <Coords points="2744,1713 2931,1719 2950,1701 2980,1721 3107,1714 3143,1738 3174,1709 3230,1734 3256,1716 3394,1732 3396,1672 2873,1658 2848,1638 2746,1653"/>
                <Baseline points="2765,1700 2795,1700 2826,1700 2856,1701 2887,1702 2917,1703 2948,1704 2978,1706 3009,1707 3039,1708 3070,1710 3101,1712 3131,1713 3162,1714 3192,1715 3223,1716 3253,1717 3284,1717 3314,1717 3345,1717 3376,1717"/>
                <TextEquiv>
                    <Unicode>ernst und heiter mag ein ästhet</Unicode>
                </TextEquiv>
            </TextLine>
            <TextLine id="r1l20" custom="readingOrder {index:19;}">
                <Coords points="1565,1713 2753,1760 2751,1700 1567,1657"/>
                <Baseline points="1586,1705 1643,1708 1700,1711 1758,1713 1815,1716 1873,1718 1930,1720 1987,1722 2045,1724 2102,1726 2160,1727 2217,1729 2274,1731 2332,1732 2389,1734 2447,1735 2504,1738 2561,1740 2619,1742 2676,1744 2734,1747"/>
                <TextEquiv>
                    <Unicode>Man kann sagen „Ha!“ oder auch „Ei was!“ und man</Unicode>
                </TextEquiv>
            </TextLine>
            <TextLine id="r1l21" custom="readingOrder {index:20;}">
                <Coords points="410,1762 556,1772 631,1731 795,1775 956,1747 1083,1771 1121,1745 1288,1778 1290,1680 1017,1643 849,1671 722,1639 606,1679 532,1629 464,1655 412,1635"/>
                <Baseline points="431,1731 473,1734 515,1737 557,1739 599,1740 641,1741 683,1742 725,1743 767,1743 809,1743 851,1743 893,1743 935,1743 977,1743 1019,1743 1061,1743 1103,1744 1145,1745 1187,1746 1229,1748 1271,1750"/>
                <TextEquiv>
                    <Unicode>##, Feuilleton.</Unicode>
                </TextEquiv>
            </TextLine>
            <TextLine id="r1l22" custom="readingOrder {index:21;}">
                <Coords points="2732,1755 2829,1767 2934,1748 3015,1774 3169,1764 3393,1788 3395,1732 3179,1712 3144,1730 2951,1700 2849,1722 2733,1714"/>
                <Baseline points="2752,1749 2783,1749 2814,1750 2845,1750 2876,1751 2907,1752 2938,1753 2969,1754 3000,1755 3031,1757 3062,1758 3093,1760 3124,1761 3155,1762 3186,1764 3217,1765 3248,1767 3279,1767 3310,1768 3341,1768 3373,1769"/>
                <TextEquiv>
                    <Unicode>auch ein Aergernis. So physiog</Unicode>
                </TextEquiv>
            </TextLine>
            <TextLine id="r1l23" custom="readingOrder {index:22;}">
                <Coords points="1561,1764 3107,1829 3392,1824 3394,1772 1563,1711"/>
                <Baseline points="1581,1756 1670,1759 1760,1762 1850,1766 1939,1769 2029,1772 2119,1775 2208,1778 2298,1782 2388,1785 2478,1789 2567,1791 2657,1795 2747,1798 2836,1801 2926,1804 3016,1807 3105,1810 3195,1812 3285,1815 3375,1817"/>
                <TextEquiv>
                    <Unicode>kann auch überhaupt den Mund halten, schweigen und schen Gesichter mit dem einen</Unicode>
                </TextEquiv>
            </TextLine>
            <TextLine id="r1l24" custom="readingOrder {index:23;}">
                <Coords points="1212,1842 1242,1847 1261,1832 1280,1841 1306,1827 1325,1839 1519,1846 1553,1840 1555,1788 1506,1786 1477,1770 1413,1782 1373,1754 1293,1778 1215,1760"/>
                <Baseline points="1232,1820 1257,1819 1282,1819 1308,1819 1333,1820 1358,1821 1384,1822 1409,1824 1434,1825 1460,1827 1485,1827 1510,1828 1536,1829"/>
                <TextEquiv>
                    <Unicode>(Nachdruck verboten.)</Unicode>
                </TextEquiv>
            </TextLine>
            <TextLine id="r1l25" custom="readingOrder {index:24;}">
                <Coords points="1559,1813 2746,1865 2749,1801 1561,1757"/>
                <Baseline points="1580,1801 1637,1804 1695,1806 1752,1809 1810,1811 1867,1813 1925,1816 1982,1818 2040,1820 2097,1823 2155,1825 2212,1827 2270,1830 2327,1831 2385,1833 2442,1835 2500,1837 2557,1839 2615,1841 2672,1842 2730,1844"/>
                <TextEquiv>
                    <Unicode>weiterdienen. Man kann sich über seine polygamen Jnstinkte</Unicode>
                </TextEquiv>
            </TextLine>
            <TextLine id="r1l26" custom="readingOrder {index:25;}">
                <Coords points="2727,1851 3399,1881 3401,1810 2728,1795"/>
                <Baseline points="2746,1844 2777,1844 2809,1845 2841,1847 2872,1848 2904,1849 2936,1851 2967,1852 2999,1854 3031,1855 3063,1856 3094,1857 3126,1858 3158,1859 3189,1860 3221,1861 3253,1862 3284,1862 3316,1863 3348,1863 3380,1863"/>
                <TextEquiv>
                    <Unicode>weinenden Aug'! Und so weich</Unicode>
                </TextEquiv>
            </TextLine>
            <TextLine id="r1l27" custom="readingOrder {index:26;}">
                <Coords points="1557,1855 3394,1947 3400,1861 1558,1814"/>
                <Baseline points="1575,1854 1665,1857 1755,1860 1845,1864 1936,1867 2026,1870 2116,1873 2207,1877 2297,1879 2387,1883 2478,1885 2568,1888 2658,1891 2748,1895 2839,1898 2929,1900 3019,1903 3110,1906 3200,1909 3290,1912 3381,1915"/>
                <TextEquiv>
                    <Unicode>durch Pflicht= und Treue=Gesetze hinweghelfen; man kann gewisse Weh=Uebermut, so fat</Unicode>
                </TextEquiv>
            </TextLine>
            <TextLine id="r1l28" custom="readingOrder {index:27;}">
                <Coords points="374,1894 866,1921 1006,1885 1359,1938 1577,1908 1580,1837 376,1811"/>
                <Baseline points="395,1871 453,1871 511,1872 569,1873 627,1874 685,1876 743,1877 801,1879 859,1882 917,1884 976,1886 1034,1888 1092,1891 1150,1893 1208,1896 1266,1898 1324,1899 1382,1901 1440,1903 1498,1904 1557,1905"/>
                <TextEquiv>
                    <Unicode>Glossen zu Schnitzlers Drama: „Das weite</Unicode>
                </TextEquiv>
            </TextLine>
            <TextLine id="r1l29" custom="readingOrder {index:28;}">
                <Coords points="1561,1902 3278,1974 3368,1969 3370,1921 1562,1857"/>
                <Baseline points="1580,1904 1668,1907 1757,1910 1845,1913 1934,1916 2022,1919 2111,1921 2199,1925 2288,1927 2376,1930 2465,1933 2554,1936 2642,1939 2731,1942 2819,1945 2908,1947 2996,1950 3085,1954 3173,1957 3262,1959 3351,1963"/>
                <TextEquiv>
                    <Unicode>ihnen aber auch freien Lauf lassen, sich dann in einem Gräber, die Skepsis die von</Unicode>
                </TextEquiv>
            </TextLine>
            <TextLine id="r1l30" custom="readingOrder {index:29;}">
                <Coords points="849,1972 901,1966 943,1979 1043,1956 1103,1965 1125,1952 1141,1967 1201,1975 1241,1955 1239,1899 845,1886"/>
                <Baseline points="867,1951 892,1954 917,1954 942,1955 968,1955 993,1954 1018,1953 1044,1951 1069,1949 1094,1947 1119,1945 1145,1944 1170,1943 1195,1942 1221,1941"/>
                <TextEquiv>
                    <Unicode>Tall</Unicode>
                </TextEquiv>
            </TextLine>
            <TextLine id="r1l31" custom="readingOrder {index:30;}">
                <Coords points="1555,1958 3355,2025 3379,1969 1557,1898"/>
                <Baseline points="1572,1950 1661,1953 1750,1957 1840,1961 1929,1964 2018,1967 2108,1971 2197,1974 2286,1977 2376,1981 2465,1984 2554,1987 2644,1990 2733,1993 2822,1996 2912,1999 3001,2002 3090,2004 3180,2007 3269,2009 3359,2012"/>
                <TextEquiv>
                    <Unicode>höheren Sinn als ehrlich empfinden und, falls diese schwarz geränderte Ironie mit</Unicode>
                </TextEquiv>
            </TextLine>
            <TextLine id="r1l32" custom="readingOrder {index:31;}">
                <Coords points="1559,2000 2743,2059 2745,1988 1561,1951"/>
                <Baseline points="1579,1999 1636,2001 1693,2003 1750,2005 1808,2007 1865,2009 1922,2011 1979,2014 2037,2016 2094,2018 2151,2020 2208,2023 2266,2025 2323,2027 2380,2029 2437,2032 2495,2033 2552,2036 2609,2037 2666,2039 2724,2040"/>
                <TextEquiv>
                    <Unicode>Empfindung nicht ausreicht, die innere Unruhe zu dämpfen,</Unicode>
                </TextEquiv>
            </TextLine>
            <TextLine id="r1l33" custom="readingOrder {index:32;}">
                <Coords points="497,1997 2662,2102 2744,2030 500,1941"/>
                <Baseline points="517,2002 627,2005 737,2007 847,2011 957,2015 1068,2020 1178,2024 1288,2030 1398,2034 1508,2040 1619,2045 1729,2051 1839,2056 1949,2061 2059,2066 2170,2071 2280,2076 2390,2079 2500,2083 2610,2087 2721,2089"/>
                <TextEquiv>
                    <Unicode>Man könnte nicht sagen, daß der Geist, der in dieser sich als Kraftnatur von genialischem Umfang und genialischer</Unicode>
                </TextEquiv>
            </TextLine>
            <TextLine id="r1l34" custom="readingOrder {index:33;}">
                <Coords points="2725,2057 3390,2089 3392,2018 3359,2013 2727,2005"/>
                <Baseline points="2746,2037 2777,2039 2808,2041 2839,2042 2871,2044 2902,2046 2933,2047 2964,2048 2996,2050 3027,2051 3058,2052 3089,2053 3121,2054 3152,2056 3183,2056 3214,2057 3246,2058 3277,2059 3308,2059 3339,2060 3371,2060"/>
                <TextEquiv>
                    <Unicode>und die rosig geränderte Melan</Unicode>
                </TextEquiv>
            </TextLine>
            <TextLine id="r1l35" custom="readingOrder {index:34;}">
                <Coords points="386,2047 2738,2160 2737,2088 388,1979"/>
                <Baseline points="403,2047 518,2050 634,2054 750,2058 866,2062 982,2067 1098,2071 1213,2076 1329,2081 1445,2086 1561,2091 1677,2096 1793,2101 1909,2106 2024,2111 2140,2116 2256,2120 2372,2124 2488,2128 2604,2131 2720,2134"/>
                <TextEquiv>
                    <Unicode>Tragikomödie waltet, tief ins Tiefe reicht. Aber er ist Fülle erachten, die eben einen Mehrverbrauch an erotischem</Unicode>
                </TextEquiv>
            </TextLine>
            <TextLine id="r1l36" custom="readingOrder {index:35;}">
                <Coords points="379,2110 1526,2152 1558,2089 381,2051"/>
                <Baseline points="397,2095 454,2098 511,2100 568,2103 625,2105 682,2107 739,2109 796,2112 853,2113 910,2115 968,2116 1025,2118 1082,2120 1139,2121 1196,2123 1253,2125 1310,2127 1367,2129 1424,2130 1481,2133 1539,2135"/>
                <TextEquiv>
                    <Unicode>empfindlich; ein sensibles Instrument, das auch auf leise</Unicode>
                </TextEquiv>
            </TextLine>
            <TextLine id="r1l37" custom="readingOrder {index:36;}">
                <Coords points="1555,2167 1645,2181 1694,2156 1750,2169 1765,2154 1832,2171 1918,2166 1948,2159 1949,2129 1919,2132 1901,2113 1852,2123 1837,2111 1557,2104"/>
                <Baseline points="1574,2145 1599,2146 1624,2147 1650,2147 1675,2148 1700,2148 1726,2149 1751,2149 1776,2150 1802,2150 1827,2151 1852,2152 1878,2153 1903,2154 1929,2156"/>
                <TextEquiv>
                    <Unicode>Material bedinge.</Unicode>
                </TextEquiv>
            </TextLine>
            <TextLine id="r1l38" custom="readingOrder {index:37;}">
                <Coords points="378,2140 1576,2206 1579,2131 379,2099"/>
                <Baseline points="397,2147 455,2148 513,2150 571,2152 629,2154 687,2156 745,2157 803,2159 861,2160 919,2162 977,2164 1035,2166 1093,2168 1151,2170 1209,2172 1267,2174 1325,2176 1383,2179 1441,2181 1499,2183 1557,2186"/>
                <TextEquiv>
                    <Unicode>Reizungen antwortet. Er verzeichnet vielerlei, was zwischen</Unicode>
                </TextEquiv>
            </TextLine>
            <TextLine id="r1l39" custom="readingOrder {index:38;}">
                <Coords points="2816,2173 2965,2189 3021,2172 3178,2200 3216,2183 3271,2203 3366,2173 3367,2125 3326,2119 3120,2127 3080,2107 3012,2135 2960,2114 2930,2128 2818,2109"/>
                <Baseline points="2836,2167 2861,2169 2887,2170 2912,2171 2938,2173 2963,2175 2989,2175 3014,2176 3040,2177 3065,2178 3091,2179 3116,2180 3142,2181 3167,2181 3193,2182 3218,2183 3244,2183 3269,2184 3295,2184 3320,2185 3346,2185"/>
                <TextEquiv>
                    <Unicode>Einmal fällt das Wort</Unicode>
                </TextEquiv>
            </TextLine>
            <TextLine id="r1l40" custom="readingOrder {index:39;}">
                <Coords points="369,2196 1550,2246 1551,2197 1480,2187 371,2159"/>
                <Baseline points="389,2193 446,2195 503,2198 560,2200 617,2202 674,2205 731,2207 788,2208 845,2210 902,2212 960,2214 1017,2216 1074,2217 1131,2220 1188,2221 1245,2223 1302,2224 1359,2226 1416,2228 1473,2229 1531,2231"/>
                <TextEquiv>
                    <Unicode>den Tatsachen und zwischen den Worten ist. Er hört Ober¬</Unicode>
                </TextEquiv>
            </TextLine>
            <TextLine id="r1l41" custom="readingOrder {index:40;}">
                <Coords points="1661,2206 2732,2254 2735,2175 1662,2158"/>
                <Baseline points="1678,2201 1729,2202 1781,2204 1833,2206 1885,2208 1936,2209 1988,2211 2040,2212 2092,2214 2143,2216 2195,2218 2247,2219 2299,2221 2350,2223 2402,2225 2454,2227 2506,2229 2557,2230 2609,2232 2661,2234 2713,2235"/>
                <TextEquiv>
                    <Unicode>In dem Schnitzlerschen Drama ist eine sehr geschickte</Unicode>
                </TextEquiv>
            </TextLine>
            <TextLine id="r1l42" custom="readingOrder {index:41;}">
                <Coords points="2724,2223 3381,2249 3384,2174 3354,2166 3323,2194 3021,2175 2875,2191 2824,2152 2727,2152"/>
                <Baseline points="2741,2212 2772,2215 2803,2217 2834,2219 2865,2221 2896,2223 2927,2224 2958,2225 2989,2227 3020,2228 3051,2228 3082,2229 3113,2230 3144,2231 3175,2232 3206,2233 3237,2234 3268,2236 3299,2238 3330,2239 3361,2241"/>
                <TextEquiv>
                    <Unicode>Wort, das trifft. Da liegen</Unicode>
                </TextEquiv>
            </TextLine>
            <TextLine id="r1l43" custom="readingOrder {index:42;}">
                <Coords points="376,2254 1560,2296 1551,2235 378,2198"/>
                <Baseline points="394,2239 451,2242 508,2245 566,2248 623,2250 681,2253 738,2255 795,2257 853,2259 910,2261 968,2263 1025,2265 1082,2266 1140,2268 1197,2270 1255,2271 1312,2274 1369,2276 1427,2278 1484,2280 1542,2283"/>
                <TextEquiv>
                    <Unicode>töne der Empfindung. Er hört die feinen Sprünge im</Unicode>
                </TextEquiv>
            </TextLine>
            <TextLine id="r1l44" custom="readingOrder {index:43;}">
                <Coords points="1558,2253 2727,2293 2722,2240 1560,2208"/>
                <Baseline points="1578,2243 1634,2245 1691,2247 1747,2250 1804,2252 1860,2254 1917,2257 1973,2259 2030,2261 2086,2264 2143,2266 2200,2268 2256,2270 2313,2272 2369,2275 2426,2276 2482,2278 2539,2279 2595,2281 2652,2282 2709,2283"/>
                <TextEquiv>
                    <Unicode>und vielmaschige Verflechtung dieser Methoden gegeben.</Unicode>
                </TextEquiv>
            </TextLine>
            <TextLine id="r1l45" custom="readingOrder {index:44;}">
                <Coords points="2727,2271 3388,2299 3390,2236 2728,2230"/>
                <Baseline points="2745,2266 2776,2268 2807,2269 2838,2270 2869,2273 2900,2273 2931,2275 2963,2276 2994,2277 3025,2279 3056,2280 3087,2281 3118,2281 3149,2282 3181,2283 3212,2284 3243,2284 3274,2284 3305,2284 3336,2285 3368,2284"/>
                <TextEquiv>
                    <Unicode>rührt an die schwächste Schw#</Unicode>
                </TextEquiv>
            </TextLine>
            <TextLine id="r1l46" custom="readingOrder {index:45;}">
                <Coords points="371,2305 1556,2345 1557,2292 1476,2275 373,2245"/>
                <Baseline points="392,2291 449,2294 506,2296 564,2298 621,2300 678,2302 736,2304 793,2307 850,2308 908,2310 965,2312 1022,2314 1080,2316 1137,2318 1194,2320 1252,2321 1309,2323 1366,2325 1424,2327 1481,2328 1539,2330"/>
                <TextEquiv>
                    <Unicode>(Gefüge menschlicher Beziehungen und die Arythmien im</Unicode>
                </TextEquiv>
            </TextLine>
            <TextLine id="r1l47" custom="readingOrder {index:46;}">
                <Coords points="1560,2305 2733,2341 2735,2289 1563,2249"/>
                <Baseline points="1578,2293 1634,2295 1691,2298 1748,2300 1805,2303 1862,2305 1918,2308 1975,2310 2032,2313 2089,2315 2146,2318 2202,2320 2259,2322 2316,2324 2373,2325 2430,2327 2486,2329 2543,2330 2600,2331 2657,2332 2714,2333"/>
                <TextEquiv>
                    <Unicode>Die Liebe spielt in allen Farben, von lächerlich=Rosa bis</Unicode>
                </TextEquiv>
            </TextLine>
            <TextLine id="r1l48" custom="readingOrder {index:47;}">
                <Coords points="2708,2313 3373,2346 3374,2293 3314,2281 2709,2272"/>
                <Baseline points="2725,2318 2756,2319 2787,2319 2819,2320 2850,2321 2882,2322 2913,2323 2944,2323 2976,2324 3007,2325 3039,2326 3070,2327 3101,2327 3133,2328 3164,2329 3196,2330 3227,2331 3258,2332 3290,2333 3321,2334 3353,2336"/>
                <TextEquiv>
                    <Unicode>Stärke des modernen Mensch</Unicode>
                </TextEquiv>
            </TextLine>
            <TextLine id="r1l49" custom="readingOrder {index:48;}">
                <Coords points="373,2357 1442,2393 1550,2389 1552,2344 375,2305"/>
                <Baseline points="394,2339 453,2342 513,2345 573,2348 633,2350 693,2353 753,2355 813,2357 873,2359 933,2361 993,2362 1053,2364 1113,2365 1173,2367 1233,2369 1293,2371 1353,2373 1413,2376 1473,2378 1533,2381"/>
                <TextEquiv>
                    <Unicode>Schlag auch der gesunden und starken Herzen. Seine</Unicode>
                </TextEquiv>
            </TextLine>
            <TextLine id="r1l50" custom="readingOrder {index:49;}">
                <Coords points="1545,2360 3369,2393 3344,2332 1547,2293"/>
                <Baseline points="1566,2341 1655,2345 1744,2350 1833,2353 1923,2357 2012,2360 2101,2362 2191,2364 2280,2366 2369,2368 2459,2369 2548,2371 2637,2372 2726,2373 2816,2374 2905,2375 2994,2376 3084,2377 3173,2379 3262,2380 3352,2382"/>
                <TextEquiv>
                    <Unicode>zu tragisch=Schwarz, sie tritt in zahllosen Spielarten auf Fähigkeit, anarchisch zu fühlen,</Unicode>
                </TextEquiv>
            </TextLine>
            <TextLine id="r1l51" custom="readingOrder {index:50;}">
                <Coords points="346,2428 445,2390 1543,2439 1544,2391 1414,2367 349,2342"/>
                <Baseline points="368,2388 425,2391 483,2393 541,2396 599,2398 657,2400 715,2402 772,2404 830,2405 888,2407 946,2409 1004,2410 1062,2412 1120,2414 1177,2416 1235,2418 1293,2420 1351,2423 1409,2425 1467,2429 1525,2433"/>
                <TextEquiv>
                    <Unicode>gentlichste Force aber ist das Verspüren von Hoffnungs¬</Unicode>
                </TextEquiv>
            </TextLine>
            <TextLine id="r1l52" custom="readingOrder {index:51;}">
                <Coords points="1556,2398 3158,2448 3338,2445 3380,2382 1557,2342"/>
                <Baseline points="1574,2386 1663,2393 1752,2398 1841,2402 1931,2406 2020,2409 2109,2412 2198,2414 2288,2416 2377,2417 2466,2418 2555,2419 2645,2419 2734,2420 2823,2421 2912,2422 3002,2423 3091,2426 3180,2427 3269,2430 3359,2434"/>
                <TextEquiv>
                    <Unicode>als naives Verlangen, als Besitz=Gier, als süßes und als seine zwangvolle Lust, sich formt</Unicode>
                </TextEquiv>
            </TextLine>
            <TextLine id="r1l53" custom="readingOrder {index:52;}">
                <Coords points="361,2440 1331,2494 1552,2491 1554,2438 363,2380"/>
                <Baseline points="381,2436 438,2439 496,2442 554,2445 611,2447 669,2449 727,2451 784,2453 842,2455 900,2456 958,2458 1015,2460 1073,2462 1131,2464 1188,2465 1246,2468 1304,2471 1361,2472 1419,2475 1477,2479 1535,2483"/>
                <TextEquiv>
                    <Unicode>losigkeiten; das Vor wittern herbstlicher Verwesung schon</Unicode>
                </TextEquiv>
            </TextLine>
            <TextLine id="r1l54" custom="readingOrder {index:53;}">
                <Coords points="1546,2445 2719,2488 2721,2439 2546,2421 1548,2397"/>
                <Baseline points="1565,2440 1621,2441 1678,2443 1735,2445 1792,2447 1849,2449 1905,2451 1962,2453 2019,2456 2076,2458 2133,2460 2189,2462 2246,2464 2303,2467 2360,2469 2417,2471 2473,2472 2530,2474 2587,2475 2644,2477 2701,2478"/>
                <TextEquiv>
                    <Unicode>bitteres Martyrium, als Schicksal und als Episode, als</Unicode>
                </TextEquiv>
            </TextLine>
            <TextLine id="r1l55" custom="readingOrder {index:54;}">
                <Coords points="2705,2470 3232,2482 3291,2503 3337,2478 3381,2498 3384,2420 3046,2447 2838,2403 2707,2417"/>
                <Baseline points="2726,2460 2757,2461 2789,2463 2821,2464 2853,2465 2885,2466 2916,2467 2948,2469 2980,2470 3012,2471 3044,2472 3075,2474 3107,2475 3139,2476 3171,2477 3203,2477 3234,2478 3266,2478 3298,2478 3330,2478 3362,2477"/>
                <TextEquiv>
                    <Unicode>eitles Bestreben, alles, was das</Unicode>
                </TextEquiv>
            </TextLine>
            <TextLine id="r1l56" custom="readingOrder {index:55;}">
                <Coords points="375,2499 1566,2550 1569,2487 377,2446"/>
                <Baseline points="394,2485 451,2487 509,2489 567,2491 625,2493 683,2496 740,2498 798,2500 856,2502 914,2504 972,2507 1029,2509 1087,2511 1145,2513 1203,2516 1261,2519 1318,2521 1376,2523 1434,2526 1492,2529 1550,2532"/>
                <TextEquiv>
                    <Unicode>in der Frühlingslandschaft; das Erhorchen der geheimnis¬</Unicode>
                </TextEquiv>
            </TextLine>
            <TextLine id="r1l57" custom="readingOrder {index:56;}">
                <Coords points="1545,2498 2666,2540 2718,2538 2720,2490 1547,2446"/>
                <Baseline points="1566,2489 1622,2491 1679,2493 1735,2495 1792,2497 1849,2499 1905,2501 1962,2503 2019,2505 2075,2508 2132,2509 2189,2512 2245,2513 2302,2515 2359,2517 2415,2519 2472,2521 2529,2522 2585,2524 2642,2525 2699,2526"/>
                <TextEquiv>
                    <Unicode>Irrlicht und als ewiges Feuer, als Sinn des Lebens und</Unicode>
                </TextEquiv>
            </TextLine>
            <TextLine id="r1l58" custom="readingOrder {index:57;}">
                <Coords points="2709,2520 3019,2540 3091,2520 3337,2545 3374,2539 3377,2479 3144,2496 2711,2464"/>
                <Baseline points="2730,2505 2761,2507 2792,2509 2823,2511 2854,2513 2886,2515 2917,2516 2948,2517 2979,2519 3010,2520 3042,2522 3073,2523 3104,2524 3135,2525 3166,2526 3198,2527 3229,2528 3260,2528 3291,2529 3322,2529 3354,2530"/>
                <TextEquiv>
                    <Unicode>Seele umschließen zu wollen. A</Unicode>
                </TextEquiv>
            </TextLine>
            <TextLine id="r1l59" custom="readingOrder {index:58;}">
                <Coords points="366,2545 1323,2568 1407,2601 1550,2587 1552,2531 368,2485"/>
                <Baseline points="384,2533 441,2536 498,2538 556,2541 613,2544 671,2546 728,2548 786,2550 843,2552 901,2554 958,2556 1015,2558 1073,2560 1130,2561 1188,2564 1245,2565 1303,2567 1360,2569 1418,2572 1475,2573 1533,2576"/>
                <TextEquiv>
                    <Unicode>vollen Pochtöne, die verraten, daß unsichtbare Kräfte an</Unicode>
                </TextEquiv>
            </TextLine>
            <TextLine id="r1l60" custom="readingOrder {index:59;}">
                <Coords points="1546,2548 2719,2596 2721,2532 1548,2503"/>
                <Baseline points="1565,2540 1621,2541 1678,2543 1735,2544 1792,2546 1849,2548 1906,2550 1962,2551 2019,2553 2076,2555 2133,2557 2190,2559 2247,2561 2304,2564 2360,2565 2417,2568 2474,2570 2531,2572 2588,2574 2645,2576 2702,2578"/>
                <TextEquiv>
                    <Unicode>als Unsinn des Lebens, als Angelegenheit des Herzens,</Unicode>
                </TextEquiv>
            </TextLine>
            <TextLine id="r1l61" custom="readingOrder {index:60;}">
                <Coords points="2704,2588 2865,2572 2957,2603 3092,2608 3171,2582 3271,2609 3365,2594 3368,2538 3092,2522 3016,2538 2708,2487"/>
                <Baseline points="2725,2556 2756,2557 2787,2558 2818,2560 2849,2561 2880,2562 2911,2564 2942,2565 2973,2567 3004,2568 3036,2570 3067,2571 3098,2573 3129,2574 3160,2575 3191,2576 3222,2578 3253,2579 3284,2580 3315,2581 3347,2582"/>
                <TextEquiv>
                    <Unicode>treulos sein zu müssen, um sich</Unicode>
                </TextEquiv>
            </TextLine>
            <TextLine id="r1l62" custom="readingOrder {index:61;}">
                <Coords points="360,2608 1418,2618 1419,2576 362,2540"/>
                <Baseline points="380,2584 431,2587 482,2589 533,2591 584,2593 635,2595 686,2596 737,2598 788,2600 839,2601 890,2603 941,2604 992,2606 1043,2608 1094,2609 1145,2611 1196,2613 1247,2615 1298,2617 1349,2619 1400,2622"/>
                <TextEquiv>
                    <Unicode>der Zerstörung eines Menschen=Schicksals arbeiten.</Unicode>
                </TextEquiv>
            </TextLine>
            <TextLine id="r1l63" custom="readingOrder {index:62;}">
                <Coords points="1548,2603 2721,2630 2701,2562 1550,2547"/>
                <Baseline points="1566,2587 1622,2588 1679,2590 1736,2592 1793,2593 1850,2596 1906,2598 1963,2600 2020,2603 2077,2606 2134,2608 2190,2610 2247,2612 2304,2615 2361,2617 2418,2619 2474,2620 2531,2621 2588,2622 2645,2623 2702,2623"/>
                <TextEquiv>
                    <Unicode>als Angelegenheit anderer Organe und sogar als An¬</Unicode>
                </TextEquiv>
            </TextLine>
            <TextLine id="r1l64" custom="readingOrder {index:63;}">
                <Coords points="1538,2641 2628,2710 2722,2679 2724,2631 1539,2589"/>
                <Baseline points="1555,2643 1612,2642 1669,2642 1727,2642 1784,2643 1842,2644 1899,2645 1957,2647 2014,2649 2072,2651 2129,2654 2186,2656 2244,2659 2301,2661 2359,2664 2416,2666 2474,2668 2531,2669 2589,2671 2646,2672 2704,2672"/>
                <TextEquiv>
                    <Unicode>gelegenheit des Großhirns. Aber da schneidet sie am</Unicode>
                </TextEquiv>
            </TextLine>
            <TextLine id="r1l65" custom="readingOrder {index:64;}">
                <Coords points="492,2638 1336,2673 1469,2708 1552,2696 1555,2602 1386,2627 493,2586"/>
                <Baseline points="510,2639 561,2641 612,2644 663,2646 714,2648 765,2650 816,2652 867,2654 918,2656 969,2657 1021,2659 1072,2661 1123,2663 1174,2664 1225,2666 1276,2667 1327,2668 1378,2670 1429,2671 1480,2672 1532,2673"/>
                <TextEquiv>
                    <Unicode>So ist dieses tragikomische „weite Land“: ein wohl¬</Unicode>
                </TextEquiv>
            </TextLine>
            <TextLine id="r1l66" custom="readingOrder {index:65;}">
                <Coords points="2806,2683 2854,2703 2873,2685 2996,2705 3049,2685 3097,2706 3220,2699 3265,2716 3355,2705 3358,2630 3290,2639 3194,2616 3137,2644 3070,2630 3047,2644 2996,2612 2942,2636 2808,2619"/>
                <Baseline points="2823,2677 2848,2677 2874,2678 2900,2679 2925,2680 2951,2682 2977,2683 3002,2685 3028,2686 3054,2687 3080,2689 3105,2690 3131,2691 3157,2693 3182,2693 3208,2694 3234,2694 3259,2695 3285,2694 3311,2694 3337,2693"/>
                <TextEquiv>
                    <Unicode>Ein echt Schnitzlersches</Unicode>
                </TextEquiv>
            </TextLine>
            <TextLine id="r1l67" custom="readingOrder {index:66;}">
                <Coords points="1534,2698 1582,2713 1638,2699 1657,2710 1680,2695 1747,2707 1784,2693 1833,2715 1874,2701 1874,2649 1792,2659 1661,2643 1647,2628 1628,2643 1579,2635 1534,2645"/>
                <Baseline points="1551,2690 1576,2690 1602,2688 1627,2688 1653,2688 1678,2689 1704,2689 1729,2690 1755,2690 1780,2691 1806,2691 1831,2691 1857,2691"/>
                <TextEquiv>
                    <Unicode>schlechtesten ab.</Unicode>
                </TextEquiv>
            </TextLine>
            <TextLine id="r1l68" custom="readingOrder {index:67;}">
                <Coords points="345,2719 563,2700 902,2738 970,2710 1291,2744 1289,2676 445,2652 349,2615"/>
                <Baseline points="367,2685 412,2687 457,2688 502,2689 548,2691 593,2692 638,2693 683,2695 729,2697 774,2698 819,2700 864,2701 910,2703 955,2704 1000,2706 1045,2708 1091,2709 1136,2711 1181,2712 1226,2714 1272,2716"/>
                <TextEquiv>
                    <Unicode>organisiertes Konzert der Würmer im Holz.</Unicode>
                </TextEquiv>
            </TextLine>
            <TextLine id="r1l69" custom="readingOrder {index:68;}">
                <Coords points="2705,2731 3306,2758 3355,2752 3357,2693 3199,2710 3035,2686 2997,2704 2827,2668 2707,2672"/>
                <Baseline points="2725,2728 2755,2728 2786,2728 2816,2728 2847,2729 2878,2729 2908,2730 2939,2731 2969,2733 3000,2735 3031,2736 3061,2737 3092,2739 3122,2740 3153,2741 3184,2742 3214,2743 3245,2743 3275,2743 3306,2743 3337,2742"/>
                <TextEquiv>
                    <Unicode>„weite Land“. Ein Tod in der</Unicode>
                </TextEquiv>
            </TextLine>
            <TextLine id="r1l70" custom="readingOrder {index:69;}">
                <Coords points="1641,2736 3299,2807 3365,2753 1643,2677"/>
                <Baseline points="1660,2734 1744,2739 1828,2742 1912,2746 1996,2750 2080,2753 2164,2756 2249,2760 2333,2762 2417,2765 2501,2768 2585,2771 2669,2774 2753,2777 2838,2780 2922,2782 3006,2785 3090,2788 3174,2791 3258,2793 3343,2796"/>
                <TextEquiv>
                    <Unicode>Es ist ein buntes und liebenswürdiges erotisches Beginn, ein Tod am Ende des</Unicode>
                </TextEquiv>
            </TextLine>
            <TextLine id="r1l71" custom="readingOrder {index:70;}">
                <Coords points="1536,2790 3370,2848 3372,2792 1538,2737"/>
                <Baseline points="1554,2782 1643,2785 1733,2789 1823,2793 1913,2796 2003,2799 2093,2803 2182,2806 2272,2809 2362,2812 2452,2816 2542,2819 2632,2822 2722,2825 2811,2827 2901,2830 2991,2833 3081,2835 3171,2838 3261,2840 3351,2842"/>
                <TextEquiv>
                    <Unicode>Maskenspiel mit trübem Ausgang. Und das Drollige an Tropfen Verwesungsparfüm i</Unicode>
                </TextEquiv>
            </TextLine>
            <TextLine id="r1l72" custom="readingOrder {index:71;}">
                <Coords points="478,2799 3356,2848 480,2736"/>
                <Baseline points="497,2793 638,2799 780,2804 922,2809 1064,2815 1206,2820 1348,2826 1490,2831 1632,2837 1774,2842 1916,2847 2057,2852 2199,2857 2341,2862 2483,2867 2625,2871 2767,2875 2909,2879 3051,2884 3193,2887 3335,2890"/>
                <TextEquiv>
                    <Unicode>Dieses Drama handelt, auf den Kreis der sogenannten seinen Figuren ist, daß sie die Maske gleichsam innerlich Schnitzlersche Muse niemals in</Unicode>
                </TextEquiv>
            </TextLine>
            <TextLine id="r1l73" custom="readingOrder {index:72;}">
                <Coords points="361,2840 3364,2956 3363,2884 363,2776"/>
                <Baseline points="378,2843 526,2848 674,2852 823,2857 971,2863 1119,2868 1268,2873 1416,2878 1564,2883 1713,2889 1861,2894 2009,2900 2158,2905 2306,2911 2454,2915 2603,2921 2751,2926 2899,2930 3048,2935 3196,2939 3345,2943"/>
                <TextEquiv>
                    <Unicode>guten Gesellschaft beschränkt, von den erotischer Möglich=tragen und nach außen hin ihr ehrliches Gesicht zeigen. ruht sich ihr Witz in geringe</Unicode>
                </TextEquiv>
            </TextLine>
            <TextLine id="r1l74" custom="readingOrder {index:73;}">
                <Coords points="351,2891 3358,3007 353,2838"/>
                <Baseline points="370,2891 518,2897 667,2902 815,2908 964,2912 1112,2917 1261,2922 1409,2927 1558,2932 1706,2936 1855,2941 2004,2945 2152,2950 2301,2955 2449,2959 2598,2964 2746,2969 2895,2974 3043,2980 3192,2985 3341,2991"/>
                <TextEquiv>
                    <Unicode>keiten; und führt alle ad absurdum. Es zeigt viele im Ihr Mund spricht Wahrheit, und ihr Herz lügt. Und sie Schatten des Todes. Die arme</Unicode>
                </TextEquiv>
            </TextLine>
            <TextLine id="r1l75" custom="readingOrder {index:74;}">
                <Coords points="349,2944 1877,3003 1879,2943 1785,2936 351,2891"/>
                <Baseline points="368,2939 442,2941 517,2944 591,2947 666,2950 741,2953 815,2955 890,2958 964,2960 1039,2963 1114,2966 1188,2968 1263,2971 1337,2973 1412,2976 1487,2978 1561,2980 1636,2983 1710,2985 1785,2986 1860,2988"/>
                <TextEquiv>
                    <Unicode>Irrgarten der Liebe (der freilich in Baden ist!) herum= wissen es nicht.</Unicode>
                </TextEquiv>
            </TextLine>
            <TextLine id="r1l76" custom="readingOrder {index:75;}">
                <Coords points="346,3003 1549,3043 1551,2983 348,2943"/>
                <Baseline points="364,2988 422,2989 480,2991 538,2993 597,2995 655,2997 713,2999 771,3001 830,3002 888,3005 946,3007 1004,3009 1063,3011 1121,3013 1179,3015 1237,3017 1296,3018 1354,3020 1412,3022 1470,3023 1529,3025"/>
                <TextEquiv>
                    <Unicode>taumelnde Kavaliere und Frauen. Es gibt eine Muster¬</Unicode>
                </TextEquiv>
            </TextLine>
            <TextLine id="r1l77" custom="readingOrder {index:76;}">
                <Coords points="2679,3031 2781,3015 2806,3039 2855,3029 2892,3049 2967,3029 3180,3051 3341,3041 3342,3000 3305,2995 3130,2982 3058,3002 2681,2963"/>
                <Baseline points="2700,3016 2731,3018 2762,3019 2793,3021 2824,3023 2855,3024 2886,3025 2918,3026 2949,3027 2980,3029 3011,3030 3042,3031 3073,3032 3104,3033 3136,3033 3167,3034 3198,3035 3229,3035 3260,3036 3291,3036 3323,3036"/>
                <TextEquiv>
                    <Unicode>die gütigste, die nobelste, die</Unicode>
                </TextEquiv>
            </TextLine>
            <TextLine id="r1l78" custom="readingOrder {index:77;}">
                <Coords points="355,3039 1516,3089 1545,3034 356,3005"/>
                <Baseline points="374,3034 431,3037 488,3039 546,3042 603,3044 661,3046 718,3048 776,3050 833,3052 891,3054 948,3056 1005,3058 1063,3060 1120,3063 1178,3065 1235,3066 1293,3069 1350,3071 1408,3073 1465,3076 1523,3078"/>
                <TextEquiv>
                    <Unicode>karte verliebter Komplikationen und eine Musterkarte der</Unicode>
                </TextEquiv>
            </TextLine>
            <TextLine id="r1l79" custom="readingOrder {index:78;}">
                <Coords points="1631,3042 3304,3102 3359,3047 1633,2986"/>
                <Baseline points="1651,3030 1735,3033 1819,3036 1903,3040 1988,3042 2072,3045 2156,3048 2241,3051 2325,3054 2409,3057 2494,3060 2578,3063 2662,3066 2746,3069 2831,3072 2915,3075 2999,3078 3084,3081 3168,3084 3252,3087 3337,3090"/>
                <TextEquiv>
                    <Unicode>Das Dramatisch=Unzulängliche an dem Spiel ist, blühende Tote auf dem Gewisse</Unicode>
                </TextEquiv>
            </TextLine>
            <TextLine id="r1l80" custom="readingOrder {index:79;}">
                <Coords points="354,3096 1396,3137 1534,3134 1536,3085 356,3037"/>
                <Baseline points="372,3084 429,3087 486,3090 543,3093 601,3095 658,3097 715,3099 772,3101 830,3102 887,3104 944,3105 1001,3107 1059,3108 1116,3110 1173,3112 1230,3113 1288,3115 1345,3117 1402,3120 1459,3122 1517,3125"/>
                <TextEquiv>
                    <Unicode>Methoden, sich mit dem Elend der Liebe abzufinden. Man</Unicode>
                </TextEquiv>
            </TextLine>
            <TextLine id="r1l81" custom="readingOrder {index:80;}">
                <Coords points="1529,3085 3363,3151 3365,3084 1531,3021"/>
                <Baseline points="1548,3078 1637,3081 1727,3084 1817,3087 1907,3090 1997,3093 2087,3096 2176,3100 2266,3103 2356,3106 2446,3110 2536,3113 2626,3116 2716,3119 2805,3122 2895,3125 2985,3127 3075,3130 3165,3133 3255,3135 3345,3137"/>
                <TextEquiv>
                    <Unicode>daß es zwar große Ursachen ahnen zu lassen und große sie ihn nicht erhörte, einer wir</Unicode>
                </TextEquiv>
            </TextLine>
            <TextLine id="r1l82" custom="readingOrder {index:81;}">
                <Coords points="343,3152 1531,3189 1533,3129 346,3073"/>
                <Baseline points="364,3137 421,3138 479,3140 536,3142 594,3144 651,3145 709,3147 766,3149 824,3151 881,3152 939,3154 997,3156 1054,3157 1112,3159 1169,3161 1227,3163 1284,3165 1342,3166 1399,3169 1457,3171 1515,3173"/>
                <TextEquiv>
                    <Unicode>kann sich auf sein Ethos besinnen und als ein trister</Unicode>
                </TextEquiv>
            </TextLine>
            <TextLine id="r1l83" custom="readingOrder {index:82;}">
                <Coords points="1524,3141 3156,3200 3354,3195 3356,3139 1526,3081"/>
                <Baseline points="1544,3126 1633,3129 1723,3132 1812,3136 1902,3139 1992,3143 2081,3146 2171,3149 2261,3153 2350,3156 2440,3159 2530,3162 2619,3166 2709,3168 2799,3171 2888,3174 2978,3176 3068,3179 3157,3181 3247,3183 3337,3185"/>
                <TextEquiv>
                    <Unicode>Wirkungen erregend darzustellen weiß; aber die Wege erhörte. Ich denke an die Mi</Unicode>
                </TextEquiv>
            </TextLine>
            <TextLine id="r1l84" custom="readingOrder {index:83;}">
                <Coords points="1527,3193 3343,3242 3293,3173 1529,3137"/>
                <Baseline points="1546,3177 1639,3179 1733,3181 1826,3184 1920,3187 2014,3190 2107,3193 2201,3197 2295,3200 2388,3204 2482,3207 2575,3211 2669,3215 2763,3218 2856,3221 2950,3224 3044,3226 3137,3228 3231,3230 3325,3231"/>
                <TextEquiv>
                    <Unicode>zwischen Ursache und Wirkung in einer leichtsinnigen und schauerlich entlaubt sie um halb</Unicode>
                </TextEquiv>
            </TextLine>
            <TextLine id="r1l85" custom="readingOrder {index:84;}">
                <Coords points="349,3183 3352,3291 351,3138"/>
                <Baseline points="369,3187 517,3190 665,3194 813,3199 961,3203 1110,3208 1258,3213 1406,3218 1554,3223 1702,3228 1851,3233 1999,3239 2147,3243 2295,3249 2443,3254 2592,3259 2740,3264 2888,3269 3036,3274 3184,3278 3333,3283"/>
                <TextEquiv>
                    <Unicode>Ehrenmann, grau aber aufrecht, Distanz von der Liebe jähen Verkürzung zeigt. Aus der Tändelei geht es senkrecht theater dasteht. Vor Beginn de</Unicode>
                </TextEquiv>
            </TextLine>
            <TextLine id="r1l86" custom="readingOrder {index:85;}">
                <Coords points="338,3238 3365,3290 340,3179"/>
                <Baseline points="356,3236 505,3241 654,3246 804,3251 953,3256 1103,3261 1252,3266 1402,3271 1551,3275 1701,3280 1850,3285 1999,3290 2149,3295 2298,3300 2448,3305 2597,3310 2747,3316 2896,3320 3046,3325 3195,3331 3345,3336"/>
                <TextEquiv>
                    <Unicode>halten. Man kann, verlassen und getäuscht, witwig abwärts in die Tragik. Als unnotwendig, als milieu=fremd Mann, zu Beginn geht die T#</Unicode>
                </TextEquiv>
            </TextLine>
            <TextLine id="r1l87" custom="readingOrder {index:86;}">
                <Coords points="1476,3380 2558,3443 2671,3435 2718,3358 1478,3320"/>
                <Baseline points="1496,3376 1556,3376 1616,3377 1676,3378 1736,3379 1796,3381 1856,3383 1916,3386 1976,3388 2036,3391 2097,3393 2157,3396 2217,3398 2277,3400 2337,3402 2397,3403 2457,3404 2517,3405 2577,3405 2637,3405 2698,3404"/>
                <TextEquiv>
                    <Unicode>Ansere heutige Rummer ist 16 Seiten stark.</Unicode>
                </TextEquiv>
            </TextLine>
            <TextLine id="r1l88" custom="readingOrder {index:87;}">
                <Coords points="2814,4161 2863,4164 2874,4175 2889,4179 2949,4178 2948,4089 2814,4090"/>
                <Baseline points="2834,4153 2866,4152 2898,4152 2930,4152"/>
                <TextEquiv>
                    <Unicode>—.—</Unicode>
                </TextEquiv>
            </TextLine>
            <TextEquiv>
                <Unicode>Das
We
24. #ite Land
box 29/6
Unsere heutige Nummer enthält:
Seite 9 und 10: Sonntagsbriefe vom Schottenring.
resignieren, aber auch, zu Betäubungszwecken, sich in den empfindet man all die blutigen
Seite 13: Konzerte.
Strudel stürzen. Man kann den Nebenbuhler erschießen vom Kahlenberg tödlich abstürg
Seite 15: „Frauenspiegel.“
oder sich selbst erschießen, oder sich durch muntere und Wien auf Nimmerwiederfinden
einfältig=geistreiche Meditationen den Schmerz von der
Unverlangt eingesendete Manuskripte werden nicht zuräckgeschickt, auch dann nicht,
 wenn Rückporto beitlegt. Es ist daher notwendig, Kopien zurückzubehalten.
Das Peinliche an dem
Seele pinseln. Man kann, als Betrogener, in die Wonnen
Tragikomödie sich darstellt. 
der Erkenntnis oder in die Wonnen der Blindheit flüchten.
ernst und heiter mag ein ästhet
Man kann sagen „Ha!“ oder auch „Ei was!“ und man
##, Feuilleton.
auch ein Aergernis. So physiog
kann auch überhaupt den Mund halten, schweigen und schen Gesichter mit dem einen
(Nachdruck verboten.)
weiterdienen. Man kann sich über seine polygamen Jnstinkte
weinenden Aug'! Und so weich
durch Pflicht= und Treue=Gesetze hinweghelfen; man kann gewisse Weh=Uebermut, so fat
Glossen zu Schnitzlers Drama: „Das weite
ihnen aber auch freien Lauf lassen, sich dann in einem Gräber, die Skepsis die von
Tall
höheren Sinn als ehrlich empfinden und, falls diese schwarz geränderte Ironie mit
Empfindung nicht ausreicht, die innere Unruhe zu dämpfen,
Man könnte nicht sagen, daß der Geist, der in dieser sich als Kraftnatur von genialischem Umfang und genialischer
und die rosig geränderte Melan
Tragikomödie waltet, tief ins Tiefe reicht. Aber er ist Fülle erachten, die eben einen Mehrverbrauch an erotischem
empfindlich; ein sensibles Instrument, das auch auf leise
Material bedinge.
Reizungen antwortet. Er verzeichnet vielerlei, was zwischen
Einmal fällt das Wort
den Tatsachen und zwischen den Worten ist. Er hört Ober¬
In dem Schnitzlerschen Drama ist eine sehr geschickte
Wort, das trifft. Da liegen
töne der Empfindung. Er hört die feinen Sprünge im
und vielmaschige Verflechtung dieser Methoden gegeben.
rührt an die schwächste Schw#
(Gefüge menschlicher Beziehungen und die Arythmien im
Die Liebe spielt in allen Farben, von lächerlich=Rosa bis
Stärke des modernen Mensch
Schlag auch der gesunden und starken Herzen. Seine
zu tragisch=Schwarz, sie tritt in zahllosen Spielarten auf Fähigkeit, anarchisch zu fühlen,
gentlichste Force aber ist das Verspüren von Hoffnungs¬
als naives Verlangen, als Besitz=Gier, als süßes und als seine zwangvolle Lust, sich formt
losigkeiten; das Vor wittern herbstlicher Verwesung schon
bitteres Martyrium, als Schicksal und als Episode, als
eitles Bestreben, alles, was das
in der Frühlingslandschaft; das Erhorchen der geheimnis¬
Irrlicht und als ewiges Feuer, als Sinn des Lebens und
Seele umschließen zu wollen. A
vollen Pochtöne, die verraten, daß unsichtbare Kräfte an
als Unsinn des Lebens, als Angelegenheit des Herzens,
treulos sein zu müssen, um sich
der Zerstörung eines Menschen=Schicksals arbeiten.
als Angelegenheit anderer Organe und sogar als An¬
gelegenheit des Großhirns. Aber da schneidet sie am
So ist dieses tragikomische „weite Land“: ein wohl¬
Ein echt Schnitzlersches
schlechtesten ab.
organisiertes Konzert der Würmer im Holz.
„weite Land“. Ein Tod in der
Es ist ein buntes und liebenswürdiges erotisches Beginn, ein Tod am Ende des
Maskenspiel mit trübem Ausgang. Und das Drollige an Tropfen Verwesungsparfüm i
Dieses Drama handelt, auf den Kreis der sogenannten seinen Figuren ist, daß sie die Maske gleichsam innerlich Schnitzlersche Muse niemals in
guten Gesellschaft beschränkt, von den erotischer Möglich=tragen und nach außen hin ihr ehrliches Gesicht zeigen. ruht sich ihr Witz in geringe
keiten; und führt alle ad absurdum. Es zeigt viele im Ihr Mund spricht Wahrheit, und ihr Herz lügt. Und sie Schatten des Todes. Die arme
Irrgarten der Liebe (der freilich in Baden ist!) herum= wissen es nicht.
taumelnde Kavaliere und Frauen. Es gibt eine Muster¬
die gütigste, die nobelste, die
karte verliebter Komplikationen und eine Musterkarte der
Das Dramatisch=Unzulängliche an dem Spiel ist, blühende Tote auf dem Gewisse
Methoden, sich mit dem Elend der Liebe abzufinden. Man
daß es zwar große Ursachen ahnen zu lassen und große sie ihn nicht erhörte, einer wir
kann sich auf sein Ethos besinnen und als ein trister
Wirkungen erregend darzustellen weiß; aber die Wege erhörte. Ich denke an die Mi
zwischen Ursache und Wirkung in einer leichtsinnigen und schauerlich entlaubt sie um halb
Ehrenmann, grau aber aufrecht, Distanz von der Liebe jähen Verkürzung zeigt. Aus der Tändelei geht es senkrecht theater dasteht. Vor Beginn de
halten. Man kann, verlassen und getäuscht, witwig abwärts in die Tragik. Als unnotwendig, als milieu=fremd Mann, zu Beginn geht die T#
Ansere heutige Rummer ist 16 Seiten stark.
—.—</Unicode>
            </TextEquiv>
        </TextRegion>
    </Page>
</PcGts>
