3392 4608
1344 159 1794 244 box 28/4
221 178 1190 277 24. Das weite-Land
380 776 1604 847 Punkte zu kurieren“, nicht nur das der Frauen, sondern auch das
375 827 1582 873 der Männer, die anscheinend zu nichts anderem auf der Welt sind
388 879 1598 925 als zu Liebesabenteuern: zu Liebe und Liebelei. Die Erotik ist der
386 911 1588 972 Pol, um den Schnitzlers Erdball kreist; allerdings eine feine,
377 956 1588 990 differenzierte, über sich selbst philosophierende, sich selbst bespiegelnde
389 1001 1593 1042 Erotik. Das macht die Begrenzung Schnitzlers aus. Und eine
391 1030 1590 1077 andere Begrenzung des Dramatikers Schnitzler ist die, daß
390 1070 1592 1117 er kräftige' bestimmte Charaktere, eine entschiedene Stellung¬
379 1113 1593 1142 nahme, die das Drama verlangt und die man auch mit
393 1141 1587 1201 feinsten psychologischen Mitteln, auch mit Zwischenfarben zu
376 1179 1582 1240 geben vermag (man denke an Ibsen), nicht bieten kann,
382 1232 1581 1278 weil sie seiner weichen und melancholischen Natur widerstreben.
388 1261 1595 1310 „Im weiten Land“ werden Treue und Untreue, Sich=Ausleben
374 1288 1587 1350 und das Leiden um dessentwillen, daß man sich nach seiner
383 1341 1587 1389 ganzen physischen und seelischen Beschaffenheit nicht ausleben kann,
382 1374 1597 1431 tiefe Liebe und oberflächliche Liebe gezeigt in einem leicht be¬
386 1428 1582 1476 wegten Wellenspiel, bei dem die Wasserchen bald aufblitzen, bald
390 1453 1586 1502 in Dämmerung verschwinden, bald wieder aufblinken, bis ein
391 1488 1592 1546 Wind darüber fährt und das schillernde Spiel die düstere Sturm¬
386 1534 1591 1593 farbe erhält. Ein tödlicher Schuß im Duell macht der Spielerei
394 1564 1583 1612 ein Ende, ein Duell, zu dem nicht aus Ernst, aus sittlicher Ent¬
390 1610 1589 1663 rüstung herausgefordert wird, sondern weil Herr Hofreiter, der
383 1649 1590 1683 betrogene Ehemann, nicht als „Hopf“, als Dummer dastehen
388 1703 1590 1745 will. Als aber Hofreiter, der selber seine Frau andauernd betrügt,
381 1726 1584 1769 sie aber doch wirklich liebt, dem jungen Fähnrich mit der
1378 1762 1594 1820 wie Bau¬
389 1762 1288 1826 Pistole gegenübersteht, fühlt der Alternde sich
385 1813 1480 1866 meister Solneß, nur übertragen aufs Liebesleben
382 1840 1587 1893 der siegenden Jugend gegenüber, die ihm sein Weib
390 1882 1592 1937 raubt. Da knallt er den jungen sympathischen Menschen nieder,
383 1934 1597 1975 nimmt aber zu gleicher Zeit Abschied von allen Liebesabenteuern
390 1961 1586 2010 und verliert zur selben Stunde auch sein Weib. Der Schluß ist er¬
387 1989 1598 2046 schütternd, obgleich die Tragit wenig begründet und sich unvermittelt
390 2039 1597 2084 emporreckt. Die novellistischen fünf Akte fesseln durch die welt¬
390 2076 1599 2130 männische, überlegene, halb ironische, halb melancholische Art, mit
392 2118 1598 2167 der sich Schnitzler auf seinem Spezialgebiet bewegt und die Aeuße¬
393 2155 1599 2200 rungen der Liebesempfindungen, der Treue und Untreue von allen
391 2199 1595 2242 Seiten her beleuchtet. Einige Kürzungen würden der Dichtung, die
392 2230 1587 2274 an dem gleichen Abend an mehr als zehn Bühnen die Uraufführung
390 2272 877 2330 erlebt hat, genützt haben.
475 2303 1585 2357 Auch würde es dem Werk genützt haben, wenn die Hauptfigur
386 2339 1586 2390 Hofreiter nicht von Herrn Monnard dargestellt worden wäre.
389 2385 1593 2430 Hofreiter soll ein erobernder, glänzender, egoistischer, doch durch
395 2427 1588 2470 seinen Charme versöhnender Ehe= und Herzensbrecher sein.
386 2470 1592 2515 Monnards Grundwesen aber ist — wofür er nichts kann — schwer
391 2507 1591 2553 und brutal. In manchen Szenen wirkte er durch seine maskenlose
392 2552 1591 2592 Offenheit fast peinlich. Anders Irene Triesch, die leidende
390 2581 1599 2620 Gattin Hofreiters, die dem Dichter mehr gab, als er ihr. Emanuel
391 2625 1586 2673 Reicher und Mathilde Sussin hatten zwei farblose Typen darzustellen,
385 2660 1590 2706 die nur Schnitzlers Theorien zu dozieren hatten. Reicher gab
392 2708 1594 2755 seinem Doktor immerhin einige Individualität, der Sussin
386 2733 1605 2780 gelang das nicht. Stieler als Fähnrich, Hans Marr als ernster
392 2782 1594 2827 Arzt, Froböse als Bankier Natter dienten dem Dichter nach besten
391 2821 1596 2863 Kräften. Hilde Herterich aber tat mehr. Sie war ein leben¬
402 2829 1602 2903 sprühendes und finnliches Jungsräulein, das — die Hilde Wangel
905 2902 1599 2938 mit Hofreiter auf einen gefährlichen!
395 2902 908 2947 des Baumeister Solneß —
390 2927 1604 2979 Felsenturm klettert und bei ihm das Königreich der Liebe finden
383 2974 1608 3017 will. Humoristische Typen fanden in der Darstellung von Bruno
385 3012 1598 3059 Ziener als Tennisspieler, Forest als Schriftsteller mit einer Peter
395 3035 1599 3096 Altenberg =Kopie, Ilka Grüning als schwatzhafte Salonmutten
390 3083 1595 3134 fröhlichen Anklang. Der Erfolg der Tragikomödie bewegte sich
397 3123 1605 3190 wie die Dichtung auf einer Zwischenstufe. Immerhin konute
1418 3161 1561 3224 Schk“
392 3171 1372 3216 Direktor Brahm für den abwesenden Dichter danken.
473 3209 1601 3255 Daß Direktor Otto Brahm zum künftigen Leiter des
394 3246 1598 3296 Wiener Burgtheaters in Aussicht genommen ist, wußte ein
394 3279 1610 3348 Berliner Mittagsblatt am Montag aus „zuverlässigster Quelle“ zu
388 3339 1603 3380 melden. Wie der Vertreter des Dr. Brahm erklärt, ist an der
387 3375 1599 3427 Meldung kein wahres Wort. Sollte Brahm 1914 von der
392 3409 1606 3462 Leitung des Lessing=Theaters zurücktreten, so würde eine Direktions¬
405 3449 1598 3493 führung für ihn keineswegs in Frage kommen. Damit erledigen
399 3486 1607 3547 sich auch die Gerüchte, die Brahms zum künftigen Leiter des
392 3527 920 3585 Deutschen Theaters machen.
472 3576 1597 3622 Der Generaldirektor der Königlichen Museen Wilhelm Bode
401 3613 1607 3683 ermächtigt uns zu der Erklärung, daß die von einem Berliner
2169 141 2507 230 17 04T 1911
2047 199 2185 260 vom:
2347 186 3029 310 -Deutsche Warte. Bt
2444 327 2735 428 Theater.
2393 419 2765 501 Lessing=Theater.
2090 477 3169 554 Zum ersten Male: Das weite Land, eine Tragi¬
1996 524 3169 596 komödie in fünf Akten von Artur Schnitzler. Regie: Emil
2003 595 2172 658 Lessing.
2091 634 3180 688 Dieses Schauspiel ist langweilig von der ersten bis zur
2008 684 3183 733 letzten Szene. Das mag zum Teil auch daher kommen, weil
2015 731 3179 780 es in fremden Zungen zu uns spricht und mit Moral und Ehr¬
2000 782 3185 819 begriffen jongliert, für die uns das Verständnis fehlt. Wenn
2011 821 3182 865 man die These dieser Akte auf eine Formel bringen wollte,
2004 847 3185 916 würde man im studentischen Jargon etwa sagen müssen: es
2000 894 3178 959 predigt den Ehebruch über kreuz. Mit allen Schikanen und
2000 957 3191 999 allen Finessen. Mit einer Laxheit, die selbstverständlich ist,
2007 994 3194 1042 und einer Leichtfertigkeit, die auch Nichtphilister zum Gruseln
2003 1024 3190 1084 bringen kann .... Der Inhalt, wenn man von einem
2011 1069 3194 1130 solchen reden will, ist mit ein paar Strichen skizziert: Frie¬
2001 1128 3194 1174 drich Hofreiter betrügt seine Frau, wie und wo er nur kann.
2004 1158 3196 1211 Er sieht nichts darin und würde ihr seine Abenteuer, falls sie
2015 1208 3187 1266 ihn nach ihnen früge, Fall um Fall erzählen. Ein Gemüts¬
2013 1238 3197 1305 mensch ist dieser Hofreiter also jedenfalls. Einer seiner
2007 1288 3199 1348 Freunde erschießt sich. Weil seine Gattin, Genia, den Werbun¬
2013 1344 3179 1406 gen jenes Liebebedürftigen widersteht und widerstehen wird.
2023 1395 3199 1440 Diese Tugendboldigkeit entsetzt Herrn Hofreiter dermaßen, daß
2026 1423 3195 1484 ihm seine Frau fremd wird, daß ihre Nähe ihn bedrückt und
2006 1477 3194 1529 beengt, daß er hinaus in die Weite und hinauf auf die Berge
2018 1506 3194 1566 muß. Nicht ohne den kleinen Nebengedanken mitzunehmen,
2009 1563 3197 1615 in dieser Weite und auf jenen Bergen Erna Wahl, die Liebste
2013 1594 3202 1670 seines Freundes, des Dr. Franz Mauer, zu erobern. Und so tut
2018 1643 3202 1704 er denn auch — auf offener Szene, im Klubsessel, in einem
2021 1687 3205 1769 Hoteivorraum verspricht sie ihm, sein zu werden, nicht seine
2008 1741 3198 1792 Frau, das wird sich später finden; aber jedenfalls sein —
2011 1764 3201 1830 Just zu derselben Zeit rächt sich Frau Genia an ihrem Manne
2018 1817 3202 1871 mit dem Fähnrich Otto Aigner. . . Nun sind sie quitt, denkt der
2019 1877 3208 1928 schadenfrohe Leser und zitiert: wie du mir, so ich dir! Aber
2011 1919 3201 1966 da hat er mit der Eitelkeit des Herrn Hofreiter nicht gerechnet —
2018 1955 3206 2008 Er koramiert den jungen Mann. Warum? Aus verwundeter
2017 1994 3208 2052 Liebe, aus loderndem Zorn und kränkender Schmach? Also
2011 2031 3216 2094 aus einer Augenblicksaufwallung immerhin? „Wenn es Haß
2019 2087 3211 2143 wäre — Wut — Eifersucht — Liebe.“ — „Na ja, von all dem
2024 2120 3213 2197 verspür ich allerdings verdammt wenig. Aber man will doch
2018 2182 3205 2230 nicht der Dumme sein. Und geht hin und knallt den Otto
2026 2210 3202 2281 Aigner nieder, ob er gleich seiner Philosophie getreu gelebt und
2396 2249 3211 2314 Genia flüchtet in ihrem Schmerz zu der
2022 2267 2392 2326 gehandelt hat ...
2021 2318 3217 2363 Mutter ihres Liebsten und Hofreiter erklärt nach etlichen An¬
2021 2344 3212 2410 merkungen über sich und seine Psyche („Hineinschauen in mich
2022 2399 3211 2449 kannst du doch nicht, kann keiner“ und so), nach Amerika zu
2025 2447 3217 2490 wollen. Ich gehe mit dir, versichert Erna, die Braut aus den
2022 2486 3217 2542 Bergen. Aber nein, wehrt Hofreiter ab, „wird nicht ange¬
2023 2503 3210 2574 nommen. Alles ist Täuschung. Aus, Erna, auch zwischen uns“
2023 2572 3215 2634 Wetten wir, daß derselbe Mann, der jetzt ein „aus, Erna, auch
2016 2602 3219 2656 zwischen uns“ spricht, in den Akten, die hinter diesen fünfen
2029 2662 3207 2709 liegen, dasselbe Spiel von neuem anheben wird! Das Schau¬
2020 2690 3211 2766 spiel hat kein Knochengerüst, hat kein Fundament, hat keine
2028 2736 3218 2794 Pointe — Oder sollte sie etwa in jenen Sätzen enthalten sein,
2028 2788 3206 2843 die da betonten, „was für komplizierte Subjekte wir Menschen
2032 2823 3208 2886 im Grunde sind? So vieles hat zugleich Raum in uns! Wir
2018 2885 3210 2935 versuchen wohl Ordnung in uns zu schaffen, so gut es geht,
2018 2910 3257 3003 aber diese Ordnung ist doch nur etwas Künstliches—.Die 1
2017 3010 3204 3075 Seele — ist ein weites Land —!“ Nein, diese Ordnung ist
2017 3053 3204 3114 nicht nur etwas Künstliches, diese Ordnung ist ein Produkt
2017 3094 3201 3157 von Anlage, Erziehung und Charakter. Freilich, wer
2695 3136 3195 3205 das Kribbeln kriegt
2171 3142 2663 3203 bei jeder Schürze
2020 3147 2154 3208 gleich
2683 3184 3081 3243 herausfällt, dem
2020 3186 2664 3245 und aus der „Ordnung“
2016 3210 3197 3283 nicht zu helfen, der soll aber nicht von „komplizierten Subjekten“.
2023 3275 3195 3323 reden. Denn seine Psyche ist letzten Endes doch verdammt ein¬
2015 3338 3210 3383 fach! Schnitzler wollte wohl eine Art von Apologie der Seiten¬
2029 3368 3192 3415 sprünge schreiben und wälzte lediglich die amüsante Niedlich¬
2018 3406 3206 3464 keit seiner Anatolweisheiten in ein fadenscheiniges Geschreibsel
2701 3446 3214 3502 .Mehr als alle Anmer¬
2020 3445 2665 3510 für den Hintertreppenbedarf aus
2020 3492 3204 3547 kungen zu diesen fünf Akten charakterisieren den Geist, der in
2015 3531 3202 3594 ihnen lebendig ist, ein paar Vorkommnisse: Genia hat von
2011 3572 3202 3636 ihrem abgewiesenen Freier einen Abschiedsbrief erhalten, in dem
2021 3623 3212 3676 er ihre Tugendhaftigkeit für sein Ende verantwortlich macht.
2015 3660 3213 3716 Notgedrungen muß sie das Schreiben ihrem Gatten weisen.
2027 3722 3217 3764 Und der geht nun hin und — erzählt seinen Inhalt jedermann,
2022 3743 3216 3801 der es hören oder nicht hören will . . . Gent! ... Hofreiter
2018 3792 3215 3855 kehrt früher heim, als er erwartet wurde. Er trifft seine Frau
2026 3838 3216 3888 im Garten im Téte-à-tête mit dem Fähnrich, läßt die beiden
2030 3881 3208 3940 im Hause verschwinden, hält draußen Wache, bis der junge
2031 3932 3206 3978 Mann durch das Schlafzimemr Genias aussteigt und — schlaft
2034 3968 3212 4024 dann auf dem Wiesengrund einen erquicklich=süßen, tiefen
2027 4013 3210 4073 Schlaf ... Gent ... Und dann — dann erschießt er den
2036 4056 3213 4123 Fähnrich — um nicht der Dumme zu sein ... Gent....
2121 4107 2538 4169 Schnitzler, Schnitzler!
