3436 4256
330 109 1294 221 24. Das veite Land
1454 132 1886 219 box 29/3
812 1605 1797 1675 was Hofreiter, Genia und der famose Hoteldirektor
820 1658 1788 1712 an Lebensweisheit verkünden, grenzt beinahe ans
820 1700 1789 1775 Pathologische. Es sind betrogene Betrüger, die jäm¬
818 1741 1797 1823 merlich irregehen, sich selbst und andere belügen.
809 1798 1799 1871 Schnitzler liebt es, die Dinge, wie sie sind, weh¬
814 1852 1800 1921 mütig zu betrachten, er zuckt die Achseln und er lä¬
807 1888 1795 1962 chelt. Er glaubt zu begreifen, daß es keinen Zorn
802 1953 1788 2008 verdient, wenn unser Willen, unser Wissen und
803 2004 1790 2064 unser Hoffen an unseren Stimmungen und an un¬
815 2049 1789 2120 serer Schwäche scheitert und er ergibt sich der Resig¬
807 2093 1785 2167 nation; es ist ebenso viel Weisheit als dekadente
807 2131 1793 2214 Mutlosigkeit in solcher Einsicht — aber es ist keine
798 2194 1785 2265 Kunst, die zu den reineren Höhen eines wahrhaften
800 2243 1613 2316 und starken Menschentums emporführt ...
873 2346 1787 2408 Wir sind der Direktion unseres Stadttheaters
807 2400 1770 2461 nicht nur zu aufrichtigem Danke verpflichtet, die Auf¬
803 2442 1775 2510 führung des interessanten Werkes ermöglicht zu ha¬
799 2493 1778 2569 ben, wir schulden ihr auch volle Anerkennung für
793 2531 1780 2610 die sorgfältige Durchführung der Darstellung und
801 2588 1783 2638 für die in jeder Hinsicht stimmungsvollen Bühnen¬
791 2643 1776 2691 bilder. Die Hauptrollen lagen in durchaus bewähr¬
785 2682 1786 2760 ten Händen. Herr Karl Ander gab den Fabri¬
800 2732 1781 2804 kanten Hofreiter in vortrefflicher Auffassung mit
784 2783 1820 2862 glücklicher Betonung der innerlichen Kaltherzigkeit
1815 1623 2809 1716 dieses brüchigen Charakters, die manchmal auch in
1823 1670 2806 1750 dent treffend zum Ausdruck gebrachten ironisch über¬
1809 1701 2814 1816 legenen Ton zum Ausdruck kam. Frl. Trebitsch.
1815 1767 2808 1845 fani in der Darstellung der Genia eine sehr dank¬
1822 1818 2791 1887 bare Aufgabe. Die sichere und völlig ausglichene
1819 1875 2812 1951 Art ihrer Gestaltung, das ruhig schöne Ebenmaß
1813 1920 2808 1998 in der Geberde als auch ihr beseelter Ausdruck si¬
1819 1977 2808 2052 chern ihr für die Zukunft bedeutende Erfolge. Frl.)
1813 2012 2791 2095 Selbing als Erna Wahl ging in den „Produk¬
1813 2069 2799 2138 tionen auf dem psychologischen" Seil leider etwas
1820 2119 2797 2179 fehl. Ihr Ton ist nicht immer ganz natürlich und
1805 2168 2794 2247 oft nicht ohne Manier. Eine kleine Enttäuschung
1812 2219 2796 2304 bereitete uns Herr Saar, der sich im vierten Akt,
1813 2269 2782 2346 als nicht völlig zuverlässig erwies und durch das
1820 2308 2791 2386 Uebermaß in Ton und Geste störend wirkte. Herr
1813 2366 2783 2445 Schich als Dr. Mauer war wie immer zuverläs¬
1800 2416 2792 2491 sig; von den übrigen Mitwirkenden seien noch die
1798 2473 2793 2538 Damen Böcker, Jelly und Landt, sowie die
1800 2520 2789 2590 Herren Elfeld, Kraus, Steinhardt, Lip¬
1801 2562 2796 2650 pert, Schwab und Schrecker mit vollster An¬
1799 2615 2199 2676 erkennung genannt.
