3344 4608
1275 230 1736 335 box 28/4
163 270 1141 369 24. Das veiteLand
812 989 1201 1093 Quellenangabe ohns Rawfhr.
649 1030 1382 1132 Ssbiache Tagssreilung, Veran
446 1085 864 1180 Ausschnitt aus:
675 1162 989 1256 15.0KT1911
460 1216 646 1276 vom:
1030 1258 1092 1323 1
484 1251 675 1342 S
1670 1239 2898 1343 Traurig=Lustiges über das Süßeste und Wichtigste des Da¬
1669 1301 2898 1391 seins, die Liebe, zu sagen hat — statt dessen wetteifert er
782 1311 1396 1397 Das weite Land.
1664 1341 2911 1444 mit Blumenthal und schreibt einen neuen Akt zum „Weißen
481 1375 1655 1473 Tragikomödie in fünf Akten von Arthur Schnitzler.
1666 1417 1844 1494 Rößl“
1751 1407 2916 1517 Dem übermäßig gedehnten Stück fehlt es keineswegs an
874 1446 1285 1520 (Lessing=Theater.)
1680 1474 2915 1574 starken dramatischen Wirkungen. Schnitzler weiß die großen
545 1485 1688 1563 Einer beschwindelt und betrügt unablässig seine Frau,
1687 1523 2918 1608 Szenen bis zum Rande mit elektrischer Spannung zu füllen:
463 1537 1681 1601 tut das letzte, ihr die Liebe zu ihm aus dem Herzen zu
1691 1567 2915 1659 Blitz und Donner der Kulisse gehorchen ihm. Leider plaudert“
477 1579 1687 1663 reißen, und als sie endlich, müde und rach= oder doch revanche¬
1679 1604 2918 1695 er sich nach jedem Gewitterschlage wieder fest, ohne zu ahnen,
468 1631 1691 1708 lustig, dem bewußten jungen Fähnrich in die Arme sinkt, da
470 1666 1693 1760 geht er hin und erschießt ihn. Jedes Drama, so heißt es, ist
465 1711 2924 1792 gut, wenn man seine Handlung in einen einzigen Satz, in welche Ungeduld er damit weckt. Immer wieder sei es ihm
467 1703 2920 1841 vier oder fünf Zeilen zusammenfassen kann. Schade nur, daß zugegeben, daß er ein geistreicher Plauderer ist und etwas
479 1751 2923 1871 Schnitzler, alter Gewohnheit folgend, den Stoff zu sorgfältig zu sagen weiß — nur braucht er uns dies nicht Akt für Akt,
474 1797 2928 1914 nach allen Seiten gewendet und beschaut hat. Schade, daß Szene für Szene durch feine Worte, glitzernde Aphorismen!
477 1843 2919 1966 er sich immer allzusehr seiner vermeintlichen Pflicht bewußt und überraschende Knallbonbons umständlich darzutun.
472 1875 2920 2021 gewesen ist, ein buntes Weltbild zu malen, Prismen funkeln Seine starke Theatralik verliert alle Kraft im Geplausch.
1693 1927 2926 2019 Warum hat Brahm, der doch Bahrs Schwatzkomödien auf die
472 1972 1706 2071 zu lassen und erstaunlichen Reichtum zu zeigen, wo zwingende
1689 1976 2926 2063 Hälfte ihres ursprünglichen Umfangs zusammen zu streichen
505 2023 1551 2105 Einfachheit des Aufbaus am Platze gewesen wäre.
575 2020 2928 2148 Es drängte ihn, die tragische Komödie einer Ehe, die und dadurch erst bühnenfähig zu machen pflegt, den gleichen
1700 2077 2596 2168 Liebesdienst nicht auf Schnitzler erwiesen?
1780 2083 2935 2207 Gespielt wurde wieder bewundernswert. Man müßte,
490 2118 1712 2192 an innerem Gegensatz der Gatten zugrunde geht, zur Tragi¬
1714 2161 2931 2246 um gerecht zu sein, mit einer Ausnahme den ganzen Theater¬
489 2154 1714 2257 komödie der Liebe überhaupt zu erweitern. Neben die hübsch
1718 2198 2938 2288 zettel abschreiben. Monnard, der vierzigjährige Lebe¬
484 2196 1704 2301 erfundene Figur des jedem Gelüst erliegenden sieghaften Lebe¬
1705 2237 2937 2338 jüngling, der den nicht eben überzeugend begründeten
486 2249 1706 2326 mannes tritt der unelegante, ehrbare u. bei den Frauen erfolg¬
1721 2291 2944 2377 tragischen Schluß ergreifend herausbrachte, weniger aller¬
484 2289 1713 2380 lose Junggesell; über die alles ernst nehmende Gattin des Da¬
1711 2333 2949 2433 dings die eigenartige Komik der Figur; Irene Trieschs
492 2339 1718 2419 mentöters triumphiert ein junges Ding von heut und morgen,
1726 2374 2945 2469 allmählich erkaltende, doch noch immer heimlich liebende
489 2383 1708 2459 das nicht geheiratet, das nur in die Arme genommen werden
2753 2424 2949 2476 Marr
490 2431 1722 2508 will. Zwei Welten! ruft Schnitzler bedeutsam. Unüber¬
1714 2435 2757 2514 und eigentlich in der Liebe irrende Frau;
1717 2448 2952 2553 als vom Frühling Ausgeschlossener, der dürstend
502 2467 1718 2552 brückbare Kluft, Lebensauffassungen, die durch Jahrhunderte
501 2501 1737 2598 voneinander getrennt sind. Uebrigens erschöpfen diese Ge¬
1719 2510 2941 2599 den Glücklicheren trinken sieht; die köstlich dumm¬
498 2558 1727 2665 stalten Schnitzlers noch bei weitem nicht die Fülle seines Vor¬
1720 2556 2949 2649 liche Frau Wahl von Ilka Grüning; Hilde
504 2608 1722 2692 rates. Er packt unablässig neues Material aus, wandelt das
1735 2604 2958 2692 Herterichs modernes Mädel mit der urwahrscheinlichen
500 2647 1726 2727 Thema immer breiter ab. Wir lernen einen lachenden
1736 2646 2955 2741 Neigung, sich das Geheiratetwerden zu verbitten, im übrigen
500 2688 1732 2777 Philosophen kennen, der seinem Weibe allen Willen läßt und
1729 2693 2949 2777 aber dem Erwählten das Letzte willig zu gestatten. In einer
514 2730 1737 2829 ihr keinen Liebhaber mißgönnt, eben weil er sie anbetet und
1725 2729 2960 2831 der zahlreichen, eigentlich völlig zwecklosen Episodenrollen
509 2778 1741 2861 nicht von ihr loskommen kann. Es begegnet uns das große,
499 2781 2963 2914 keine Schürze verschonende Kind, das zwar von tiefer, war Forest ausgezeichnet, Froböse nicht minder als
508 2822 2956 2943 herzinniger Liebe zur eigenen Frau Gemahlin flammt, aber Bankier Natter. Und so fort. Jeder Akt fand dankbaren
507 2909 2969 2985 eben deshalb dauernd Abwege wählt und treu nur in der Beifall, der indes nie über ein recht anständiges Mittelmaß
2766 2915 2934 2979 r. u.
1737 2945 2009 3026 hinausging.
519 2945 1733 3044 Untreue sein kann. Aus Schnitzlers Sortiment hätte noch
505 2993 1750 3087 ganz gut die doppelte Zahl interessanter Liebespatienten
1971 3048 2053 3125 S
511 3038 1746 3129 vorgeführt werden können. Er spricht von der Seele und
521 3072 1758 3172 ihrer Sehnsucht als von einem „weiten Lande“ — vielleicht
511 3121 1772 3204 im selben Sinne, wie der alte Fontane seinen prächtigen
507 3177 1713 3258 Briest die Wendung „das ist ein weites Feld“ prägen läßt.
607 3222 1774 3294 Leider genügt dem Dichter die so erzielte Fülle der
528 3269 1776 3353 Gesichte nicht. Er leistet sich, als Nebenthema und um die
521 3327 1767 3399 Bezeichnung seines Werkes als Tragikomödie besser zu recht¬
529 3347 1772 3435 fertigen, noch allerhand kleine Gesellschaftssatire: die Ver¬
524 3397 1770 3489 höhnung der Tennisfexerei, niedliche Witzchen über Rucksack¬
520 3424 1784 3517 touristen u. dgl. m. Gewiß ist das höchst fidel und reizt zum
519 3483 1771 3586 Lachen, aber mit dem angeschnittenen Problem hat es wenig
531 3528 1777 3613 zu tun. Der Theaterabend wird durch diese ausgiebigen,
538 3583 1795 3669 sehr geschwätzigen Spasseteln über Gebühr verlängert, die
534 3629 1793 3705 aufgeworfene Frage selbst jedoch in den Hintergrund ge¬
531 3661 1790 3753 drängt, Wir wollen hören, was der Menschenkenner Schnitzler
2665 4152 2751 4231 B
2811 4099 2882 4207 —
