3392 4320
271 127 1249 253 24. Das veite Land
1380 144 1855 231 box 28/5
324 1097 3167 1214 Geseuschaft meldel, daß Lihuanhung, der! Es ist bereits telegraphisch kurz von dem Leit= Friedensfreunde, das heißt Neralbeseichen
329 1147 3170 1200 frühere Brigadegeneral von Hupeh, zum Oberst=l artikel gesprochen worden, in dem hemte Giolittis i organisierzen, geraten. Sie waren mitten in der
320 1262 1281 1321 und das Gefolge Fernandos in das galante Kostüm
1281 1269 2228 1339 war in seiner Art ein köstliches Bild, als dieser;
2217 1284 3165 1344 hohen Zielen formen, der andexe ist Geschäftsmann
329 1290 1272 1359 der Velasquezzeit gekleidet, also einer Epoche, in
1280 1305 2210 1371 Knappe seinem Herrn auf dem Esel nachgaloppierte.
2215 1321 3158 1380 und Zyniker und erhofft von derberer Kost das
317 1318 1268 1388 die eine Ritterherrlichkeit nicht mehr hineinpaßte.
1275 1341 2216 1405 Im übrigen hat sich an der früheren Besetzung
2212 1363 3163 1420 Heil. Aus einem Kompromiß erwächst den beiden
314 1377 1272 1440 So erhielt die Gestalt Don Quijotes einen unge¬
1276 1374 2216 1431 wenig geändert. Lohfina übernahm an Benders
2221 1403 3165 1457 schließlich der ersehnte Kassenerfolg, dessen Jubi¬
309 1408 1249 1482 mein sinnfälligen Kontrast zu ihrer Umgebung.
1269 1428 2231 1487 Stelle den Herzog. Buyssons vornehmer Fernando
2206 1434 3161 1502 läum der letzte Aufzug ein wenig umständlich be¬
1273 1451 2213 1515 ergab mit Frau Tordeks stimmlich vorzüglich dis¬
354 1460 1273 1544 Die geringsten Aenderungen weist die Musik
2212 1474 3159 1541 geht. Der lustige Dialog, an dem sämtliche Per¬
1267 1502 2211 1564 ponierter Luscinda ein anmutiges Paar. Die
313 1506 1264 1566 Beer=Walbrunns auf. Lediglich die durch den ver¬
2215 1512 3159 1586 sonen Anteil haben, hat vielleicht nur den Fehler,
1269 1539 2216 1602 Nichte Marcela der Frau Kuhn=Brunner war
325 1547 1276 1597 änderten Text erforderlichen Zusammenziehungen,
2206 1550 3161 1610 daß er die individuellen Begrenzungen der einzel¬
1264 1565 2222 1641 ihres Partners aus der alten Fassung beraubt, be¬
315 1578 1273 1642 sowie eine von Feinhals wundervoll gesungene
2213 1593 3163 1653 nen Figuren etwas verwischt und keine Gelegen¬
1269 1615 2210 1678 teiligte sich aber dessen ungeachtet munter am
320 1624 1263 1680 neue Szene im dritten Akt sind zu verzeichnen.
2210 1633 3157 1693 heit zu kleinen rhetorischen Ausschweifungen und
1262 1657 2213 1719 Spiel. Gillmann als Wirt vollzog in drastischer
321 1653 1272 1723 Beer=Walbrunn ist eine vornehme Natur. Er ringt
2203 1671 3161 1729 Erörterungen theoretischer Art verabsäumt, ohne
1274 1683 2200 1758 Art den Ritterschlag. Endlich wirkten in kleineren
312 1696 1263 1767 stets nach eigenpersönlichem Stil und geht allem,
2199 1703 3160 1769 dadurch das Problem der Hydra, worunter das
1268 1720 2201 1786 Partien noch Bauberger (Pfarrer) und Fräulein
311 1740 1259 1802 was nach Wagner=Epigonenium aussieht, geflissent¬
2205 1750 3152 1793 Publikum zu verstehen ist, abzurunden oder zu er¬
1271 1757 2205 1834 Höfer (Emerentia) mit. Wenn man doch — dies
310 1771 1264 1830 lich aus dem Wege. Seine Tonsprache ist frei von
2211 1784 3158 1846 schöpfen. Satirische Streiflichter und Witze fallen
1260 1811 2207 1875 gilt mit Ausnahme Feinhalsens so ziemlich allge¬
319 1817 1270 1884 falschem Pathos gesund, fröhlich Allerdings schei¬
2198 1817 3156 1887 in Menge und der Zuschauer durchlacht mühelos
1268 1845 1406 1898 mein —
1417 1850 2194 1913 der Deutlichkeit des gesprochenen Wortes
310 1854 1260 1906 nen durchaus nicht alle Möglichkeiten, die hier der
2208 1858 3155 1906 Akt um Akt. Mit großer Sicherheit wird dieser
1265 1886 2205 1940 mehr Aufmerksamkeiten schenken wollte! Die musi¬
315 1896 1255 1962 Entfaltung eines derben und grotesken musikalischen
2200 1901 3148 1958 Endzweck aller Schwank= und Lustspielbemühungen
1254 1915 2194 2001 kalische Leitung hielt Röhr in fester sicherer Hand.
302 1924 1259 1993 Humors gesteckt waren, entsprechend ausgeschöpft.
2196 1933 3150 1997 erreicht, und das Publikum des Schauspielhauses
310 1967 1260 2021 Auch wird stellenweise das Gefühl einer gewissen
2199 1976 3146 2031 hat durch seinen starken Beifall zu erkennen ge¬
1288 1984 2190 2043 Die Regie Wirks und die nach den Angaben
300 2010 1265 2085 Nüchternheit empfunden, wenn auch solche vielleicht
2205 2022 3160 2088 geben, wie dankbar so vergnügliche Gaben
1252 2004 2197 2090 Kleins erfolgte dekorative Einrichtung schuf einen
2199 2044 2606 2116 empfangen werden.
302 2049 1253 2110 bewußt und beabsichtigt sein sollte. Zu den Glanz¬
1259 2055 2200 2124 charakteristischen, buntbewegten Rahmen. Das erste
309 2088 1260 2153 punkten der Partitur zählen die blühende Liebes¬
1262 2095 2199 2173 Bild zeigte sich szenisch gegen fruher vorteilhaft
2229 2102 3141 2158 Die Darstellung kulminierte in der Figur des
302 2106 1256 2194 szene Fernandos und Luscindas, die Waffenwacht
1253 2142 2193 2192 verändert. Die Volksszenen waren von natürlichem
2202 2144 3146 2200 von Gustav Waldau mit charmanter Lustigkeit
310 2170 1258 2245 Don Qujjotes und der ergreifend schöne Schluß¬
1247 2174 2188 2240 Leben erfüllt. In der Stiltreue des Ganzen schien
2200 2177 3133 2231 ausgestatteten Direktor Lindt, während Irene
299 2203 443 2265 chor.
1255 2207 2192 2281 mir nur Rosinante, der würdige Bruder unseres
2196 2219 3140 2282 Lenz, die junge Künstlerin, die traurigen Gemütes
1252 2248 2006 2321 Grane, ein wenig zu modern aufgezäumt.
339 2250 1254 2318 Die Aufführung war, wie schon berichtet, von
2197 2260 3145 2317 ist, wenn ihre Rollen ihr nicht Gelegenheit geben,
297 2264 1255 2358 kräftigem Stilgefühl getragen. Feinhals als Don
2192 2295 3136 2364 die körperlichen Vorzüge zur Schau zu stellen, und
1779 2286 2169 2368 Dr. Max Mahler
300 2320 1265 2397 Qujjote, das ist wohl das Größte und Einheitlichste,
2188 2335 3135 2384 die wiederum in tragischem Schmerz aufseufzt, wie
302 2365 1267 2434 was der Künstler je geschaffen hat. Jedes gewöhn¬
2201 2379 3137 2427 ihre Wünsche sich allzu reich erfüllen, von Fräu¬
305 2395 1256 2480 liche Wort des Lobes klänge armselig einer solch
2190 2414 3141 2472 lein Woiwode mit fröhlichem Gelingen der vom
1485 2411 1969 2497 Zwei Premieren
291 2436 1256 2514 grandiosen Schöpfung gegenüber. Man braucht die¬
2196 2454 3140 2508 Autor vorgezeichneten Humore dargestellt wurde.
303 2482 1251 2545 sen Don Quijote nur zu betrachten, mit seinem
2190 2483 3144 2534 Dem in seiner Schnoddrigkeit unfehlbar wirkenden
1395 2471 2049 2574 Schauspielhaus: Die Hydra
302 2522 1261 2601 gerschlissenen Koller, dem zerbeulten Harnisch und
2185 2531 3146 2594 Theateragenten Rosenberg sollte Herr Heller
1486 2542 2002 2616 von Karl Ettlinger
289 2566 1251 2624 den großen Stulpen. Dazu der irre, oft nach innen
2191 2569 3135 2627 noch ein Quentchen Trockenheit mitgeben. Fräu¬
304 2600 1241 2669 gekehrte Blick, die unbeholfenen und doch mit wah¬
2191 2608 3135 2666 lein Nicoletti hat als junge Dichtersfrau durch
1314 2585 2194 2671 *Es gibt Tortenrezepte und Schwankrezepte,
304 2648 1248 2710 rer Grandezza erfüllten Bewegungen. Nun aber
1248 2618 2175 2710 gibt Dramaturgien und andere Kochbücher, aber
2181 2646 3132 2702 diese Eigenschaft einigemale Heiterkeit geweckt, wie
300 2669 1243 2729 das Großartige: mit dieser unsäglich traurigen Ge¬
1240 2686 2177 2747 noch nicht der Hundertste, der eines besitzt, bringt's
2185 2686 3136 2741 sich denn überhaupt in der Zeichnung der Frauen
304 2722 1237 2784 stalt geht die Möglichkeit einher der absoluten
1233 2708 2185 2786 auch zum Back= und Bratkünstler, und nicht jedem
2185 2721 3136 2782 ein erfreulicher Sinn für Realismus erkennbar
289 2744 1237 2820 Lächerlichkeit zu verfallen. Feinhals indes kehrt
2176 2752 3123 2826 macht. Den direktorialen Zyniter Werther be¬
1245 2761 2188 2813 gelingen auf den ersten Anhieb die Kirchweih¬
295 2781 1238 2855 aus jenem Zerrbild aufs überzeugendste den Adel
1235 2792 2178 2878 undeln und die Faschingskrapfen so gut wie Herrn
2179 2795 3126 2859 gabte Herr Peppler mit einiger Schärfe. In
293 2830 1251 2908 bervor, den der Wahnverblendete tatsächlich in
1242 2832 2062 2897 Karl Ettlinger seine drei Hydra=Akte.
2177 2835 3131 2903 den beiden anderen Rollen trugen die Herren von
292 2869 1236 2940 seinem Innern trägt. Alles ist aufs feinste ab¬
1271 2866 2176 2940 Dieser Lustspielmasse fehlt nichts, Gedanken
2182 2881 3133 2947 Duniecki und Burghardt als teils durch¬
293 2894 1236 2959 gewogen und ohne die geringste Spur von Ueber¬
1245 2903 2178 2975 stecken da und dort, und seinen nicht geringen
2169 2923 3123 2987 gefallene, teils verhinderte Dichter zum Gelingen
2179 2957 2516 3015 des Ganzen bei.
292 2954 1233 3016 treibung, hier, wo die Gefahr so nahe lag, daß diese
1237 2955 2178 3019 Scherz=Rosinen=Vorrat scheint der Autor mit
292 2986 1232 3043 Figur an sich selbst zur Karikatur würde. Wer
1237 2983 2177 3061 beiden Händen über den Teig geschüttet zu haben.
2935 2963 3208 3065 Maul
2250 2994 3045 3088 Residenztheater: Das weite Land
289 3021 1243 3073 Feinhals als Don Quijote gesehen hat, wird das
1229 3021 2173 3091 Daran mochte sich halten, wem der innere Gehalt
1231 3066 2175 3139 nicht reichte. Die einfache Handlung füllt die beiden
288 3062 1243 3126 bestimmte Gefühl haben nur so allein hat der
2358 3065 2924 3139 von Artur Schnitzler
2957 3073 3158 3159 A. k.
295 3104 1232 3158 Held des Cervantes aussehen können. Auf dieser
1227 3094 2181 3184 ersten Akte gut aus und läßt nur den dritten etwas
2210 3112 3118 3199 Das weite Land, das Arthur Schnitzler in
294 3134 1241 3220 Höhe der Darstellung hielt sich ebenbürtig auch
1235 3135 2171 3194 gestreckt erscheinen. Den Inhalt des Ganzen bil¬
2164 3157 3105 3239 dieser Tragikomödie vor dem Beschauer ausbreitet,
285 3168 1056 3242 die stimmliche Bewältigung der Partie.
1233 3176 2169 3235 det der Konflikt, in den zwei Theaterdirektoren ge¬
2175 3207 3112 3270 ist eine Landschaft der Seele. Träume ziehen gleich
1242 3220 2161 3289 raten, die gemeinsam die Leitung einer Bühne
327 3230 1205 3305 Den Sancho Pansa hat Sieglitz mit Recht in
2158 3233 3113 3312 Wolken drüber hin, und ihr melancholischer Schat¬
1234 3253 2174 3327 führen. Der eine fühlt sich als Künstler und
2165 3274 3112 3353 #ten streift die Menschen. Was eben fröhlich noch
275 3271 3136 3392 derbem Gegensatz zu Don Qutiote gebalten. Es] Idealist und möchte den Spielplan nach seinen und hell im Glanz der Sonne lag, umflort mir
