3248 4384
538 221 641 283 WG
123 217 1088 337 24. Das 1te Land
1215 223 1709 324 box 29/2
487 1237 1516 1320 sschnitt aus Schwäbischer Merku#
1056 1294 1347 1394 Stuttgart
493 1338 577 1413 M
530 1375 715 1451 S
681 1348 1006 1474 B
855 1467 1304 1582 Kgl. Hostheater.
1656 1528 2822 1595 Die Aufführung war unter der sicheren Leitung von Dr.!
537 1554 2802 1612 Das weite Land, Tragikomödie von A. Schnitzler. [Bloem alles Lobes wert. Hr. Junker schuf in seinem Hof¬
1642 1609 2804 1677 reiter eine packende, namentlich in den tragischen Partien er¬
525 1621 1643 1687 O. Stuttgart 20. Mai. Die Feier von Arthur Schnitzlers
1641 1649 2801 1704 greifende Gestalt. Anfangs hätte er wohl dem rastlosen Ge¬
494 1644 1642 1734 50. Geburtstag hat die Hofbühne letzten Samstag mit der
1643 1691 2800 1763 nießer mehr Lebensfrische und robustes Zugreifen geben dürfen;
488 1693 1642 1770 Erstaufführung seiner neuesten Dichtung, der Tragikomödie
1645 1739 2796 1794 da schien uns die Zermürbtheit und Müdigkeit seines Spiels
491 1757 1642 1814 „Das weite Land“, begangen. In der Tat ist dieses Drama,
1642 1783 2799 1831 nicht ganz am Platz zu sein. Aber auch so war seine Schöpfung
489 1797 1634 1860 venn es auch nicht die beste seiner Bühnenschöpfungen ist, doch
1643 1826 2786 1878 aus einem Guß. Frau Remolt gab ihrer Genia in einem
496 1831 1639 1900 in Vorzügen und Schwächen trefflich geeignet, ein sicheres Bild
1639 1872 2792 1919 eindrücklichen vornehmen Spiel eine schwerblütige edle Größe. Mit!
484 1874 1629 1939 der geistvollen, kulturfeinen, parfümierten Kunst des Wiener
1634 1909 2788 1966 dieser Vertiefung hat sie freilich die rätselhafte Wandlung die¬
477 1905 1640 1994 Dichters zu geben. Es bewegt sich in der Sphäre, in der sich
1638 1950 2797 2023 ser Frau nicht eben verständlicher gemacht. Aus der vom
478 1962 1632 2033 Schnitzler zu Hause fühlt, die er liebt und zugleich verabscheut,
1639 1996 2799 2070 Dichter recht oberflächlich gezeichneten Erna machte Frau Hof¬
469 2005 1636 2067 die ihm um ihres rauschenden Lebens willen so interessant und
1640 2040 2797 2101 meister so viel sich ihr abgewinnen ließ. Herm. Blank
476 2047 1635 2115 wegen ihrer inneren Leere so trostlos erscheint, in der
1628 2075 2794 2155 erwies als Dr. Mauer von neuem seine Befähigung für ruhige,
481 2086 1638 2159 Sphäre der genußsüchtigen Lebenskünstler und Egoisten, deren
1627 2116 2790 2200 verstandesklare Naturen. Frl. Rossi zeichnete in der Rolle
474 2136 1626 2197 Dasein aufgeht in Geselligkeit, Sport und ewig wechselnder
1635 2163 2797 2243 der Frau Wahl die seichte Gesellschaftsdame mit köstlichen
466 2185 1631 2244 Liebelei. In diesen Kreisen, die er uns in anmutigem Plauder¬
1628 2202 2790 2264 Strichen. Als Vertreter der kleineren Rollen bewährten sich
466 2225 1626 2285 ton mit einer fast ermüdenden Breite vorführt, findet er den
1626 2251 2788 2316 die Damen Künniger und Eichholz und die Herren Richter,
466 2265 1623 2322 Boden für die melancholische Lebensweisheit, daß die Seele
1626 2287 2794 2361 Tenhaeff, Alsen und Springer. Die szenische Umrahmung
466 2295 1631 2366 ein weites Land ist, ein Land voll unbekannter versteckter
1624 2334 2786 2379 bekundete, wenn man die Stilmischung in der Ausstattung des
474 2343 1625 2413 Tiefen und Risse, die ein festes Weiterschreiten unmöglich
1625 2376 2793 2450 Villagartens im ersten und zweiten Akt als in den Verhält¬
464 2386 1629 2460 machen, ein Chaos, in dem Treue und Untreue, Liebe zu einer
1630 2421 2785 2487 nissen gegeben hinnimmt, feinen Geschmack. Das Hotelentré
463 2425 1620 2495 und Verlangen nach der andern unentwirrbar zusammen sind.
1629 2463 2781 2538 im 3. Akt war in Ausstattung und Raumwirkung gleich vor¬
465 2464 1619 2536 In der Unberechenbarkeit des Geschehens, in dem rätselhaften
1632 2508 2778 2577 nehm und echt bis auf den regelrecht auf= und abgehenden
463 2520 1620 2579 Bestimmtwerden unseres Handelns durch ein geheimnisvolles
1619 2546 2787 2625 Lift, mit dem Schnitzler freilich dem Sensationsbedürfnis des
467 2558 1627 2626 Unterbewußtes liegt die Tragikomödie des Lebens. Der Inhalt
1622 2593 2793 2667 Publikums eine schlimme Konzession gemacht hat. Das
469 2600 1620 2670 des Stücks ist an dieser Stelle bereits geschildert worden
1625 2632 2539 2699 Publikum nahm die Neuheit sehr freundlich auf.
461 2642 1623 2715 (Ab.Bl.vom 18 ds.), so daß hier darüber weggegangen werden kann.
475 2692 1632 2753 Wohl folgt man eine Zeitlang dem Versuche Schnitzlers, die
464 2729 1649 2807 geheimen Unterstimmen des Bewußtseins erklingen zu lassen,
463 2764 1647 2839 mit Interesse, man sucht sich abzufinden mit diesen Unbegreif=
464 2814 1640 2869 lichkeiten und Launenhaftigkeiten vorübergehender Augenblicks¬
457 2860 1636 2931 stimmungen, aber nur zu bald wird man inne, wie in diesem
450 2907 1640 2956 wogenden Uebel latenter Gefühle alle feste Zeichnung, alle
459 2945 1635 3010 dramatische Folgerichtigkeit verloren geht. Auch der Gedanke,
457 2980 1636 3035 dem Schnitzlers Drama Ausdruck geben will, ist von der Ober¬
457 3031 1628 3094 fläche des Lebens genommen. Wohl mag es von einer mit
449 3075 1631 3141 nichtigem selbstsüchtigem Lebensgenuß ausgehöhlter Gesellschaft
448 3114 1627 3161 gelten, daß schließlich der Spleen und die Verworrenheit der
456 3153 1630 3234 Seele, die Treue und Untreue, Liebe und Verrat nicht zu
448 3201 1636 3285 trennen weiß, das Schicksal bestimmen; vom Menschen als
450 3245 1626 3317 solchen gilt das nicht. Jeder sicher in sich ruhende Geist fühlt,
451 3281 1628 3353 daß in allem, was ihm begegnet, selbst im Unerwartetsten und
451 3331 1624 3402 Ueberraschendsten, der feste Kern seiner Persönlichkeit, sein
457 3370 1619 3430 innerstes Wesen sich auswirkt. Schnitzlers feiner, hochkultivierter
451 3414 1619 3473 liebenswürdiger Persönlichkeit, der alles zu verstehen und alles
449 3463 1626 3527 zu vergeben, tiefstes Bedürfnis ist, fehlt die sittliche Kraft einer
446 3494 1283 3573 starken Natur, aus der allein ein tieferes
1278 3513 1614 3580 Verständnis des
434 3528 1276 3626 Menschen und ein echtes Drama erwächst.
2667 4150 2866 4236 —.—
