3296 4320
606 177 658 226 W0
913 162 1086 228 Lan
1291 161 1754 255 box 29/1
179 152 1145 267 24. Das. 116
887 717 1214 781 buig, Poreite.
826 766 1254 821 (Oseilenangebe ohse Gewamr.
569 811 914 887 schnitt aus:
1031 806 1525 909 scher Courier
642 876 1014 957 11 OKT 191
578 943 672 1008 42
1730 1000 2895 1084 es in Wirklichkeit gar nicht gibt, wenigstens einem so furcht¬
835 1019 1484 1118 Das weite Land.
1730 1065 2921 1155 baren, irrevarablen Ding gegenüber wie der Tod. Und
775 1095 1522 1169 (Tragikomödie von Arthur Schnitzler.)
1744 1113 2881 1177 warum? Sie hat den Freund doch sehr gern gehabt: er
1747 1153 2884 1220 war leider nicht ihr Geliebter, sagt sie! Warum also, wo
923 1153 1369 1227 Von Franz Rolan#
1747 1187 2894 1266 sie doch weiß, daß es nur Gleiches mit Gleichem vergelten
1330 1199 1688 1274 (Nachdruck verboten)
1738 1227 2880 1302 hieß, wenn sie Friedrich betrog? Nicht um seinetwillen blieb
654 1244 1718 1309 „Sollte es Ihnen noch nicht aufgefallen sein, was für
1739 1266 1807 1311 sie
1813 1279 2877 1329 standhaft, nicht einmal um des Kindes willen — sie
574 1278 1722 1355 komplizierte Subjekte wir Menschen im Grunde sind? So
1727 1311 2416 1369 konnte es eben einfach nicht — —
562 1328 1713 1382 vieles hat zugleich Raum in uns! Wir versuchen wohl Ord¬
1811 1355 2890 1417 Friedrich flieht vor seiner Frau — 14 Tage hat er's mit
569 1377 1709 1426 nung in uns zu schaffen, so gut es geht, aber diese Ordnung
1744 1378 2881 1461 sich herumgeschleppt, fast ohne es selbst ze wissen — da plötz¬
570 1412 1714 1488 ist doch nur etwas Künstliches —. Die Seele — ist ein weites
1742 1432 2894 1499 lich, über Hals und Kopf, reist er davon — ins Gebirge mit
563 1446 748 1507 Land —
1740 1467 2876 1527 seinem Freunde — sie fragt nach dem Grunde — und er
637 1470 1709 1571 Diese Sätze bergen den Kern des neuesten Schnitzlerschen
1730 1505 2879 1582 sagt es ihr offen und deutlich — so deutlich, daß es beinahe
553 1523 1709 1587 Dramas; doch liegt der Kern nicht offen zutage, sondern er
1728 1548 2535 1609 schon wieder nicht wahr geworden ist — —
560 1559 1713 1636 ist eingehüllt in die Augenblicksstimmung des Sprechenden —
1811 1586 2875 1643 Im Gebirge, wo, an einem Seile angeseilt, Friedrich,
557 1620 1703 1674 aller Sprechenden. Man hört in diesem Stück die Menschen
1743 1611 2880 1668 sein Freund Mauer, und dessen stille Liebe, Fräulein Erna
561 1647 1712 1696 sprechen — den augenblicklichen Einfällen und ihrer Stim¬
1728 1655 2885 1738 Wahl, dem Tode ins Gesicht geschaut und die Wonnen ge¬
556 1695 1712 1757 mung entspringen Worte — aus den gesprochenen Worten
1743 1703 2873 1772 fahrvollster Hochgebirgsbesteigung genossen haben, erklärt
554 1728 1704 1801 gehen Handlungen hervor, denn das einmal ausgesprochene
1733 1749 2872 1813 Friedrich Erna seine Liebe und den Wunsch, sich von seiner
560 1767 1704 1840 Wort ist eine Tatsache geworden, die die Menschen zum
1725 1790 2871 1854 Frau scheiden lassen zu wollen — und nach der ersten und
555 1814 1707 1874 Weiterhandeln zwingt, die Seele aber, die den Impuls für
1735 1826 2876 1892 einzigen Liebessucht jagt er davon, ruhelos, und schreibt kurze
556 1840 1713 1925 das Wort gab, hat nichts mehr mit ihm zu schaffen, sobald
1729 1869 2874 1942 Ansichtskarten und Grüße aus Kaprile, Pordoi und Gott#
557 1885 1153 1940 es auf der Zunge geboren ist.
1735 1901 2151 1963 weiß noch,, woher — —
631 1915 1710 1995 Wir versuchen wohl Ordnung in uns zu schaffen — wir
1804 1936 2880 2012 Frau Genia, die Verlassene, fängt ein Verhältnis an mite
561 1948 1704 2034 stellen Begriffe auf — geben Namen: Liebe — Haß — Eifer¬
1732 1971 2870 2060 einem jungen Fähnrich — aus Liebe — zu wem? — Viel¬
555 2010 1700 2076 sycht — aber diese Ordnung ist doch nur etwas Künstliches.
1727 2020 2372 2082 leicht aus Liebe — zu Friedrich!
630 2049 1708 2099 Der Fabrikant Friedrich Hofreiter hat eine Frau, und es
1799 2071 2866 2129 Friedrich ist heimlich zurückgekommen, hat erst unter
551 2068 1717 2136 ist ihm Lebensgewohnheit, sie mit anderen Frauen und
1734 2079 2877 2170 Ernas Fenster gestanden, hat dann in seinem Garten seine
549 2123 1706 2201 Mädchen zu betrügen, ganz offenkundig; es ist nicht (eine
1725 2139 2879 2214 Frau mit dem Fähnrich belauscht — sich auf die Wiese gelegte
556 2159 1697 2239 Schuld, daß sie ihn nie direkt gefragt hat, er würde ihr
1727 2189 2874 2243 und prachtvoll geschlafen. — Es ist ihm wie eine innere Be¬
552 2195 1669 2255 nichts abgeleugnet haben. — Liebt er seine Frau nicht? —
1724 2227 2869 2285 freiung, er geht nicht mehr als Schuldiger herum, er atmetz
549 2242 1703 2310 Jedenfalls hat er ein merkwürdig gutes Gedächtnis für Ge¬
1728 2271 2884 2332 auf. Es ist, als hätte seine Frau Sühne getan für den Tod¬
553 2276 1708 2352 sspräche — vielleicht ganz belanglose Gespräche — seiner Frau
1720 2296 1960 2364 des andern.
582 2324 1710 2382 nit anderen Männern. — Ein guter Freund von ihm hat
1799 2342 2864 2405 Als er aber am nächsten Tag dem Fähnrich ins Auge¬
573 2357 1697 2429 Selbstmord begangen — niemand ahnt — niemand kann
1728 2364 2859 2448 sieht, beleidigt er ihn tödlich — warum? „Wenn es Haß
538 2407 1706 2468 jahnen, warum — nur Friedrich Hofreiter wittert — man
1717 2426 2871 2487 wäre — Wut — Eifersucht — Liebe.“ — „Na ja, von all
536 2432 1701 2501 ann wirklich nur das Wort „wittern“ hier anwenden —
1724 2459 2865 2523 dem verspür ich allerdings verdammt wenig. Aber man
539 2485 1697 2544 #irgendeinen Zusammenhang dieses Selbstmordes mit seiner
1729 2495 2865 2575 will doch nicht der Hopf sein." Er erschießt den
549 2514 1688 2586 Frau. Sie gibt ihm den Abschiedsbrief des Freundes, den
1724 2534 2073 2590 Gegner im Duell.
538 2565 1646 2622 unglückliche Liebe zu ihr zum Selbstmord trieb, zu lesen.—
1791 2579 2866 2645 Die Liebe seiner Frau stirbt an diesem „Mord“. Und
539 2593 1696 2657 Er ist sprachlos vor Staunen, denn er hat wirklich nicht das
1723 2619 2841 2680 war es nicht doch „Liebe“, die Friedrich zum Morde trieb? —
550 2633 1691 2707 Geringste gewußt; ihr auch nicht das Geringste angemerkt,
1714 2664 2857 2711 „Hineinschauen in mich kannst Du doch nicht. Kann keiner.“
549 2670 1691 2740 als er ihr die Nachricht vom Tode des Freundes gebracht hat,
1787 2694 2869 2762 Genia flieht zur Mutter des Erschossenen. Erna möchte¬
533 2715 1630 2759 trotzdem sie den Abschiedsbrief vorher erhalten hatte.
1721 2730 2478 2812 Friedrich folgen, wohin es immer geht,
2538 2741 2859 2801 „Wird nicht ans
541 2756 1657 2815 Eifersucht? — O nein — ein dummes, albernes Wort —
1721 2775 2862 2858 genommen. Alles ist Täuschung. Aus, Erna, auch
546 2784 1157 2846 keine Spur — im Gegenteil
1249 2803 1688 2863 Grauen flößt ihm die
1715 2806 2005 2874 zwischen uns!“
550 2831 1700 2896 Frau ein, deren starre Tugend einen Menschen in den Tod
541 2876 1698 2940 getrieben. Tugend — ein Nichts, ein Schemen, etwas, das
1777 2899 2859 2971 Es ist schrecklich, aus einem Drama, das in der gesamten
1705 2921 2856 2992 Weltliteratur einzig ist, zur Erleichterung des Verständnisses
622 2953 1695 3005 *) Diese Zeilen, als Einleitung zu Schnitzlers neuester
1711 2987 2869 3034 ein Stück Inhalt herauszureißen, denn jede der hier nicht
539 2997 1685 3063 Dichtung erscheinen im neuen Programmheft der „Schauburg“
1704 3026 2819 3095 genannten zahlreichen anderen Personen hat eine Seele —
539 3031 2008 3119 die Uraufführung, zusammen mit Wien und Berlin, findet be¬ s und die Seele
2005 3064 2330 3117 — und so weiter.
521 3080 1462 3151 kanntlich am Sonnabend, den 14. Oktober, statt.
1788 3100 2876 3173 Es wird schwer sein, das Stück, das so ganz weltfern
1720 3342 2867 3391 liegt von allem, was wir als „Theater“ kennen, überhaupt zu
1721 3388 2860 3444 spielen, denn selbst Ibsens Kunst wirkt hiergegen als
1711 3435 2870 3498 „Theater“ und die Seele jedes Zuschauers ist — ein
1716 3462 1982 3526 ettes Land.
