3296 4320
1305 86 1736 177 box 29/1
171 92 1148 199 24. Das Geite-Land
2269 1215 2376 1291 S
384 1337 3009 1386 Frau Dot und von Herrn v. Scheidt als John aufs wirksamste unter=gegen alle großen Poeten, die aus ihrer Erkenntnis der menschlichen
395 1382 2997 1421 stützt. Frau Fleischer zeichnete die junge Dot mit dem ganzen Liebreizf Seele heraus behaupten, daß auch in ihr alles voller Ordnung und
390 1419 3005 1461 ihrer Persönlichkeit und sang mit köstlicher Frische und dem Aufgebot! voller tiefster Zusammenhänge, sei. Das Natürliche sei nicht das Chaos.
1692 1431 2716 1494 sondern es sei vielmehr die höchste, universale Ordnung.
391 1426 1707 1498 ihrer großen Kunst. Mit sicheren Strichen traf Herr v. Scheidt die
1729 1453 2999 1521 Das Natürliche ist das Chaos in dem weiten Lande der Schnitzlerschen
385 1485 1694 1546 Figur des John. gab ihr die nötige Herzenswärme und den vollen warmen
1700 1495 3010 1567 Männerseelen. Chastisch, das heißt polygamisch. Eine solche polh¬
393 1513 1696 1581 Ton in Spiel und Gesang. Den Edward würde Herr Hochheim
1698 1544 3004 1609 gamische Natur ist der Fabrikant Friedrich Hofreiter. Vermählt mit
394 1557 1687 1617 noch zu weit eindringlicherer Wirkung bringen, könnte er seine stimm¬
249 1569 377 1652 nart.
1693 1567 3012 1640 einer schönen und tugendhaften Gattin Genia, begehrt er außer der
397 1594 1694 1660 liche Darbietung in sichere künstlerische Geleise leiten. Chor und Orchester
1710 1612 3009 1679 Ehe jede liebe Blume für sich. Es ist ein Don nan in moderner)
1537 1641 1664 1699 Ph.
255 1637 393 1700 imchen
390 1652 942 1721 hielten sich überraschend gut.
1706 1659 3015 1722 Schnitzlerscher Neuausgabe. In seinen Mußestunden, das heißt, wenn
281 1688 395 1743 achte
1696 1695 3015 1764 er nicht Frauen liebt, was er als den letzten Zweck und den wahren
276 1732 388 1785 irpen
1702 1728 3015 1801 Inhalt seines Lebens ansieht, ist er ein großartiger elektrotechnischer
286 1752 404 1817 ihn
755 1742 1362 1830 Deutsches Schauspielhaus.
1708 1780 3011 1841 Fabrikherr mit sechshundert Arbeitern, ein industriell=kommerzielles
288 1806 405 1856 t der
1707 1819 3006 1885 Genie. Seiner Gattin Tugend wird diesem treulosen Professional
495 1799 1587 1902 Das weite Land. Tragikomödie von Arthur Schnitzter.
283 1840 400 1898 uns
134 1846 211 1899 aud
1705 1868 3021 1920 einfach unheimlich, als sich ihretwegen ein russischer Planist erschießt,
87 1855 1698 1940 as Werk besitztf Wanderlust und Forschungstrieb.=Neugier und Wißbegter, Sehnsucht
1699 1897 3009 1962 den Frau Genie nicht erhört, sondern abgewiesen hat. Abgewiesen, ob¬
383 1908 1702 1984 nach freieren und größeren Horizonten, Verlangen nach fruchbaren
80 1929 395 1987 rv, zu geringe
2414 1926 3029 2003 Philosophen und Soziologen
1695 1946 2418 2003 gleich sie für den jungen Künstler,
394 1943 1703 2020 Getreidebreiten, stolzen Felsen und hohen Himmelsgestirnen werden
77 1966 399 2020 auf dem Spiel¬
1698 1996 2939 2039 schwärmte; abgewiesen aus dem einfachen Grunde, weil
393 1993 1695 2058 rege bei dem reichen und hellen Klange des Titels, den Arthur
83 2006 395 2059 kensschen Idylls
2453 1994 3011 2072 Und doch ist sie ihrem
1700 2018 2429 2078 eine treue verheiratete Frau ist.
389 2034 1695 2097 [Schnitler seiner jüngsten Tragödie zu geben für gut befunden gat.
76 2045 401 2106 schickteste Hand
1701 2044 3004 2117 Gatten gegenüber zu nichts verpflichtet, nicht zur Liebe, nicht zu der
397 2082 1703 2136 Wie ein Strom von Licht und Luft stromt es bei dem Geläute des
73 2085 395 2147 ner daraus ver¬
1695 2088 3010 2156 „sogenannten“ Dreue. Erst als ihr Gatte ihr ausdrücklich erklärt, daß
402 2107 1704 2181 Titels Das weite Land ins Zimmer, sei dieser umschränkte. Raum
95 2127 394 2192 des englischen
1698 2125 3014 2202 er wegen dieser unheimlichenTugend es augenblicklich im Hause nicht mehr
398 2163 1704 2226 nun ein schwül parfümierter Salon, oder eine stille Arbeitsklause, oder
91 2167 391 2224 u flacher Senti¬
1704 2176 3003 2234 aushalten könne, — in Wahrheit liegt ihm bereits eine neue Geliebte
394 2194 1703 2262 eine tote Gefängmszelle, oder ein menschenvolles Theater. Das weite
74 2210 396 2268 oldmark, dessen
1705 2215 3008 2273 im Sinn — rächt sich Frau Genia in der aus französischen Ehebruchs¬
74 2234 1698 2309 ba so großartig] Land! Mag es im funkelnden Kristallschein des Sommersonnenscheins
1704 2249 3004 2312 komödien bekannten Art: sie zieht einen jungen angenehmen Zähnrich
391 2273 1704 2342 liegen, oder in den grauen Flören des Abends, oder unter der weißen,
86 2287 406 2349 lich ohnmächtig
1702 2278 3008 2353 der k. k. Marine in ihre weißen Arme. Und just hier wiederum fordert
394 2318 1694 2379 endlosen Schneedecke des Winters, es atmet die Kraft und den Frieden,
85 2332 403 2387 Heinchen ge¬
1696 2341 2996 2393 der Gatte, der vorher seine Frau zum Ehebruch beinahe ermuntert hat,
393 2355 1702 2421 den Kampf und die Versöhnung der harmonischen Allmutter Natur. Es
82 2365 400 2431 uphe feiert, so
1705 2372 3004 2431 den jungen Mann auf Pistolen und schießt ihn im Duell tot. Obgleich
400 2394 1696 2460 nährt unsere Träume von Größe und Freiheit; es löst den Dunst und
74 2406 399 2466 Fri dieser Musik
1698 2396 3013 2468 ihm der Eehebruch seiner Frau wie eine innere Befreiung ist. Obgleich
398 2434 1698 2505 Qualm der Städte, die üblen Miasmen der Fäulnis und zugleich den
106 2436 411 2508 osigkeit im
1698 2448 3004 2505 ihm ist, als ol seine Frau mit den Ehebruch Sühne getan hätte für den
401 2479 1705 2541 neues Leben versprechenden Dust der Biumen in sich auf, und es umspannt
78 2488 418 2550 firekt verstimmt.
1710 2485 3010 2546 Tod des tugendhaft abgewiesenen Pianisten, „und zwar Sühne in einer
403 2512 1696 2582 Menschier und Pflanze zugleich mit den wild dahin eilenden Wolten
84 2522 396 2590 hhen sich hier ge¬
1705 2526 3014 2592 höchst vernünftigen und schmerzlosen Weise“. Aber der Gatte will
400 2543 1710 2624 und denuhip ihres Weges ziehenden Flüssen zu einer großen ruhe¬
1703 2577 3003 2637 nicht als „Hopf“ dastehen, deswegen das Duell. Derselbe Mensch, der
72 2564 407 2641 n einem Stil in
407 2592 1696 2657 vollen Einheit. Unkrant und Weizen, ekelhaftes Ungeziefer und
1707 2610 3010 2669 ein Dutzend anderer Ehemänner zu „Hopfen“, in Norddentschland sagt
77 2610 399 2665 en und Stim¬
400 2630 1693 2699 blendende Schönheit. Rosen, Fruchtbäume und Disteln wachsen in desem
1698 2635 3001 2701 man Hahnerei gemacht hat, schießt den Verletzer seiner eigenen
74 2640 399 2707 ärfe, ohne jede
394 2688 1068 2733 weiten Lande friedlich beisammen.
1708 2668 3008 2745 Ehre, die gar nicht vorhanden ist, nieder. Wesch grauenhaft¬
69 2685 400 2749 Kunstwerks. Die
455 2692 1703 2780 Auch des Menschen Seele ist ein weites Land. sagt Schnitzler, der
1711 2708 3001 2783 lächerliche Tragikemödie! Welches Chaos von unvereinbaren, sich wider¬
70 2723 413 2792 erle dadurch gar
398 2748 1707 2816 Tragikomiker, in seiner dramatischen Parabel. „So vieles hat zugleich
1709 2746 3021 2825 sprechenden Empfindungen in dieser Männerseele, die ein Spielball der
78 2764 406 2824 r Komponist an
400 2793 1700 2858 Raum in uns,“ bemerkt der seelenkundige Menschenkenner Aigner in
1716 2785 3013 2873 Instinkte ist! Welche irrsinnige. Inkonsequenz im Handeln! Zum
87 2806 405 2877 und Chören in
408 2824 1698 2893 diesem Stück. „Liebe und Trug .. . Treue und Treulosigkeit ... An¬
1704 2837 3016 2909 Schluß stößt dieser Inkonsequente sogar die soeben eroberte neue Ge¬
89 2850 407 2907 bleibt. Augen¬
406 2862 1703 2938 betung für die eine und Verlangen nach einer anderen oder nach
1708 2872 3012 2946 liebte, ein junges Mädchen, von sich, dieselbe Geliebte, um die er kurz.
87 2880 409 2951 Sentiment und
74 2905 1707 2980 fihrung verfehlte mehreren. Wir versuchen wohl Ordnung in uns zu schaffen, so gut es¬
1701 2935 3020 2991 vorher in rasender Glut alles hat in den Wind schlagen wollen. Warum
1574 2949 1709 2998 Das
1531 2953 1585 2999 *
81 2949 1552 3025 Selberg legte! gebt. aber diese Ordnung ist doch nur etwas Künstliches
1700 2963 3009 3028 tui er das alles? Weil Liebe und Trug, Treue und Treulosigkeit in dem
84 2976 1708 3061 jc, das, was der Natürliche ist das Chaos.“ Hier stellt sich Aigner in Gegensatz zu allen
1705 2990 3024 3068 weiten Lande unserer Seele beisammen wohnen. Weil wir Menschen
74 3038 1707 3100 ch Temperament] poetischen Schöpfungsberichten, die das Chaos als einen überwundenen
1715 3037 3009 3109 komplizierie Subjekte sind. Weil das Natürliche das Chaos ist. Des¬
85 3062 1712 3139 hs von den Ver=j Naturzustand betrachten und erklären, durch den letzten Schöpfungsalt
1711 3087 2435 3156 wegen muß Hofreiter chaotisch handeln.
103 3093 1716 3187 ser-Edel als sei eine barmonische Welt zustande gekommen. Und er steht auch
2254 3199 3011 3342 K uedster
1341 3168 1928 3366 4¼0. 11.
95 3188 1350 3350 Geuel Grsuge
2998 3371 3164 3459 SN
