3344 4320
1337 145 1787 229 box 28/5
223 135 1181 235 24. Das wete—
835 1684 1277 1764 (Gussenangabg.ahr.
1029 1741 1460 1821 atat.
491 1748 831 1832 Ausschnitt au
598 1798 1023 1878 Mesee
1044 1796 1597 1926 Mad
499 1858 649 1911 vem:
579 1952 1745 2021 " Das Residenztheater vollbrachte eine literarische
514 1975 1733 2051 Tat: die Uraufführung von ArthurSghtzrs-Lagi¬
521 2016 1739 2084 komödie „Das weite Land“ Das isfferfreulich und lobens¬
515 2051 1736 2134 wert. Denn wir mußten hier in München auch einmal eine
513 2098 1741 2164 Schnitzleruraufführung haben, wenn sich auch „Das weite
516 2133 1727 2221 Land“ als fast völlige Niete erwies. Der Dichter des „Ana¬
502 2185 1736 2257 tol“, des „Einsamen Weges“ war nicht wieder zu erkennen.
504 2213 1727 2300 Ich will nicht sagen, daß diese Enttäuschung für mich ein
507 2255 1741 2338 Schicksal bedeutet. Aber man fühlt einen eigentümlich
500 2297 1730 2372 stechenden Schmerz, wenn man sieht, wie sich ein Mensch,
504 2327 1721 2416 der.-einem nahestcht und mit dem man einen langen Weg
496 2367 1719 2456 zusammenging, im weiten Land verliert. Es hat keinen
500 2406 1717 2494 Zweck, die Geschichte dieser weitschweifig erzählten sechs
505 2438 1718 2537 Ehebrüche hier zu wiederholen. Die Heldin, besser gesagt,
499 2491 1719 2571 die Dulderin dieses Stückes, ist eine Tochter der Hebbelschen
497 2523 1714 2607 Mariamne und eine jüngere Schwester der Maeterlinckschen
497 2568 1715 2641 Monna Vanna. Der Gatte soll wohl eine Personifikation
492 2612 1422 2680 des polygamen Prinzips im Manne darstellen.
594 2652 1710 2731 Die beiden ersten Akte setzen vielversprechend ein.
493 2676 1714 2757 Die alte Stimmungskunst des leinsinnigen Wiener Kultur¬
480 2725 1711 2806 menschen besticht die Sinne und das Gemüt. Aber mit dem
490 2759 1717 2850 Schluß des zweiten Aktes ist Schnitzler tot. Der dritte Akt
477 2805 1712 2880 bringt eine harmlose Hotelszene; Blumenthal und schlechter
482 2841 1697 2912 obendrein! Der vierte Akt mit der technisch geschickt ge¬
487 2873 1711 2962 steigerten Szenc bis zur Forderung wirkt sicher, aber auch
481 2920 1710 2991 hier siegt die äußere über die innere Dramatik. Der fünfte
1767 1582 3005 1674 Akt stcht etwas höher mit seiner erschütternden Szene zwischen
1768 1632 3003 1715 der Mutter und der Geliebten ihres Schnes. Aber dazwischen
1777 1674 2998 1755 platzen Kulissenmätzehen; ein Telegramm, das viel weniger
1775 1707 2996 1794 die Ankunft des Sohnes ankündigen, denn die Spannung
1776 1749 2990 1833 steigern soli. Und wenn der Vorhang fällt, dann sitzen wir
1766 1790 2992 1871 und greifen uns an den Kopf und fragen uns: War das Schnitzler?
1869 1835 2994 1911 Wenn gleichwohl der Abend kein verlorener war, so
1762 1856 2986 1925 lag das an dem wirklich einzigartigen Spiel Steinrücks,
1767 1905 2996 1987 der in Frau von Hagen eine durchaus würdige Partnerin
1762 1947 2987 2013 hatte. Man merkte ihr ja hie und da an, daß sie sich bei
1756 1988 2980 2066 den Klassikern wohler fühlt wie bei den Modernen. Aber
1759 2022 2981 2100 trotz mancher zu groß geratenen Geste, trotz mancher hoch¬
1756 2076 2985 2149 dramatischen Entgleisung, war es doch eine vollsaftige Genia,
1745 2110 2983 2158 die sie auf die Bühne stellte. Auch Fräulein Michalek
1762 2143 2983 2227 spielte ihre schwere Rolle mit viel Geschick, wie überhaupt
1752 2189 2980 2266 nur das ausgeglichene Zusammenspiel unter Basils Regie,
1760 2223 2969 2297 von keiner falschen Besetzung gestört, so gut wie möglich
1759 2251 2867 2339 über die senstigen Schmerzen des Abends hinweghalf.
1846 2297 2976 2387 Fischers neue Dekoration möchte ich gleichfalls noch
1744 2329 2123 2398 lobend erwähnen.
1832 2407 2970 2492 Das harmlosere und gutbürgerliche Lustspiel hat sich,
1749 2457 2964 2542 da alles literarisch sich gebärdet, ins Uniontheater ge¬
1740 2494 2961 2580 flüchtet, wo es bei Drcher recht gut aufgehoben ist. Als
1737 2531 2960 2617 dritte Novität gab er „Das Familienkind“ einen Schwank
1742 2570 2964 2660 von Friedmann-Frederich. Das anspruchslose, aber ge¬
1736 2617 2959 2687 schickt aufgebaute Stückchen fand wieder reichen Beifall, der
1733 2650 2966 2736 sich zum Sturm steigerte, da Max Hofpaur, auch noch
1739 2689 2954 2758 einer von der alten Garde, als junger Rittmeister die Bretter
1725 2724 2954 2812 betrat. Gustav Conradi, Fritz Fuchs, Joseph Kieß¬
1730 2772 2959 2863 lich, Lili Breda, Rica Garda und Minna Lindner
1731 2804 2943 2897 teilten sich in die übrigen Ehren des erfolgreichen Abends.
1822 2854 2943 2929 Die ungewöhnlich starke Konkurrenz in der heurigen
1728 2884 2935 2968 Hochsaison schuf einen vielversprechenden Anfang. Viel¬
1728 2927 2939 3018 leicht trägt sie dazu bei, in unseren etwas muffig gewordenen
1719 2963 2542 3050 Theaterbetrieb neues Leben zu bringen.
