3392 4320
1025 169 1222 241 Land
288 158 1242 277 24. Das weite
1403 179 1855 262 box 29/6
1173 1197 2520 1262 nicht darauf an, in wie tiese Menschen, sondern mit wie scharfen Blicken
1173 1269 2511 1333 ein Dichter in Menschen hineinsieht. An Hofreiter ist vielleicht nur ein
1168 1305 2507 1386 Zug — wie er lügt, mit wie seinem Bewußtsein er lügt, und daß er
1160 1357 2518 1443 sich dabei selbst nicht belügt — nur dieser eine Zug ist vollkommen ge¬
1165 1425 2257 1468 glückt. Aber um ihn lebt es. Das Theater hat Arbeit.
1246 1470 2505 1543 Brahm hat der Dichtung das Herz herausgebrochen und sie zur
1164 1524 2505 1599 Entschädigung in ein „prächtiges Gewand gesteckt. Indessen will ich
1160 1572 2510 1656 den richtigen Schnitzler lieber zwischen Fetzen als den verbrahmten
1163 1636 2501 1713 zwischen echten Hölzern und den bunten Zaubern eines wienerischen
1155 1696 2499 1763 Gartens hören. Für die Halle eines Dolomitenhotels herrschte auf der
1156 1748 2505 1805 Bühne ein angemessen reges, für Schnitzlers Gesprächskomödie ein viel
1147 1808 2501 1877 zu reges Leben, da es von ihr ablenkte. Gerade im Lessingtheater
1155 1854 2505 1916 müßte man wissen, daß der Schein niemals die Wirklichkeit erreichen
1148 1896 2489 1976 soll. Von den Schauspielern wurde die Wirklichkeit insofern erreicht, als
1148 1960 2501 2033 Reichers Hoteldirektor Aigner dem Autor Schnitzler aufs Haar und auf den
1142 2018 2510 2067 Bart, Forests Schriftsteller Albertus Rhon (aus dem „Zwischenspiel)
1154 2075 2507 2147 unserm Peter Altenberg auf Kneifer, Sprechmanier und jede Geste
1146 2131 2491 2203 glich. Ohne solche Hilfsmittel war die Grüning eine amüsante wiener
1142 2179 2484 2242 Schwatzschwester im ungefährlichen Alter, Herr Ziener ein genügend
1139 2226 2495 2308 blonder Tennisblödian, Herr Froböse ein bemerkenswert scharf um¬
1148 2279 2493 2366 rissener Bankier Notter. In eine einsame Zukunft blickte Herr Marr
1151 2354 2488 2409 als Doktor Mauer mit der Klarheit eines anständigen Herzens, auf
1134 2404 2489 2478 eine einsame Vergangenheit als Schauspielerin Anna Aigner Fräu¬
1134 2472 2484 2531 lein Sussin, die die feinsten Töne einer guten Künstlerin und guten
1135 2511 2483 2581 Mutter hatte. Wichtiger als alle diese ist die Dreiheit: Erna, Friedrich,
1146 2561 2492 2643 Genia. Fräulein Herterich und Herr Monnard blieben ganz unzu¬
1132 2611 2481 2698 länglich. Sie gab diesem klugen und tapfern Geschöpf zuerst ein
1139 2678 2483 2757 Dauerlächeln, zuletzt eine Schmerzgrimasse, die keine Empfindung
1133 2734 2485 2787 verriet und keine erweckte. Er hat weder Geist genug, uns Herrn
1143 2783 2480 2848 Hofreiter zu erklären, noch Persönlichkeit genug, sich selbst als ein
1136 2835 2490 2906 deutlicher Mensch an die Stelle einer verschwimmenden Figur zu setzen.
1142 2890 2488 2967 Ihr Ton war leer, sein Ton war subaltern, und wenn sie von ihrer:
1135 2956 2481 3026 Liebe sprachen, so hatte man das unbehagliche Gefühl einer Unappetit¬
1125 3006 2484 3063 lichkeit. Dagegen die Triesch! Welche Freude, sie nach so langer
1124 3056 2475 3122 Zeit wiederzusehen! Sie füllt die Bühne. Ihr Schicksal beklemmt uns,
1135 3117 2477 3180 auch wenn sie nicht redet. Sie ist, als diese gequälte Frau, wahrhaft
1132 3166 2472 3227 von Schmerz umflossen. In ihren Augen, in ihrer Haltung, in den
1137 3224 2476 3299 müden Abwehrbewegungen und im Ringen der Hände — darin liegt
1124 3284 2481 3331 alles, was Schnitzler mit seiner Dichtung hat sagen wollen: daß wir
1124 3330 2499 3419 immer allein sind, daß es keine Verschmelzung von Seele und Seele gibt.
1121 3423 1250 3499 346
