3392 4256
566 380 993 470 October 0, 1015
1369 389 2139 497 THE NEW REPUBLIC
2793 430 2936 508 264
568 513 1744 578 spend a week or two in the Dolomites? He is evasive. She
1757 506 2930 591 convenience. In Schnitzler at his best those scenes which
577 559 1750 611 insists upon knowing the meaning of his journey. Is he
1758 581 2928 621 seem irrelevant from the mere understanding’s point of
569 611 1748 677 going to the Dolomites or away from her? Well, since
1763 632 2927 693 view do give the spectator’s mood che color which will
582 664 1743 708 she will have it, Friedrich admits that he wants to be away
1756 682 2926 747 change most easily into the color right for the significant
578 706 1735 777 from her for a while. The feeling that she is trying, how¬
1752 729 2912 793 moments. It is a waste of time, when the time is Schnitz¬
577 760 1735 824 ever unconsciously, to make Korsakow'’s suicide count as
1748 786 2929 838 ler’s, to create for us the atmosphere of a Dolomite hotel.
572 816 1744 881 proof of a love of Friedrich which entitles her to something
1761 831 2926 886 Contrast there must be, of course, but in for example“ Der
576 867 1735 932 from him, the feeling that so comparatively unimportant a
1760 877 2930 929 Einsame Weg' the contrast is between Schnitzler and
565 913 1735 967 thing as her virtue should have caused the irreparable fact
1751 936 2926 984 Schnitzler, not between Schnitzler and such common co.nic
573 974 1736 1030 of death—these feelings have made her more alien to him
1748 988 2922 1030 relief as is furnished by Paul Kreindl and by the German
578 1023 1727 1080 than before. All this she forces him to put with such dis¬
1759 1041 2928 1105 who cannot get his clean clothes from the laundress. Did
571 1072 1732 1117 tinctness that as soon as he has said it, he tells her, it has
1755 1085 2915 1161 Schnitzler really write such parts? Did he do it on pur¬
574 1119 1742 1170 become almost not true. Genia disagrees. She thinks it
1747 1124 1895 1194 pose?
568 1168 1746 1237 has staid true. Friedrich leaves her without knowing he
566 1220 1730 1274 has revealed his unconscious wish to have her take a lover.
1787 1241 2917 1319 How odd to find oneself saying, à propos of a play by
566 1266 1725 1328 We spend the third act with him in the Dolomites, where
1758 1290 2927 1368 Schnitzler, that nearly all the cuts have been intelligently
565 1316 1733 1379 he, who had not climbed for seven years, not since a friend
1753 1356 2923 1404 made! Yet it’s truc of“ Das Weite Land“’ as given in
564 1376 1727 1436 was killed while they were alone together on a dangerous
1750 1383 2914 1451 Irving Place. One of the cuts, by the way, shows that
568 1430 1732 1484 peak, renews his youth by conquering this same peak's
1750 1459 2920 1515 the stage director either hasn't read Theodor Reik’s won¬
562 1463 768 1527 dangers.
1757 1501 2923 1539 derful book about Schnitzler (Arthur Schnitzler als Psy¬
1755 1556 2919 1609 cholog, J. C. C. Bruns, Minden, 1913) or else doesn't
599 1571 1731 1639 Neither Friedrich’s nor her own simpler case is clear to
1749 1602 2917 1674 accept Reik’s interpretation of the Aignerturm, the moun¬
555 1634 1725 1699 Genia. She belicves that his infidelitics, which in her first
1749 1651 2919 1711 tain scaled in the third act. Rhon, a playwright, says to
556 1690 1725 1755 knowledge of them gave her thoughts of suicide, flight, re¬
1750 1694 2915 1763 Aigner, who made the first ascension twenty years before,
566 1738 1730 1795 venge, have become matters of something like unimportance
1748 1762 2919 1802 and who has now given up climbing: “ Das muss doch ein
556 1790 1729 1845 to her. Very quietly she proposes a long absence from him,
1750 1809 2914 1855 recht eigenthümliches Gefühl sein, so zu Füssen eines
564 1835 1725 1892 a long visit to England where their boy is at school, but
1752 1846 2917 1911 Turmes zu sitzen, den man als erster bestiegen hat und
554 1892 1721 1947 when he proposes to leave for the Dolomites she is deeply
1745 1906 2600 1973 selbst nicht mehr in der Lage zu sein.
2768 1907 2913 1970 Man
561 1942 1719 1993 disturbed. So her fidelity, her resistance, her virtue have
1740 1950 2577 2014 könnte hier einen Vergleich wagen
2629 1963 2912 2026 den ich aber
549 1998 1716 2049 lengthened the distance between them? Very well, she will
1744 2006 2920 2081 lieber unterlassen will.“ Atthe Irving Place the italicized
548 2056 1723 2112 put an end to these things. She chooses a young naval
1741 2066 2909 2111 words are not spoken. For their symbolic reference, and
553 2097 1727 2143 oflicer, Otto von Aigner, who loves her and whom she dees
1737 2110 2909 2169 for other passages on which Reik throws a Freudian light,
546 2158 1716 2214 not love, care less for, one would say, than she cared for
1737 2167 2909 2238 I must refer readers to his book. What he says deepens
554 2192 1726 2242 Korsakow, and becomes his mist. s. He is on the point
1746 2216 2921 2276 one’s understanding of Schnitzler, but a remembrance of
551 2254 1718 2314 of starting for a three-year voyage in the South Seas, and
1739 2257 2904 2323 it, at the moment of seeing and hearing“ Das Weite
544 2301 1718 2367 when he has gone she will tell Friedrich. When Friedrich
1731 2311 2908 2360 Land,“ gives to parts of the play an emphasis which isn't
548 2350 1717 2407 returns we see him preoccupied, excited, more nervous and
1732 2372 2911 2420 Schnitzler’s own, and the result is a slight distortion. Ex¬
549 2388 1712 2452 restless than ever. He has little attention to spare for the
1742 2415 2904 2488 cept, I hasten to add, in the cases of Korsakow, who killed
549 2455 1712 2521 new mistress he won in the Dolomites. And the explana¬
1733 2464 2909 2531 himself just after a game of billiards with Friedrich, and
553 2498 1716 2559 tion is that he has found out by accident the relation of
1742 2521 2910 2568 of Bernhaupt, killed by a mountain accident seven years
541 2546 1708 2610 Genia to Otto, whom he insults quietly and publicly, and
1733 2563 2902 2640 ago, while he and Friedrich were climbing the Aignerturm.
553 2606 1717 2648 who challenges him. At the moment of the insult Fried¬
1737 2617 2900 2672 About the second of these deaths the most sinister rumors
550 2652 1717 2724 rich was not bent on murder, but when they are face to
1740 2675 2900 2729 are afloat, and one feels that things as sinister were once
542 2714 1720 2769 face, when he sees youth itself glitter and laugh in insolent
1734 2725 2898 2776 rumored about Bernhaupt’s fall. One death was really an
542 2750 1710 2822 cold eyes, jealousy of youth darkens his other jealousy into
1728 2776 2900 2842 accident, the other really a suicide, yet to Friedrich, as
536 2807 1703 2877 hate, and he shoots Otto dead. The hatred is over then,
1723 2831 2895 2902 Reik explains him, both deaths have seemed fulfillments of
546 2863 1704 2930 but Genia sees Friedrich ar last as she had not seen him,
1728 2876 2898 2961 his wishes. He cannot be certain that his wishes did not
544 2916 1711 2972 as malevolent in his egotism and cruel, and we realize, as
1724 2921 2159 2985 kill his two friends.
546 2964 1713 3012 she goes away to tell Otto’s mother, that in her heart she
546 3005 1255 3082 has already broken with Friedrich.
1768 3031 2891 3088 At the Irving Place Friedrich is played with fine intelli¬
1719 3096 2902 3158 gence and dexterous nerves by Arnold Korff. Friedrich's
579 3105 1703 3177 Profound and illuminating as a study of Friedrich’s
1720 3139 2892 3207 impulsive amiability, impulsive malice, impulsive irony, his
530 3175 1706 3242 jealousy and neurosis, perfect as a representation of Genia’s
1726 3193 2892 3247 abiding restlessness, his energy and his mind—Mr. Korff
538 3228 1699 3301 state of mind, true-Schnitzler in Erna, the unafraid young
1726 3248 2890 3293 renders all these sharply when he chooses, and when he
540 3276 1695 3319 woman who is Friedrich’s mistress for so short a time, true¬
1722 3289 2889 3344 chooses blends onc of them with another. Quite admirable
533 3313 1694 3392 Schnitzler again in Otto's father, a subordinate and essential
1717 3350 2875 3399 acting this, worth seeing again and again by anybody in¬
532 3387 1691 3452 figure, Das Weite Land' sounds as if Schnitzler might have
1721 3396 2883 3458 terested in acting as an art, marred at the end by the
537 3426 1695 3481 written it when he was tired of hearing his people called
1726 3435 2881 3501 violence of Mr. Korff’s emotional outburst, which strikes
528 3485 1692 3549 charming. Friedrich has had many forerunners—Anatol,
1723 3503 2875 3566 me as not justified by his acting in earlier scenes, or by
529 3531 1690 3583 Stephan von Sala, Prince Egon, Georg von Wergenthin—
1714 3556 2890 3597 anything in the dialogue or stage directions of the printed
521 3588 1687 3651 but his nerves are more exasperated, his cruelty is malign
1707 3610 2878 3674 play. Anni Rub-Foerster made me realize how stupid
529 3640 1688 3702 and self-pleasing, his creator doesn't like him so well. This
1719 3646 2908 3726 I’d been about Genia. Until I saw this impersonation,
523 3686 1682 3753 is surprising in a dramatist whose love of his lovers has been
1706 3711 2894 3751 sincere and deeply felt, I had quite failed to understand
521 3743 1690 3805 so faithful, though less surprising, to one accustomed to the
1710 3754 2866 3822 what a solitary life Genia lives with her preoccupation—.
526 3783 1692 3838 unencumbered ease of Schnitzler’s scenes, than the presence
1710 3810 2897 3857 when she is most a hostess, when she is most diverted,
515 3837 1686 3898 of certain clumsinesses, of a clatter of exits and entrances, of
1709 3846 1890 3908 always.
518 3897 1688 3943 goings and comings with little motive except the author’s
2630 3867 2975 4014 2
