3344 4384
1355 163 1804 262 box 2975
239 156 1192 276 24. Das veite Land
1327 1349 1474 1477 7
704 1589 1515 1694 Wiener Morgenzeitung
423 1816 523 1907 8
552 1825 1895 1910 brhunge Kortlin
364 1895 1769 2003 en Sie am besten in den Spezialhäusern:
667 2257 1347 2391 Diese Woche:
1681 2314 1894 2380 Das 40
1592 2357 1896 2417 Am Dennersta#
437 2360 1261 2460 Künstler=Vorhän#e, dreiteilig...
1290 2381 1567 2464 S 830
1593 2408 1883 2468 des 40jährigen
1598 2438 1874 2503 Festvorstellung
445 2435 932 2511 Plüch=Tischdecken
1363 2440 1559 2512 S 25 —
1596 2470 1893 2537 führung. Am se
440 2490 1085 2583 Doppelbettdecken, herrlich
1424 2492 1585 2569 7.90
1592 2522 1889 2584 Vorfeier für g#
443 2546 994 2630 Lauflevpiche, 70 breit
1386 2553 1573 2637 1.90
1684 2566 1881 2640 Von der
1602 2605 1886 2678 in der Joseffts
447 2619 1570 2695 Maffersdorfer Laufteppiche, feinst. 90 br. S 7.80
1593 2658 1888 2714 Karl Stran
449 2668 1566 2747 Alle Artike in größter Auswahl von billigster
1593 2700 1905 2765 Theater in der#
1588 2743 1869 2796 pflichtet. Herr
695 2744 1326 2817 bis feinster Ausführung
1587 2778 1872 2832 Direktion des
1591 2817 1894 2868 lautet, daß Dr.#
1589 2860 1888 2925 Reinhardts für
436 2841 1566 2930 ihn Kurt Lessen spielt, und samos ist der Bankier Natter
1588 2898 1886 2963 Bühne verpflie##
440 2912 1574 2968 Hans Lackners. Voll Verdienst, sehr vornehm (aber doch
1678 2946 1886 3008 Das Aktes
439 2958 1568 3017 nicht verhalten genug), die Genia Erika Wagners und eine
1592 2983 1891 3051 saison wird M.
444 3006 1571 3087 Freude die Natürlichkeit der jungen Schauspieler Smytt
1587 3037 1851 3090 Vigny mit
430 3052 736 3122 und Jaray.
1582 3075 1874 3130 ler in den Ha
1592 3111 1885 3180 eröffnet. Dann
525 3106 1562 3173 Ueber Arnold Korff selbst ist nichts Neues zu sagen.
1585 3156 1875 3212 Reiner, „A
444 3163 1563 3212 Er nimmt die Rolle des Hofreiter um einige Grade tragischer
1586 3193 1889 3258 reicher, fern
441 3211 1569 3261 als es der arme Harry Walden tat, ist mehr sehnender, wunder
1587 3229 1887 3295 Grillparzer, „
440 3257 1563 3316 Liebhaber der eigenen Frau als spielerischer Don Jnan, und
1590 3272 1870 3326 arbeitet von 2
1590 3309 1870 3368 woiten Hälfte
441 3309 1073 3370 er ist in seiner Art außerordentlich.
1588 3348 1888 3429 Werbezirk eing
525 3348 1558 3411 Korff wurde sehr gefeiert und die Hauptdarsteller, nebst
431 3412 1568 3471 den Gewürdigten noch ganz besonders Emmy Förster und
472 3465 1568 3540 aus Ziegler, haben an dem großen Erfolg des Abends
1595 3471 1879 3563 Heute Sonnta
1389 3501 1533 3585 O. A.
1623 3536 1871 3593 Symphonier
1625 3576 1871 3642 (Kapelle G
686 3561 1286 3664 „I# S##e
2309 208 2750 366 Tunt An
2391 363 2493 456 4
1935 425 2273 509 september 1925
2628 435 2811 518 Seite 7
1991 551 2854 619 bezüglich des Grundsatzes „Krone ist Krone“ ge¬
2004 592 2857 666 sällten Entscheidungen hervor, daß von einer
1991 630 2858 702 Valorisierung auch schon deshalb keine Rede
1995 667 2858 732 sein lönne, da der Beklagte die Aufkündigung
1986 715 2854 784 des Darlehens, sowie auch den Tarlehensbetrag
1992 757 2853 821 von 50.000 Kronen ohne jeglichen Protest ent¬
1993 789 2856 856 gegengenommen habe. Der Vertreter des Be¬
1983 837 2850 900 klagten, Dr. Ernst Münz, beantragte unter
1994 870 2853 938 Hinweis auf die Geldentwertung die Abweisung
1983 904 2854 978 der Klage. Hofrat Dr. Neumann verurteilte
1986 950 2856 1011 den Beklagten zur Uebergabe der Löschungs¬
1983 998 2865 1071 Verklärung, sowie zur Zahlung der Prozeßkosten.
1987 1032 2858 1101 In der Urteilsbegründung führte der Richter
1981 1074 2844 1142 im wesentlichen aus, daß nach den Entscheidun¬
1979 1111 2841 1181 gen des Obersten Gerichtshofes und des Ver¬
1989 1157 2857 1225 fassungsgerichtshofes das Gericht dem Klage¬
1989 1194 2859 1264 begehren Folge geben mußte, und auf eine
1985 1230 2844 1295 Valorisierung nicht erkennen konnte. Es liege
1981 1270 2850 1342 zwar in dem Umstande, daß eine Valorisierung
1989 1318 2849 1386 nicht statthabe, in einzelnen Fällen eine große
1976 1352 2848 1418 Härte und eine Unbilligkeit gegenüber dem
1989 1395 2849 1462 Gläubiger, allein nach den Entscheidungen der
1985 1425 2853 1502 höchsten Instanzen lasse sich gar nichts machen.
1984 1475 2847 1541 Zur Klägerin Frau Ulrich bemerkte der Richter:
1988 1521 2848 1577 Sie haben das Recht für sich, aber
1979 1551 2593 1633 nicht die Gerechtigkeit!
1996 1605 2839 1693 —.———-—-2—
1977 1698 2855 1818 Kunst und Wissen.
1995 1801 2842 1879 Deutsches Volkstheater. Das Wiederiehen
1967 1854 2849 1919 mit Schnitzlers einstigem Burgtheaterstück
1974 1892 2838 1961 „Das weite Land“ bestätigte nur das
1964 1941 2834 1995 seinerzeitige Urteil: ein ausgezeichneter Blick
1967 1986 2836 2049 für Bühnenwirkungen, ein glatter, flüssiger
1967 2034 2832 2083 Dialog (in dem es allerdings ab und zu
1964 2069 2845 2140 papieren zu rascheln beginnt) und eine müh¬
1965 2119 2841 2191 sam konstruierte, unwahrscheinlich verquälte
1961 2159 2840 2234 Handlung, Nichts geht in diesem Werk natür¬
1956 2208 2840 2283 lich vor sich: vom Beginn, wo der Held
1962 2246 2841 2327 seiner Gattin es zum Vorwurf macht, daß
1968 2297 2833 2363 der von ihr nicht erhörte Freund in den
1959 2340 2838 2400 Tod ging, bis zum Schluß, wo er den glück¬
1961 2391 2843 2458 licheren Nachfolger des Selbstmörders wegen
1964 2425 2830 2501 seiner „frechen Jugend“ im Zweikampf er¬
1966 2478 2832 2537 schießt — er forderte ihn, um die Beziehungen
1968 2522 2828 2593 seiner Frau wohl wissend, nach einer ge¬
1955 2567 2841 2636 meinsamen Tennispartie mit der faden¬
1963 2608 2832 2659 scheinigen Begründung, „man sei doch nicht
1956 2658 2834 2733 der Hopf“ — ist alles Unnatur, Rabulistik,
1963 2698 2827 2771 ja, Talmudistik. Man glaubt oft und oft
1961 2751 2828 2819 einer jener überspitzten Fragen gegenüber¬
1956 2801 2833 2867 zustehen, wie see strenggläubige Rabbiner
1960 2840 2829 2904 einander vorzulegen liebten; so zum Veispiel
1945 2864 2827 2950 wenn der Held seine Gattin fragt, ob sie den
1946 2928 2827 2981 Helden erhört hätte, wenn sie gewußt hätte,
1948 2967 2826 3039 zdaß es um Leben und Tod gehe; und wenn
1936 3023 2817 3083 zer, da sie dieser Frage auszuweichen weiß,
1943 3065 2831 3127 seine neue, noch verwickeltere bereit hält: ob
1939 3091 2832 3162 ssie ihn erhören würde, wenn sie wüßte, daß
1926 3141 2824 3215 sie ihn dadurch wieder zum Leben erwecken
1929 3191 2828 3261 skönnte. So ist es dann kein Wunder, daß'
1939 3227 2818 3296 zman stets kalt bleibt und an den Schicksalen
1939 3274 2817 3352 der Figuren keinen Anteil nimmt, weil man
1953 3321 2822 3396 fühlt, daß es nicht Menschen von Fleisch und
1943 3366 2811 3443 Blut sind — wenigstens nicht von unserem
1949 3407 2820 3472 FFleisch und Blut. Daran änderte auch der
1943 3446 2815 3527 Regieeinfall nichts, die Hauptfigur wienerisch
1939 3494 2816 3573 nreden zu lassen: Schnitzler im „Schmal¬
1948 3545 2819 3621 ranstler“ blieb halt doch Schnitzler. Dennoch
1937 3581 2808 3651 wrachte es der Abend zu einem starken Er¬
1945 3630 2804 3707 folg, vornehmlich durch das geradezu unüber¬
1930 3682 2809 3748 traffliche Spiel der beiden Hauptdarsteller:
1927 3729 2805 3789 Herr Korff als Fabrikont Hofreiter war
1930 3767 2810 3828 Finreißend und eroberte sich die Herzen
1934 3792 2805 3886 uiller Zuschèr im Sturm: Wie er mit einer
1929 3852 2802 3935 leichten Handbewegung, einem seitlichen
1915 3900 2798 3976 N##n des Kopfes, einem Blick ganze
1931 3930 2801 4017 Sitnationen zeichnete, war ein Genuß für
1926 3978 2810 4045 sich: der unglücklichen Gattin gab Frau
1931 4037 2801 4103 Wagner einen Adel der Erscheinung und
1932 4123 2757 4189 Sionanmmmmunmmmimnmmhminn
1930 4162 2035 4202 #
