3344 4448
1468 64 3288 139 n
1454 125 3294 182 vierzehnjährigen Jungen ist, der in England erzogen wird.ltreu zeichnete die kleine Rolle der
1458 161 3270 213 Aber er kann nun einmal ohne illegitime Beziehungen nicht Marineossiziers in sicheren Strichen.
2571 205 3297 274 schuf eine prächtige Charge als eine la
1466 213 2580 271 sein, sie sind ihm zum Bedürfnis geworden. Seine Frau
2570 250 3274 315 fast schon unerlaubter Beschränktheit.
1461 259 2577 317 weiß und duldet das, ja sie hat sogar bisher von dem ihr
2699 294 3246 351 spielenden Akt waren
1453 304 2711 356 täglich empfohlenen Mittel, Gleiches mit Gleichem zu ver= Tirol
3109 343 3242 399 einen
1462 327 3082 409 gelten, keinen Gebrauch gemacht. So stehen die Dinge bei Herr Devrient, der
2574 371 3294 444 Direktor eines Dolomitenhotels gib
1454 388 2581 452 Beginn des Stückes. Ueber dem prächtigen Garten,
2578 421 3302 484 Jugend ein waghalsiger Tourist war,
1451 433 2565 497 der zur Hofreiterschen Villa in Baden gehört,
1449 466 3291 516 lagert eine dumpse Schwüle. Durch geschickt gemachte Ehe hatte, in den Bergen den Lebeman
2573 511 3304 572 es Dutzende Gesichter gibt, die ihm ähr
1459 522 2570 572 exponierende Szenen erfahren wir, daß ein Freund des
2576 561 3308 615 man trotz dieser bewegten Vergangen
1452 558 2566 624 Hauses, ein junger russischer Musiker Alexei Korsakow, durch
2579 598 3311 664 Zukunft vorhersagt. Herr Balajthy
1457 607 2565 657 einen Selbstmord, dessen Motiv niemand kennt, geendet hat.
2576 650 3310 705 Herr Thimig den Hotelportier, die
1460 649 2581 696 Hofreiter hat dem Begräbnisse beigewohnt und kehrt aus der
1471 684 3311 742 Stadt zurück. Im Abenddämmer kommt es zwischen den und Zeska opferu sich in diesem Akte
2575 734 3307 796 rollen. Von den übrigen sind noch
1459 731 2589 790 beiden Gatten zu einer Aussprache. Hofreiter kann das
2572 779 3310 843 Paulsen, der in dieser gemischten Ge
1452 775 2580 831 Gefühl nicht loswerden, daß seine Fran mit dem Selbst¬
2581 821 3305 881 mal die Fleisch und Blut gewordene,
1460 821 2574 871 mord in irgendeinem Zusammenhange stehe. Genia bestätigt
1451 859 3290 917 diese Annahme, indem sie ihrem Manne einen Brief schütternde Anständigkeit repräsentiert,
2569 905 3312 977 seine sympathische Jugend an den ju
1459 916 2579 975 zu lesen gibt, den Korsakow vor seinem Tode an sie
2578 949 3321 1016 wendet, Herr Heine, der sich als Ba#
1464 965 2572 1014 gerichtet hatte. Aus diesen Zeilen geht hervor, daß der
2576 993 3307 1059 versteinerte Maske zurechtgelegt hat, u
1470 1001 2575 1057 Selbstmörder eine unglückliche Liebe zu der schönen Frau
2573 1042 3316 1104 als unermüdlicher, leidenschaftlicher
1472 1047 2575 1102 im Herzen trug und daß er starb, weil er keine Erhörung
2574 1081 3314 1144 Schlusse sollen wir wohl noch eine Erh
1470 1091 2576 1154 fand. Hofreiter legt sich dieser Enthüllung gegenüber
1468 1140 2576 1190 einen ganz sonderbaren Standpunkt zurecht. Das Geständnis
2584 1135 3319 1195 weshalb das Stück den Titel „Das weit
1473 1170 2581 1237 Genias, daß sie den jungen Künstler wieder liebte, ohne
2584 1175 3322 1236 wissen es nicht. Vielleicht ist die Lieb
1469 1219 2583 1277 aber ihre Pflicht zu vergessen, versetzt ihn in einen ganz eigen¬
2576 1228 3320 1299 faltigkeit und Vielgestaltigkeit damit g#
1474 1268 2577 1323 tümlichen Gemütszustand. Er kann keine Genugtnung darüber
1465 1301 2587 1362 empfinden, daß die Treue seiner Gattin ihn davor bewahrte,“
1465 1358 2593 1414 für seine Verirrungen büßen zu müssen. Er empfindet sogar
1468 1386 2598 1452 eine Art von Grauen vor seiner Frau, die es, wie er
1463 1436 2596 1501 meint, doch so leicht gehabt hätte, den jungen Russen von
1463 1496 2308 1546 seinem verzweifelten Schritte zurückzuhalten.
1556 1537 2598 1595 Und diese Idiosynkrasie gewinnt so starken Einfluß
1459 1588 2589 1652 auf ihn, daß er ganz plötzlich den Entschluß faßt, auf ein¬
1460 1622 2596 1692 paar Wochen in die Tiroler Berge zu gehen. Allerdings,
1467 1683 2592 1733 wenn Hofreiter sich sagt, daß es nur das gespannte Ver¬
1457 1706 2604 1780 hältnis zu seiner Frau ist, das ihn vom häuslichen
1457 1743 2601 1815 Herde treibt, so ist er sehr unäufrichtig gegen sich selbst.“
1470 1800 2590 1874 Es lockt ihn nämlich ein neues „Weibchen“. Es ist nocht
1460 1851 2607 1921 gar nicht lange her, da hat er mit der pikanten Frau¬
1472 1886 2599 1950 (Fräulein Wilke) seines Geschäftsfreundes, des Bankiers¬
1472 1920 2600 1982 Natter (Herr Heine), gebrochen. Nun ist es ein junges¬
1469 1972 2602 2026 Mädchen (Fräulein Hofteufel) von einer geradezu stupenden
1475 2027 2594 2091 Aufgeklärtheit und Vorurteilslosigkeit, ein richtiges Pracht¬
1477 2062 2599 2129 exemplar einer demie vierge, das ihn mit seinem Raffinement?
1468 2104 2599 2176 in seine Netze gezogen hat. Die Sinnlichkeit dieser
1607 2153 2588 2207 ihm förmlich aufdrängenden Tochter aus
1481 2159 1622 2220 sich
2011 2177 2599 2262 eigentlich, was Hofreiter
1478 2198 2024 2268 gutem Hause ist es
1472 2244 2602 2320 zu dem Ausfluge in die Dolomiten veranlaßt, an dem sich!
1481 2286 2603 2347 auch die kleine Circe beteiligen will. Und es kommt, wies
1469 2317 2608 2399 es kommen muß. Hoch droben, angesichts der Gletscher,
1462 2373 2601 2442 kommt es über die beiden wie ein „Höhenrausch“ und der
1462 2429 2595 2479 reife Mann stammelt tolle Liebesworte wie ein Jüngling.
1481 2462 2604 2534 Aber auch das bleibt nur eine Episode. Es ist etwas in
1461 2513 2605 2590 ihm, was ihn doch immer wieder zu seiner Frau zieht. Un¬
1479 2544 2604 2612 erwartet kehrt er nach Baden zurück. Zu nächtlicher Stunde
1472 2583 2606 2664 macht er dem Mädchen, das in den Tiroler. Bergen sein;
1463 2641 2599 2721 geworden ist, eine Fensterpromenade, dann aber
1465 2671 2612 2753 will er sich in seine Villa begeben. Da muß er gewahren,
1466 2729 2596 2789 daß die Gunst, die seine Frau dem armen Korsakow ver¬
1476 2764 2600 2825 sagte, mittlerweile einem anderen gewährt hat, und zwar
1474 2821 2593 2874 einem jungen Marineoffizier, der ihr bis dahin ganz gleich¬
1471 2851 2599 2915 gültig gewesen war und den sie vielleicht nur deshalb nicht
1480 2888 2602 2971 zurückgewiesen hatte, weil sie angesichts der immer wieder
1489 2948 2597 3009 neuen Untreue ihres Gatten, über die sie nicht in Un¬
1477 2997 2593 3050 kenntnis ist, nicht mehr die Kraft zur Treue hat. Hofreiter,
1476 3034 2598 3091 der nie recht weiß, ob ihm seine Frau gleichgültig ist
399 2986 1470 3123 Theater, Kunst und Literatur.
1484 3089 2601 3146 oder ob er eifersüchtig auf sie sein soll, entschließt sich
695 3082 1425 3191 „Das weite Land“ 7 0(44
1489 3130 2597 3178 diesmal zum letzteren. Er, der es beinahe bedauerte, daß
1476 3161 2599 3236 1der arme Korsakow an seiner ungestillten Sehnsucht sterben
372 3153 1439 3239 (Tragikomödie in fünf Akten von Artur Schnitzler
1235 3202 1294 3246 41
1494 3208 2594 3268 müßte, provoziert nun den in seinem Hause als Gast ver¬
375 3213 1489 3296 Am Hofburgtheater aufgeführt am II. Ollober.)
1497 3251 2597 3309 kehrenden Marinefähnrich, dem er coram publico innere
466 3262 1481 3319 Es kann sein, daß die Erwartungen, mit welchen man
1501 3293 2596 3355 Feigheit vorwirft. In dem darauf stattfindenden Duelle
372 3308 1497 3360 der gestrigen Burgtheaterpremiere entgegensah, durch die
1488 3337 2599 3396 fällt der junge Offizier. Hofreiter bleibt Sieger, aber in
371 3356 1488 3413 Ankündigung höher gespannt worden waren, daß das
1492 3380 2603 3447 ihm ist alles zerbrochen und als das Mädchen, das
373 3399 1492 3462 neueste Stück Artur Schnitzlers gleichzeitig an mehr als
1492 3417 2606 3482 er am Wege gepflückt hatte, sich ihm als Kameradin
381 3443 1489 3510 einem Dutzend Bühnen zur Aufführung gelange. Man
1612 3471 2602 3532 da drüben jenseits des großen Wassers
1489 3478 1627 3545 für
376 3479 1498 3540 mag noch so abgestumpft sein gegen alles, was Reklame
1503 3500 2609 3580 anbietet, wohin er nach der gerichtlichen Austragung der
371 3530 1483 3601 heißt, und man wird sich dennoch des Gedankens
1505 3559 2610 3617 Angelegenheit gehen will, weist er sie brüsk zurück. Erst als
375 3571 1495 3643 nicht erwehren können, daß eine solche Massenaufführung
1496 3607 2613 3668 sein just an diesem Tage zum Ferienaufenthalte eintreffender
369 3616 1497 3676 eines Dramas doch immerhin durch dessen Qualitäten
1490 3664 2604 3705 Junge im Garten unten laut nach Vater und Mutter ruft,
377 3662 1494 3726 gerechtfertigt sein müsse. Wir müssen gestehen, daß wir
384 3685 2609 3760 nicht begreifen können, weshalb die Bühnen sich so sehr scheint ein Erkennen in ihm aufzublitzen, daß sein Leben ja
1495 3737 2039 3817 doch noch einen Zweck habe.
380 3763 1507 3811 beeilt haben, sich das Aufführungsrecht von „Das weite
1577 3756 2630 3850 Man sieht, die Handlung ist die einfachste von
384 3783 1501 3848 Land“ zu sichern. Selbst wenn man, wie unsere Hofbühne,
379 3816 2623 3915 für die beiden Hauptrollen Darsteller von so hervor- der Welt. Und sie erscheint noch dürftiger, als sie!
