3392 4352
677 223 758 287 W7
1369 227 1818 319 box 28/2
253 218 1207 324 24 basLand
736 432 1702 505 Nr. 947 Montag, 6. November 1911
557 515 1784 582 klärte, ein Mann wie er müsse ein eigenes Grabmal haben!
560 562 1776 603 Liszi aber starb in Bayreuth und fand dort seine Ruhestätte, bis
559 602 1778 671 jetzt; denn die Ungarn wollen jetzt die Leiche des großen National¬
562 656 1768 700 Musikers im eigenen Lande haben. Wien hat zu Ehren Liszis
564 695 1776 741 einer Straße der inneren Stadt seinen Namen gegeben. Von
558 740 1770 790 den großen Tonwerken Liszts wird in Wien am häufigsten sein
549 778 1769 836 Oratorium Elisabeth, alljährlich, in der Hofoper aufgeführt,
554 828 1764 888 dann einige seiner Rhapsodien, sein Christus wurde mehrmals,
547 870 1772 923 einmal von der Leogesellschaft, ein andermal von dem Verein
560 910 1772 969 Dreizehnlinden, zum Vortrag gebracht, öfter auch das grandiose
550 970 1771 1030 Tonstück Mazeppa und von Klaviervirtnosen einige seiner Trans¬
555 1003 1767 1050 skriptionen. Er selbst hal, nachdem er sich von seinen beispiel¬
560 1047 1768 1120 losen Klaviererfolgen vom Klavierspiel ab= und ganz der Kompe¬
553 1100 1763 1164 sition zugewandt hatte, auf seine kompositorische Tätigkeit mehr
555 1146 1768 1208 Wert gelegt, und es wird trotz Wagner wohl noch die Zeit
554 1180 1765 1235 kommen, we Liszt auch als Komponist höher gewertet wird als
544 1236 1770 1275 noch jetzt. Interessant ist, was ein altes Mitglied des Wiener
542 1281 1758 1331 philharmonischen Orchesters, Prof. Bachrich, soeben erzählt.
544 1327 1758 1370 Liszt hat bekanntlich selbst mehr für den Ruhm Richard Wagners
544 1373 1761 1429 getan als für den eigenen Ruhm. Uneigennützigkeit und Nächsten¬
553 1413 1764 1460 liebe war ja Liszts' ihn vor den meisten großen Tonkünstlern
540 1455 1759 1522 einzig auszeichnende Tugend. Nachdem er das öffentliche Kla¬
539 1507 1759 1562 vierspiel aufgegeben, machte er sich aus seinem Ruhm als Klavier¬
540 1538 1754 1599 spieler nicht mehr viel und wenn er auch ab und zu in aristokra¬
542 1591 1759 1654 tischen Häusern noch spielte, wies er alle Huldigungen fast gleich¬
544 1638 1764 1687 gültig zurück. Wenn man aber, erzählt Bachrich, ihm von seinen
544 1679 1757 1744 Kompositionen sprach, die Motive eines seiner Werke zitierte
539 1725 1761 1785 oder eine interessante Akkordfolge hervorhob, da leuchteten seine
541 1770 1754 1837 Augen in jugendlichem Feuer, da hob er mit jähem Ruck seinen
542 1809 1764 1861 herrlichen Kopf nach oben, darauf stürzte er mit jugendlicher
545 1861 1754 1923 Behendiakeit ans offene Klavier und schlug mit Macht einen
542 1902 1768 1970 gar seltsamen Akkord an, und mit dämonischem Blitzen in den
540 1930 1762 2014 Augen erklärte der Meister: „Seht ihr? Solche Harmonien
532 1982 1762 2055 habe ich noch vor Wagner und Berlioz schon erfunden, aber
534 2043 1748 2100 ich — ich schwieg darüber! Und ich — ich will auch über diesen
538 2089 1738 2144 gar seltsamen Akkord schweigen und ihn niemandem verraten.“
540 2126 1756 2170 Ein großer Geist, große Gedanken und eine große Beherrschung
537 2175 1751 2233 der orchestralen Mittel — diese Vorzüge wird man an Liszt
540 2211 1750 2276 allezeit schätzen. Sein Klavierspiel — ein Phänomen damaliger
540 2258 1754 2307 Zeit — kann ihn nicht überleben, trotz der vielen Schüler, die
528 2308 1746 2361 er gebildet hat. Und vor allem, Liszt war ein katholischer Mann,
541 2337 1744 2395 seine Graner Festmesse, auch in Wien öfters aufgeführt, und sein
538 2384 1754 2462 Christus bleiben dessen ein sprechendes, klingendes Zeugnis.
576 2449 1746 2499 Fast wie blutiges Weh schneidet es einem ins Herz, wenn man
534 2486 1765 2544 gleich nach der Erinnerung an Liszt, einer neuen Operette.
530 2523 1756 2567 gedenken muß, die in Wien einen Sensationserfolg errungen
530 2577 1745 2613 hat: Die Heimliche Liebe — so heißt das neue Glücks¬
534 2610 1753 2681 kind — ist übrigens, was den Inhalt betrifft, um Einiges an¬
535 2661 1745 2719 ständiger als die Verwandten der gleichen Linie, und die Musik
533 2707 1741 2770 ist um ein gut Teil vornehmer und gründiger als die nunmehr
527 2745 1760 2802 hoffentlich veraltete, süßlich=tänzelnde Operettenmusik der Lehar,
535 2782 1752 2842 Fall u. Cie. Vor allem aber, und das entscheidet den Erfolg für
524 2836 1755 2902 Wien an erster Stelle, ist in dem Profossen, einer echt Wieneri¬
518 2869 1737 2928 schen Figur voll Wiener Humor und mit dem „goldnen“ Wiener
523 2923 1748 2991 Herzen, der sich schließlich mit der als Tambour verkleideten
531 2972 1736 3022 Toni verlobt, eine neue Girardi=Rolle geschaffen. Sein Lied
527 3022 1739 3077 von der „Wiener Gemütlichkeit“ und das „Bänkel“ im zweiten
529 3059 1744 3123 Akt, trägt er vor, — nun, wie eben nur Girardi es vortragen
515 3101 1748 3144 kann. Im dritten Akt gibt es gar ein Kanarienvogel=Lied für
526 3138 1749 3191 ihn, das der Komiker Böhm hinter den Kulissen mit Pfeifen
519 3201 1747 3256 begleitet. Die heimlich verliebte Toni spielte Gerda Walde als
513 3239 1738 3287 ein echtes „süßes Mädel“ und als ein liebreizender Tambour.
523 3271 1728 3325 Textdichter ist der Journalist Julius Bauer, dessen Witze über
523 3318 1754 3389 die Gebühr=elöbt werden, aber hier wirklich manchmal Lachen.
510 3365 1732 3433 erregen, die Musik lieferte der Nachfolger Zemlinskys als
510 3409 1740 3477 Dirigent der Volksoper, Herr Paul Ottenheimer, der sich mit
518 3454 1742 3518 diesem großen Erstlingswerke sofort mit in die Reihe der be¬
517 3505 1732 3570 rühmten Wiener Operettenkomponisten gestellt hat. Die Musik
514 3542 1739 3615 geht nicht auf grobe Wirkung aus, sondern ist voll Melodik,
511 3597 1744 3660 Lieder und Couplets singen sich ins Ohr, und manches wenn
515 3641 1481 3693 nicht neue so doch originell klingende ist darunter.
568 3677 1735 3727 Gerade wie der Altmeister der Wiener Komik, Karl Blasel,
511 3718 1736 3788 der nunmehr auch achtzig Jahre geworden ist. Er ist der
508 3766 1729 3829 älteste der Wiener Komiker, obschon er erst 1863, also mit 32
506 3799 1717 3866 Jahren, nach zehn Jahren Schmieren= und Provinzspiel, in
513 3856 1735 3923 Wien bodenständig geworden ist. Er selbst hat bei seinem
516 3894 1727 3949 fünfzigjährigen Schauspielerjubiläum seine Biographie zum
508 3949 1730 4005 Scherz für seine Freunde niedergeschrieben, damals, als er sich
514 3985 1717 4044 verirrte, Direktor des Varieté Kolosseums zu werden. Das
513 4033 1716 4095 Kolosseum ist denn auch richtig bald darauf verkracht. Aber
509 4075 1712 4120 Blasel kehrte zur Komik, zur echten Wiener Lustspiel-, Possen¬
507 4124 1715 4177 und Operettenkomik zurück, in der es ihm seit Matras keiner
508 4157 1716 4216 gleich tat. Er ist der Typus der schalkhaft=gemütlichen, aber
505 4212 1711 4250 trocken=satirischen Komik, worin der Reiz der Wienerischen
