3344 4352
964 358 1032 429 I.
232 337 1191 481 24. bas weite nand
1367 377 1809 463 box 29/2
587 1225 1467 1318 Fortsetzung in der zweiten Beilage.
387 1331 1743 1427 immer geschmackvolle und geschickte Arrangement halten. Für die
394 1365 1737 1481 Hauptrolle hatte man sich Herrn Monnard vom Lessingtheater in
362 1443 1731 1516 — Berlin verschrieben, einen rassigen Künstler, der diesen brutalen Tat¬
1741 1433 2847 1547 dieser ist hierzu erst vereit, ienn Walther Ihn.einen uI1,
385 1486 1736 1558 menschen ganz meisterlich verkörperte. Seiner ganzen Art traute man
1747 1510 3070 1604 folger stellt. Ein solcher wäre, falls er in Mailand freizubekommen
386 1522 1728 1615 von vorneherein die selbstverständlichen Erfolge im Geschäfts= und
1733 1567 3078 1661 ist, Serafino, der Direktor der Scala. Die deutsche Oper in
389 1583 1725 1662 Liebesleben ohne Einschränkung zu. Er hatte die zynische Ueberlegenheit
1733 1600 3063 1699 Wien soll Hans Richter leiten, der wieder frischer ist als bisher.
391 1629 1737 1708 des längst Desillusionierten und versteckte sie geschickt hinter einer
1842 1654 3066 1751 R. Gera, 1. Dezember. (Privat=Telegramm.) Im Hoftheater
384 1674 1729 1754 einnehmenden, weichen Ironie. Von einem Wiener hätte man
1738 1708 3072 1791 zu Gera erlebte das dreiaktige Schauspiel „Um eines Königs
391 1717 1734 1803 vielleicht mehr Geist und geschmeidige Eleganz erwartet; Herr
1730 1755 3069 1847 Liebe“ von Palle Rosenkranz, ein in seiner dänischen Heimat ofi
381 1773 1730 1861 Monnard gab statt dessen eine kraftvolle verschleierte Brutalität, die
1733 1804 3061 1883 gespielter Dramatiker, in der deutschen Uebersetzung von Ernst Schlack
388 1831 1727 1912 den Mann von Schnitzlers Figur etwas abrückte, ihn aber ganz
1733 1854 3064 1943 seine Uraufführung. Es behandelte die historische Episode zwischen
373 1881 1738 1966 gewiß nur glaubhafter machte. Frau Rosner spielte die Genia
1732 1902 3064 1984 Heinrich VIII. und Anna Boleyn, der Mutter der großen Königin
385 1932 1728 2001 mit reifer Kunst und warmer Innerlichkeit und verstand es
1738 1949 3049 2036 Elisabeth. Der dramatische Mittelpunkt liegt im zweiten Akt, der
379 1964 1726 2060 ausgezeichnet, dieser Frau den seelischen Adel auch dann zu wahren,
1732 1993 3063 2084 allein als ganz gelungen anzusehen ist, während im ersten Akt die
375 2018 1731 2088 als sie sich verliert. Die junge Erna, die in Hofreiter ihr Schicksal sucht,
1734 2048 3055 2126 Exposition zu longatmig, der dritte durch überflüssige Episoden in
383 2068 1719 2151 gab Fräulein Sering; am Anfang hätte die kokette, spielerisch¬
1722 2098 3059 2181 die Länge gezogen und seiner dramatischen Wirkung beraubt ist. Trotz
382 2123 1722 2204 elegante Wienerin stärker betont sein können, vom dritten Akt an
1728 2141 2607 2221 dieser Mängel ist es ein brauchbares Stück.
373 2166 1720 2252 aber gelang der Künstlerin eine durch echtes Temperament ungemein
1835 2189 3048 2277 R. Eisenach, 1. Dezember. (Privat=Telegramm.) „Scher¬
375 2202 1717 2304 fesselnde Leistung. Verständig, aber nicht immer ohne theatralischen
1724 2246 3047 2325 bengericht", Schauspiel in drei Akten von Hans Hauptmann,
375 2264 1717 2358 Anflug spielte eine Debütantin, Frau Wolter, die lebengereifte
1716 2288 3058 2369 wurde bei seiner Uraufführung mit starkem Applaus aufgenommen,
380 2319 1705 2400 Schauspielerin Frau Meinhold. Frau Peppler war eine echte
1719 2339 3050 2440 der bereits nach dem ersten Akt einsetzte. Namentlich die Ehren¬
374 2352 1713 2448 Wiener Klatschschwester, Fräulein Bauer eine Wiener Bankiers¬
1715 2386 2563 2461 gerichtssitzung erzielte eine starke Wirkung.
372 2398 1715 2485 gattin, die man sich, ebenso wie ihren Gatten, Herrn Förster,
1870 2443 3062 2519 Stuttgart, 30. November. Wie das „Neue Tagblatt“ be¬
368 2461 1713 2545 eleganter und weltmännischer vorstellen möchte. Nicht leicht
1714 2479 3059 2562 richtet, hat heute Nachmittag eine von dem Kultusminister v. Fleischhauer
360 2489 1719 2595 hatte es Herr Werder als großzügiger Hoteldirektor, Liebes¬
1717 2521 3065 2592 einberufene Versammlung vorbereitende Schritte für die Veran¬
1723 2560 3066 2636 staliung einer württembergischen Kunstausstellung
359 2552 1710 2646 künstler und Dolomitenherrscher; aber er hätte sich doch wohl anders
1714 2601 3059 2677 beschlossen, mit der im Frühjahr 1913 das an Stelle des abgebrannten
370 2620 1718 2695 als durch lautes Pathos aus der Affäre ziehen können. Herr
1718 2640 3071 2692 Hoftheaters gegenwärtig entstehende Kunstausstellungsgebäude eröffnet!
368 2654 1719 2743 Aldor war ein vornehmer junger Liebhaber; Herr Falke als
1720 2680 3062 2745 werden soll. Zu der Ausstellung sind Werke der bildenden Künste,
366 2705 1698 2792 anständiger, herzensklarer Dr. Mauer hatte sich für diesen Klugen,
1711 2725 3067 2774 Malerei und Bildhauerei, nicht aber der Architektur und des Kunst¬
1717 2764 3048 2826 gewerbes zugelassen. Sie wird im wesentlichen deutschen Charakter
358 2748 1699 2838 Ueberlegenen leider eine viel zu jugendliche Maske zurechtgelegt.
1710 2803 3057 2864 tragen mit internationalem Einschlag. Die Mittel werden so reichlich
363 2808 1697 2890 Aus der Fülle wirksamer Chargen, die mit wechselndem Gelingen für
1711 2836 3052 2916 bemessen sein, daß für den Ankauf von Werken etwa 200000 M. zur
358 2859 1712 2935 humoristische Lebendigkeit zu sorgen hatten, sei nur der exzellente
1716 2858 2219 2934 Verfügung stehen werden.
352 2889 1703 2982 Dichter Rhon des Herrn du Bois=Reymond genannt: bis in
1880 2906 3046 2972 Karl Schönherr hat, wie die „Leipziger Abendzeitung“
363 2949 1703 3035 Bewegungen und drollige Einzelheiten eine lebensprühende Schöpfung.
1706 2941 3054 3028 mitteilt, zwei neue Dramen aus dem Tiroler Bauernleben geschrieben;
1707 2992 3055 3056 das eine behandelt die Frage der Fruchtbarkeit und wird wahr¬
361 3001 1698 3088 Dichter, Gast, Aufführung — sie gaben zusammen einen ungewöhnlich
1700 3024 3053 3104 scheinlich auch diesen Namen tragen. das andere heißt: „Tiroler
361 3047 1697 3131 interessanten Abend, der uns längere Zeit in der Erinnerung haften
1698 3072 3046 3141 Bauern von 1809“. Beide sind in drei Akte gegliedert, eine Ein¬
363 3099 505 3171 wird.
1704 3115 3046 3184 teilung, die Schönherr auch allen seinen zukünftigen Bühnenarbeiten
1265 3107 1687 3199 Franz Deibel.
1706 3152 3052 3241 geben will. Er wird demnächst auch eines seiner ersten Werke, den
1702 3204 2522 3249 „Sonnwendtag“, in drei Akte umarbeiten.
643 3178 1431 3268 Aus Kunst und Wissenschaft.
1871 3211 3054 3303 Richard Strauß' Musikdrama „Elektra“, das bisher!
467 3252 1699 3337 R. Berlin, 1. Dezember. (Privat=Telegramm.) Unker den
1701 3251 3043 3343 in deutscher, französischer, italienischer, böhmischer und ungarischer
349 3307 1698 3381 Persönlichkeiten, die als Nachfolger Hugo v. Tschudis in München in
1704 3309 3043 3385 Sprache zur Aufführung gelangte, wird demnächst auch in englischer
1698 3354 3049 3435 Sprache (übersetzt von Alfred Kalisch) in Szene gehen. Herr Direktor
357 3342 1706 3445 Betracht kommen, wird auch Professor Heinrich Wölfflin
1707 3385 3043 3472 Ernst Denhof hat die „Elektra“ zur Aufführung erworben und wird die
350 3385 560 3462 genannt.
1694 3431 3056 3520 Oper voraussichtlich im Monat Februar nächsten Jahres in Städten
468 3445 1688 3520 R. Berlin, 1. Dezember. (Privat=Telegramm.) Die Wiener
1692 3470 2890 3542 wie Edinburgh, Glasgow, Manchester, Leeds, Hall u. a. geben.
346 3497 1702 3553 und Münchener Kapellmeisterfrage steht jetzt so, daß der Wiener Hof¬
1890 3516 3039 3597 Upsala. Professor A. Gullstrand hat, wie die
351 3547 1690 3625 kapellmeister Bruno Walther, ein geborener Berliner, einen
1703 3551 3033 3626 „Deutsche Mediz. Wochenschr.“ mitteilt, den ihm zugefallenen Nobel¬
1695 3578 3040 3677 preis (100000 Kronen) der Medizinischen Fakultät zur Unterstützung
346 3596 1686 3681 vom Münchener Generalintendanten Freiherrn v. Speidel bisher
1695 3635 3045 3727 wissenschaftlicher Reisen und zur Unterhaltung eines Instituts für
349 3659 2651 3757 allein unterzeichneten fünfjährigen Kontrakt mit einer Jahresgage Physiologie und pathologische Anatomie überwiesen.
3072 1485 3260 1559 —
3068 1549 3281 1607 Havaranda
3077 1573 3215 1629 Wishn
3066 1589 3275 1663 Archangelsk
3091 1641 3266 1716 Petersburg
3111 1685 3179 1745 üna
3096 1716 3241 1792 Warschau
3058 1760 3221 1845 Mossen
3069 1819 3212 1877 Krakau
3071 1853 3189 1893 Wien
3072 1866 3232 1924 Budapest
3066 1903 3293 1971 Hermannstadt
3061 1937 3187 1984 Triest
3060 1971 3189 2024 Rom
3114 2002 3192 2056 a#a
3047 1996 3101 2051 9
3060 2037 3172 2079 Gerf
3069 2058 3211 2126 Lugano
3166 2116 3289 2199 Ein
3055 2174 3294 2242 Schottland,
3054 2224 3279 2281 gebiet, das
3056 2262 3267 2317 Vereinzelt
