3436 4320
735 160 846 221 We
1046 163 1115 227 L.
1160 165 1253 231 nd
321 144 1259 270 24. Das
1427 169 1878 259 box 29/6
1133 1059 2470 1160 wirklich nichts andres wäre als ein köstliches Spiel. Aber was er hier
1120 1103 2471 1205 sieht: dieses Ineinander von Zurückhaltung und Frechheit, von feiger
1116 1170 2465 1263 Eisersucht und erlogenem Gleichmut, von rasender Leidenschaft und
1118 1219 2460 1318 leerer Lust — das findet er trübselig und grauenhaft. Ist wirklich zu
1118 1281 2449 1375 glauben, daß Schnitzler das weniger trübselig und grauenhaft findet?
1120 1331 2450 1416 Es ist eine echte Trauer in ihm um die Männer und Frauen seiner
1108 1367 2451 1484 Zeit und dieser Schicht. Aber er hat freilich nicht die Natur, zornig
1107 1443 2448 1526 die Augen zu rollen und Donnerworte der Empörung zu ballen. Er
1112 1494 2459 1568 will schon der Sittenrichter dieser Generation sein. Aber nicht mit
1100 1541 2445 1649 priesterlichen Gebärden und im Vollgefühl der eigenen Unfehlbarkeit.
1102 1594 2438 1678 Er züchtigt, indem er darstellt: mit resignierendem Verständnis und
1098 1656 2445 1755 einer wehmütigen Ironie, deren weltmännisch gelassener Ton doch
1106 1688 2446 1812 wohl nicht darüber hinwegtäuschen kann, daß eine wahre Herzensnot
1099 1749 2079 1828 lange gebraucht hat, um sich zu ihm abzuklären.
1190 1819 2433 1907 Für ungefähr zehn Seelen ist die Liebe im Grunde Qual, Problem
1100 1867 2439 1967 und Schicksal. Sie liebeln, ja, weil es Frühling oder Sommer ist,
1085 1943 2440 2009 und weil es Mondlicht und Wiesenduft, Höhenrausch und Einsamkeit
1084 1986 2429 2077 und in jeder Jahreszeit andre Gelegenheiten gibt. Sie liebeln dreist
1093 2037 2429 2136 und zynisch durcheinander; aber sie liebeln doch nur nebenbei und
1080 2096 2430 2184 zwischendurch, neben und zwischen der großen Liebe, an der oder für
1076 2149 2432 2240 die sie verbluten. Der junge Musiker Korsakow erschießt sich, weil
1076 2202 2420 2277 er Frau Genia Hofreiter nicht besitzen kann, und der noch jüngere
1075 2247 2417 2349 Fähnrich Aigner wird erschossen, weil er sie besessen hat. Aigners
1072 2307 2420 2398 Eltern sind früh auseinandergegangen, weil er sie ein einziges Mal
1070 2365 2416 2457 betrogen hat, und beide gestehen nach zwanzig Jahren, daß sie keinen
1075 2412 2414 2517 und keine nachher je wieder wirklich geliebt haben. Der Bankier
1069 2471 2414 2552 Natter weiß, daß ihn seine Adele jeden Monat mit einem andern be¬
1063 2527 2402 2618 trügt und liebt sie doch so rettungslos, daß er ein Leben ohne sie nie¬
1060 2579 2404 2670 mals ertragen würde. Der Doktor Mauer bietet Erna Wahl den
1062 2630 2406 2723 Frieden und die Sicherheit, die sie nur anzunehmen brauchte, um
1056 2684 2397 2780 den braven Mann vielleicht für immer zu beglücken, und es ist möglich,
1050 2738 2398 2832 daß er nach ihr keine mehr begehren wird. Erna Wahl liebt Friedrich
1054 2786 2397 2891 Hofreiter, der sie am Wendepunkt seines Daseins von sich stößt. Denn
1061 2836 2401 2945 er hat Erna zwar genommen, wie so viele Frauen und Mädchen, aber
1061 2888 2393 2999 ist sich klar darüber, daß er doch nur Genia liebt — Genia, um
1048 2943 1443 3015 derentwillen...
1135 3003 2387 3103 Zwischen Genia und Friedrich spielt das eigentliche Drama. Wenn
1040 3056 2389 3157 es beginnt, ist sie ihm unheimlich, kann er ihr beinah nicht verzeihen,
1048 3102 2399 3215 daß sie um eines Schemens, eines Nichts, eines Phantoms, nämlich
1039 3186 2404 3275 um ihrer Tugend willen jenen jungen Korsakow hat sterben lassen.
1030 3246 1175 3331 344
