<?xml version="1.0" encoding="UTF-8" standalone="yes"?>
<PcGts xmlns="http://schema.primaresearch.org/PAGE/gts/pagecontent/2013-07-15" xmlns:xsi="http://www.w3.org/2001/XMLSchema-instance" xsi:schemaLocation="http://schema.primaresearch.org/PAGE/gts/pagecontent/2013-07-15 http://schema.primaresearch.org/PAGE/gts/pagecontent/2013-07-15/pagecontent.xsd">
    <Metadata>
        <Creator>prov=University of Rostock/Institute of Mathematics/CITlab/Gundram Leifert/gundram.leifert@uni-rostock.de:name=ONB_Newseye_GT_M1+(htr_id=10810)::::v=2.4.2
prov=University of Rostock/Institute of Mathematics/CITlab/Tobias Gruening/tobias.gruening@uni-rostock.de:name=de.uros.citlab.module.baseline2polygon.B2PSeamMultiOriented:v=2.4.2
prov=University of Rostock/Institute of Mathematics/CITlab/Tobias Gruening/tobias.gruening@uni-rostock.de:name=/mnt/transkribus/LA/DEA/URO/LA_news_onb_att.pb:de.uros.citlab.segmentation.CITlab_LA_ML:v=2.4.2
Transkribus</Creator>
        <Created>2019-10-07T11:13:45.005+02:00</Created>
        <LastChange>2019-10-08T02:13:00.392+02:00</LastChange>
        <TranskribusMetadata docId="223964" pageId="9496297" pageNr="368" tsid="16496714" status="IN_PROGRESS" userId="40391" imgUrl="https://files.transkribus.eu/Get?id=CSHBXZCZGHHZCMLRTJZZIWWV&amp;fileType=view" xmlUrl="https://files.transkribus.eu/Get?id=LZNOCWEHIJSOJIYLHANHIUOQ" imageId="6186524"/>
    </Metadata>
    <Page imageFilename="223964_0368.jpeg" imageWidth="3436" imageHeight="4320">
        <ReadingOrder>
            <OrderedGroup id="ro_1711441760199" caption="Regions reading order">
                <RegionRefIndexed index="0" regionRef="r1"/>
                <RegionRefIndexed index="1" regionRef="r2"/>
            </OrderedGroup>
        </ReadingOrder>
        <TextRegion orientation="0.0" id="r1" custom="readingOrder {index:0;}">
            <Coords points="284,85 284,246 492,246 492,85"/>
            <TextLine id="r1l1" custom="readingOrder {index:0;}">
                <Coords points="276,188 325,187 359,217 387,205 403,215 441,196 457,207 500,198 500,180 462,179 408,132 383,143 349,132 277,168"/>
                <Baseline points="284,191 310,188 336,186 362,185 388,185 414,186 440,188 466,192 492,196"/>
                <TextEquiv>
                    <Unicode>24</Unicode>
                </TextEquiv>
            </TextLine>
            <TextEquiv>
                <Unicode>24</Unicode>
            </TextEquiv>
        </TextRegion>
        <TextRegion orientation="0.0" id="r2" custom="readingOrder {index:1;}">
            <Coords points="505,178 505,3099 2445,3099 2445,178"/>
            <TextLine id="r2l1" custom="readingOrder {index:0;}">
                <Coords points="1424,203 1495,228 1610,203 1660,219 1738,210 1753,224 1786,211 1818,227 1863,209 1864,165 1786,148 1758,163 1713,147 1691,158 1675,145 1632,174 1564,154 1500,172 1458,143 1425,157"/>
                <Baseline points="1432,199 1458,198 1484,198 1511,199 1537,199 1563,201 1590,201 1616,203 1643,204 1669,205 1695,206 1722,207 1748,208 1774,208 1801,208 1827,207 1854,206"/>
                <TextEquiv>
                    <Unicode>box 29/1</Unicode>
                </TextEquiv>
            </TextLine>
            <TextLine id="r2l2" custom="readingOrder {index:1;}">
                <Coords points="496,227 1256,244 1289,216 1379,216 1301,205 1241,155 1045,153 998,180 970,153 706,171 660,148 570,195 497,188"/>
                <Baseline points="505,204 548,205 591,207 634,208 678,210 721,211 764,213 807,214 851,215 894,217 937,218 980,218 1024,219 1067,219 1110,219 1153,219 1197,218 1240,217 1283,216 1326,214 1370,212"/>
                <TextEquiv>
                    <Unicode>—d-BeiteLand</Unicode>
                </TextEquiv>
            </TextLine>
            <TextLine id="r2l3" custom="readingOrder {index:2;}">
                <Coords points="1277,1350 1465,1394 1509,1375 1662,1409 2000,1424 2070,1420 2075,1361 1857,1381 1787,1345 1608,1352 1529,1317 1412,1326 1388,1301 1280,1316"/>
                <Baseline points="1286,1351 1324,1354 1363,1357 1402,1361 1441,1364 1480,1368 1519,1372 1558,1377 1597,1382 1636,1386 1675,1390 1713,1394 1752,1398 1791,1402 1830,1404 1869,1406 1908,1408 1947,1408 1986,1408 2025,1406 2064,1405"/>
                <TextEquiv>
                    <Unicode>Zeitung</Unicode>
                </TextEquiv>
            </TextLine>
            <TextLine id="r2l4" custom="readingOrder {index:3;}">
                <Coords points="1287,1454 1361,1462 1380,1474 1392,1465 1406,1475 1421,1469 1464,1491 1532,1459 1570,1456 1572,1430 1489,1433 1466,1449 1416,1416 1402,1425 1346,1410 1290,1420"/>
                <Baseline points="1295,1454 1321,1454 1348,1456 1374,1459 1401,1463 1428,1467 1454,1470 1481,1473 1507,1474 1534,1472 1561,1468"/>
                <TextEquiv>
                    <Unicode>Datum:</Unicode>
                </TextEquiv>
            </TextLine>
            <TextLine id="r2l5" custom="readingOrder {index:4;}">
                <Coords points="1570,1454 1679,1483 1835,1486 1911,1507 1951,1494 1955,1451 1909,1435 1866,1438 1839,1419 1792,1434 1761,1416 1695,1424 1627,1401 1572,1421"/>
                <Baseline points="1578,1456 1604,1459 1630,1463 1656,1467 1682,1471 1708,1474 1734,1477 1761,1479 1787,1482 1813,1484 1839,1485 1865,1486 1891,1486 1917,1485 1944,1484"/>
                <TextEquiv>
                    <Unicode>19.Okt. 1911</Unicode>
                </TextEquiv>
            </TextLine>
            <TextLine id="r2l6" custom="readingOrder {index:5;}">
                <Coords points="1638,1526 1740,1548 1760,1535 1796,1550 1807,1540 1858,1552 1897,1543 1944,1557 1992,1542 1993,1514 1933,1492 1910,1508 1864,1495 1840,1507 1804,1488 1734,1479 1723,1488 1695,1476 1640,1482"/>
                <Baseline points="1646,1525 1672,1528 1698,1530 1724,1532 1750,1534 1776,1534 1802,1536 1828,1536 1854,1537 1880,1538 1906,1538 1932,1538 1958,1538 1984,1539"/>
                <TextEquiv>
                    <Unicode>Aus Chemnitz.</Unicode>
                </TextEquiv>
            </TextLine>
            <TextLine id="r2l7" custom="readingOrder {index:6;}">
                <Coords points="1220,1576 2298,1617 2443,1607 2445,1563 1222,1526"/>
                <Baseline points="1229,1556 1289,1558 1349,1561 1410,1564 1470,1567 1530,1569 1591,1572 1651,1574 1711,1577 1772,1580 1832,1582 1892,1584 1953,1586 2013,1588 2073,1590 2134,1591 2194,1593 2254,1593 2315,1594 2375,1595 2436,1595"/>
                <TextEquiv>
                    <Unicode>Neues Theater: Heute Donnerstag: Romeo und Julia“</Unicode>
                </TextEquiv>
            </TextLine>
            <TextLine id="r2l8" custom="readingOrder {index:7;}">
                <Coords points="1216,1614 2346,1671 2453,1662 2455,1607 1217,1577"/>
                <Baseline points="1225,1602 1286,1606 1347,1609 1408,1613 1469,1615 1530,1618 1591,1621 1652,1624 1713,1626 1774,1628 1835,1631 1896,1633 1957,1635 2018,1637 2079,1639 2140,1641 2201,1643 2262,1645 2323,1647 2384,1649 2445,1652"/>
                <TextEquiv>
                    <Unicode>Altes Theater. Heute Donnerstag: „Die romantische</Unicode>
                </TextEquiv>
            </TextLine>
            <TextLine id="r2l9" custom="readingOrder {index:8;}">
                <Coords points="1134,1652 1148,1646 1166,1657 1204,1645 1220,1662 1256,1651 1277,1666 1287,1659 1296,1669 1341,1652 1341,1626 1323,1627 1304,1610 1252,1615 1237,1603 1213,1601 1201,1589 1134,1615"/>
                <Baseline points="1141,1647 1168,1645 1195,1644 1223,1645 1250,1646 1278,1646 1305,1648 1333,1647"/>
                <TextEquiv>
                    <Unicode>Frau“.</Unicode>
                </TextEquiv>
            </TextLine>
            <TextLine id="r2l10" custom="readingOrder {index:9;}">
                <Coords points="1552,1707 1653,1715 1674,1696 1821,1716 1862,1698 1894,1718 1986,1711 2036,1728 2037,1687 1946,1650 1890,1654 1859,1675 1823,1658 1771,1681 1698,1654 1552,1670"/>
                <Baseline points="1560,1700 1586,1700 1612,1699 1638,1699 1664,1699 1690,1699 1716,1700 1742,1700 1768,1700 1794,1701 1820,1701 1846,1701 1872,1702 1898,1702 1924,1703 1950,1703 1976,1704 2002,1704 2028,1705"/>
                <TextEquiv>
                    <Unicode>Theater und Musik.</Unicode>
                </TextEquiv>
            </TextLine>
            <TextLine id="r2l11" custom="readingOrder {index:10;}">
                <Coords points="1222,1723 2434,1788 2451,1736 1223,1694"/>
                <Baseline points="1230,1723 1290,1727 1351,1731 1411,1734 1472,1736 1532,1740 1593,1742 1653,1744 1714,1747 1774,1749 1835,1751 1896,1753 1956,1755 2017,1757 2077,1758 2138,1760 2198,1761 2259,1762 2319,1764 2380,1765 2441,1767"/>
                <TextEquiv>
                    <Unicode>Das weite Land. Im Neuel Theater zu Leipzig erzielte bei der</Unicode>
                </TextEquiv>
            </TextLine>
            <TextLine id="r2l12" custom="readingOrder {index:11;}">
                <Coords points="1133,1762 2435,1815 2442,1780 1412,1755 1135,1708"/>
                <Baseline points="1142,1759 1206,1762 1271,1764 1335,1767 1400,1770 1464,1773 1529,1776 1593,1779 1658,1782 1722,1784 1787,1787 1852,1789 1916,1792 1981,1794 2045,1796 2110,1799 2174,1800 2239,1802 2303,1803 2368,1805 2433,1806"/>
                <TextEquiv>
                    <Unicode>Uraufführung am 14. Oktober Artur Schnitzlers Tragikomödie „Das</Unicode>
                </TextEquiv>
            </TextLine>
            <TextLine id="r2l13" custom="readingOrder {index:12;}">
                <Coords points="1132,1793 2431,1855 2444,1813 1133,1762"/>
                <Baseline points="1140,1795 1204,1798 1269,1801 1334,1805 1399,1808 1463,1810 1528,1813 1593,1816 1658,1819 1722,1822 1787,1825 1852,1828 1917,1830 1981,1832 2046,1834 2111,1836 2176,1837 2240,1839 2305,1840 2370,1841 2435,1843"/>
                <TextEquiv>
                    <Unicode>weite Land“, wie bereits telegraphi###gemeldet, einen hübscher¬</Unicode>
                </TextEquiv>
            </TextLine>
            <TextLine id="r2l14" custom="readingOrder {index:13;}">
                <Coords points="1131,1832 2430,1894 2440,1847 1132,1804"/>
                <Baseline points="1140,1832 1204,1835 1269,1838 1333,1841 1398,1844 1462,1846 1527,1849 1591,1852 1656,1854 1720,1856 1785,1859 1850,1861 1914,1863 1979,1865 2043,1867 2108,1869 2172,1872 2237,1874 2301,1876 2366,1878 2431,1880"/>
                <TextEquiv>
                    <Unicode>Darstellungserfolg, der ehrlich verdient war. Damit ist eigentlich so ziem</Unicode>
                </TextEquiv>
            </TextLine>
            <TextLine id="r2l15" custom="readingOrder {index:14;}">
                <Coords points="1139,1863 2340,1923 2436,1892 1140,1839"/>
                <Baseline points="1148,1867 1215,1870 1282,1874 1349,1876 1417,1878 1484,1882 1551,1884 1619,1888 1686,1890 1753,1893 1821,1895 1888,1898 1955,1900 2023,1903 2090,1905 2157,1907 2225,1909 2292,1911 2359,1913 2427,1915"/>
                <TextEquiv>
                    <Unicode>lich alles gesagt, was sich Gutes über diesen Aufführungsabend sagen</Unicode>
                </TextEquiv>
            </TextLine>
            <TextLine id="r2l16" custom="readingOrder {index:15;}">
                <Coords points="1135,1919 2444,1967 2445,1929 2311,1906 1136,1877"/>
                <Baseline points="1143,1903 1207,1906 1272,1908 1337,1911 1401,1914 1466,1916 1531,1919 1595,1921 1660,1924 1725,1926 1790,1929 1854,1931 1919,1933 1984,1936 2048,1938 2113,1940 2178,1942 2242,1945 2307,1947 2372,1949 2437,1952"/>
                <TextEquiv>
                    <Unicode>läßt. Denn über die sogenannte Tragikomödie, die vieles teilweise gan</Unicode>
                </TextEquiv>
            </TextLine>
            <TextLine id="r2l17" custom="readingOrder {index:16;}">
                <Coords points="1134,1942 2411,1998 2437,1967 1135,1907"/>
                <Baseline points="1142,1939 1206,1941 1270,1943 1334,1946 1399,1948 1463,1950 1527,1953 1592,1955 1656,1958 1720,1961 1785,1963 1849,1966 1913,1968 1977,1970 2042,1973 2106,1975 2170,1977 2235,1979 2299,1982 2363,1984 2428,1985"/>
                <TextEquiv>
                    <Unicode>erheiterndes und unterhaltendes, teilweise, ja zum überwiegend größten</Unicode>
                </TextEquiv>
            </TextLine>
            <TextLine id="r2l18" custom="readingOrder {index:17;}">
                <Coords points="1135,1978 2446,2027 2382,1984 1136,1943"/>
                <Baseline points="1144,1976 1208,1978 1273,1980 1337,1982 1402,1984 1467,1987 1531,1989 1596,1991 1661,1994 1725,1996 1790,1999 1855,2001 1919,2004 1984,2006 2049,2008 2113,2011 2178,2013 2243,2015 2307,2017 2372,2019 2437,2021"/>
                <TextEquiv>
                    <Unicode>Teil langatmiges, geradezu ermüdendes Wiener Geplausch und kaum ein</Unicode>
                </TextEquiv>
            </TextLine>
            <TextLine id="r2l19" custom="readingOrder {index:18;}">
                <Coords points="1138,2013 2427,2065 2428,2024 2347,2013 1139,1984"/>
                <Baseline points="1145,2012 1208,2014 1272,2015 1336,2017 1399,2020 1463,2022 1527,2024 1590,2027 1654,2029 1718,2032 1782,2035 1845,2037 1909,2040 1973,2042 2036,2045 2100,2046 2164,2048 2227,2049 2291,2051 2355,2051 2419,2052"/>
                <TextEquiv>
                    <Unicode>wirklich unsere Teilnahme fesselnde Figur, dafür eine zerfahrene, ziem¬</Unicode>
                </TextEquiv>
            </TextLine>
            <TextLine id="r2l20" custom="readingOrder {index:19;}">
                <Coords points="1124,2052 2437,2087 2311,2050 1125,2023"/>
                <Baseline points="1132,2049 1196,2050 1261,2051 1326,2053 1391,2055 1456,2057 1521,2060 1585,2063 1650,2066 1715,2069 1780,2072 1845,2075 1910,2078 1975,2080 2039,2082 2104,2084 2169,2086 2234,2087 2299,2087 2364,2087 2429,2086"/>
                <TextEquiv>
                    <Unicode>lich schleppende und wenig spannende, sogar des Reizes der Neuheit ent¬</Unicode>
                </TextEquiv>
            </TextLine>
            <TextLine id="r2l21" custom="readingOrder {index:20;}">
                <Coords points="1129,2088 2433,2154 2434,2103 2340,2085 1130,2057"/>
                <Baseline points="1137,2084 1201,2085 1265,2087 1330,2089 1394,2091 1459,2093 1523,2096 1588,2098 1652,2101 1717,2103 1781,2106 1845,2108 1910,2110 1974,2113 2039,2115 2103,2118 2168,2120 2232,2121 2297,2123 2361,2125 2426,2126"/>
                <TextEquiv>
                    <Unicode>behrende Handlung hat, läßt sich Lobendes eigentlich beim besten Wille;</Unicode>
                </TextEquiv>
            </TextLine>
            <TextLine id="r2l22" custom="readingOrder {index:21;}">
                <Coords points="1127,2120 2428,2171 2354,2126 1128,2094"/>
                <Baseline points="1135,2120 1199,2122 1263,2124 1327,2126 1392,2128 1456,2130 1520,2132 1584,2135 1649,2137 1713,2139 1777,2141 1841,2143 1906,2146 1970,2148 2034,2151 2098,2153 2163,2155 2227,2157 2291,2159 2355,2161 2420,2163"/>
                <TextEquiv>
                    <Unicode>nicht sagen, über den recht gesuchten Titel „Das weite Land“, unter de¬</Unicode>
                </TextEquiv>
            </TextLine>
            <TextLine id="r2l23" custom="readingOrder {index:22;}">
                <Coords points="1125,2156 2252,2210 2431,2184 1126,2120"/>
                <Baseline points="1133,2156 1197,2158 1262,2159 1326,2161 1391,2162 1455,2165 1520,2167 1584,2169 1649,2171 1713,2174 1778,2176 1842,2179 1907,2181 1971,2183 2036,2186 2100,2189 2165,2190 2229,2193 2294,2195 2358,2197 2423,2198"/>
                <TextEquiv>
                    <Unicode>wir uns nach einer Andeutung im 3. Akt die Seele vorstellen sollen, aua</Unicode>
                </TextEquiv>
            </TextLine>
            <TextLine id="r2l24" custom="readingOrder {index:23;}">
                <Coords points="1127,2188 2431,2242 2386,2197 1128,2160"/>
                <Baseline points="1134,2191 1198,2193 1262,2194 1327,2196 1391,2198 1456,2201 1520,2203 1584,2205 1649,2208 1713,2210 1778,2213 1842,2215 1906,2218 1971,2220 2035,2222 2100,2225 2164,2226 2228,2228 2293,2229 2357,2230 2422,2231"/>
                <TextEquiv>
                    <Unicode>nichts. Wirkliche Bewunderung verdiente nur das Publikum, das 3½.</Unicode>
                </TextEquiv>
            </TextLine>
            <TextLine id="r2l25" custom="readingOrder {index:24;}">
                <Coords points="1124,2222 2065,2276 2437,2255 1124,2201"/>
                <Baseline points="1131,2227 1195,2228 1260,2229 1325,2231 1390,2234 1455,2236 1520,2238 1584,2240 1649,2243 1714,2246 1779,2248 1844,2252 1909,2254 1974,2256 2038,2259 2103,2261 2168,2263 2233,2265 2298,2266 2363,2267 2428,2268"/>
                <TextEquiv>
                    <Unicode>Stunde aushielt, um dann die Ueberzeugung mit nach Hause zu nehmen,</Unicode>
                </TextEquiv>
            </TextLine>
            <TextLine id="r2l26" custom="readingOrder {index:25;}">
                <Coords points="1123,2263 2360,2313 2439,2270 1124,2236"/>
                <Baseline points="1131,2264 1195,2264 1260,2265 1325,2267 1390,2269 1455,2271 1520,2273 1585,2276 1650,2279 1715,2282 1780,2284 1844,2287 1909,2290 1974,2292 2039,2295 2104,2296 2169,2298 2234,2300 2299,2301 2364,2301 2429,2301"/>
                <TextEquiv>
                    <Unicode>daß es von dem schlauen Wiener Dichter sozusagen genasführt worden</Unicode>
                </TextEquiv>
            </TextLine>
            <TextLine id="r2l27" custom="readingOrder {index:26;}">
                <Coords points="1120,2284 2226,2353 2412,2344 2430,2298 1120,2269"/>
                <Baseline points="1127,2298 1191,2299 1256,2301 1320,2304 1385,2306 1450,2309 1514,2311 1579,2313 1644,2316 1708,2318 1773,2321 1838,2323 1902,2325 1967,2328 2032,2329 2096,2331 2161,2333 2226,2334 2290,2335 2355,2336 2420,2336"/>
                <TextEquiv>
                    <Unicode>war und keiner Tragikomödie, sondern einer ganz gewöhnlichen Wiener</Unicode>
                </TextEquiv>
            </TextLine>
            <TextLine id="r2l28" custom="readingOrder {index:27;}">
                <Coords points="1122,2328 2391,2387 2427,2339 1122,2304"/>
                <Baseline points="1129,2333 1193,2335 1257,2337 1322,2340 1386,2342 1451,2344 1515,2346 1580,2349 1644,2351 1709,2353 1773,2356 1837,2358 1902,2361 1966,2363 2031,2365 2095,2367 2160,2369 2224,2371 2289,2372 2353,2374 2418,2375"/>
                <TextEquiv>
                    <Unicode>Bürgertragödie beigewohnt hatte, die es wirklich nicht wert war, daß</Unicode>
                </TextEquiv>
            </TextLine>
            <TextLine id="r2l29" custom="readingOrder {index:28;}">
                <Coords points="1118,2369 2423,2431 2438,2378 1118,2346"/>
                <Baseline points="1126,2369 1191,2371 1256,2373 1321,2375 1386,2378 1451,2379 1516,2382 1581,2384 1646,2386 1711,2389 1777,2391 1842,2393 1907,2395 1972,2398 2037,2400 2102,2402 2167,2405 2232,2407 2297,2410 2362,2413 2428,2415"/>
                <TextEquiv>
                    <Unicode>gleichzeitig 13 Bühnenleiter sich um das Uraufführungsrecht bewarben;</Unicode>
                </TextEquiv>
            </TextLine>
            <TextLine id="r2l30" custom="readingOrder {index:29;}">
                <Coords points="1112,2399 2413,2452 2346,2410 1113,2380"/>
                <Baseline points="1120,2405 1184,2407 1248,2409 1312,2411 1377,2414 1441,2416 1505,2418 1569,2420 1634,2423 1698,2425 1762,2427 1826,2429 1891,2431 1955,2433 2019,2435 2083,2438 2148,2440 2212,2442 2276,2444 2340,2446 2405,2448"/>
                <TextEquiv>
                    <Unicode>das Schauspielhaus zu Frankfurt a. M. kam infolge Erkrankung einer</Unicode>
                </TextEquiv>
            </TextLine>
            <TextLine id="r2l31" custom="readingOrder {index:30;}">
                <Coords points="1112,2437 2228,2490 2420,2462 1112,2418"/>
                <Baseline points="1120,2441 1184,2443 1249,2444 1313,2446 1378,2448 1442,2450 1507,2452 1571,2455 1636,2457 1700,2460 1765,2462 1830,2465 1894,2468 1959,2470 2023,2472 2088,2474 2152,2476 2217,2478 2281,2479 2346,2480 2411,2481"/>
                <TextEquiv>
                    <Unicode>Darstellerin schließlich zu seinem Glück um die Ehre, als 13. Bühne sich</Unicode>
                </TextEquiv>
            </TextLine>
            <TextLine id="r2l32" custom="readingOrder {index:31;}">
                <Coords points="1121,2473 2415,2535 2363,2482 1122,2449"/>
                <Baseline points="1129,2477 1196,2478 1263,2479 1330,2481 1398,2483 1465,2485 1532,2488 1600,2490 1667,2493 1734,2496 1802,2498 1869,2501 1936,2504 2004,2506 2071,2508 2138,2511 2206,2513 2273,2515 2340,2516 2408,2517"/>
                <TextEquiv>
                    <Unicode>an dem nicht sonderlich erfreulichen Wettkampf zu beteiligen. Ob es sich</Unicode>
                </TextEquiv>
            </TextLine>
            <TextLine id="r2l33" custom="readingOrder {index:32;}">
                <Coords points="1106,2520 2400,2566 2428,2518 1107,2468"/>
                <Baseline points="1114,2513 1179,2514 1244,2515 1309,2516 1374,2518 1440,2520 1505,2522 1570,2524 1635,2526 1700,2529 1766,2532 1831,2534 1896,2537 1961,2539 2026,2542 2092,2544 2157,2546 2222,2548 2287,2550 2352,2552 2418,2553"/>
                <TextEquiv>
                    <Unicode>wirklich der Mühe gelohnt hat, um den Ehebruch einer reichen Ehebrecherin,</Unicode>
                </TextEquiv>
            </TextLine>
            <TextLine id="r2l34" custom="readingOrder {index:33;}">
                <Coords points="1120,2543 2407,2607 2417,2566 1121,2518"/>
                <Baseline points="1128,2547 1192,2548 1256,2550 1320,2552 1384,2554 1448,2556 1512,2559 1576,2561 1640,2563 1704,2565 1768,2568 1832,2570 1896,2572 1960,2575 2024,2577 2088,2579 2152,2581 2216,2583 2280,2586 2344,2587 2408,2589"/>
                <TextEquiv>
                    <Unicode>wie dieser Wiener Fabrikantenfrau Genia Hofreiter, deren Gatte, auch</Unicode>
                </TextEquiv>
            </TextLine>
            <TextLine id="r2l35" custom="readingOrder {index:34;}">
                <Coords points="1121,2579 2414,2628 2322,2585 1122,2553"/>
                <Baseline points="1129,2580 1192,2582 1256,2584 1320,2587 1384,2590 1448,2592 1511,2594 1575,2597 1639,2600 1703,2602 1767,2605 1830,2607 1894,2609 1958,2611 2022,2613 2086,2615 2149,2617 2213,2619 2277,2620 2341,2621 2405,2623"/>
                <TextEquiv>
                    <Unicode>im Grunde nicht das Urbild ehelicher Treue, den noch ziemlich grünen</Unicode>
                </TextEquiv>
            </TextLine>
            <TextLine id="r2l36" custom="readingOrder {index:35;}">
                <Coords points="1119,2627 2418,2644 1120,2588"/>
                <Baseline points="1127,2616 1191,2617 1255,2619 1319,2621 1383,2623 1447,2626 1511,2628 1575,2631 1639,2633 1703,2636 1768,2639 1832,2642 1896,2645 1960,2647 2024,2650 2088,2652 2152,2655 2216,2656 2280,2658 2344,2659 2409,2660"/>
                <TextEquiv>
                    <Unicode>Liebhaber seines Weibes im Duell niederschießt, fünf Akle herumzu¬</Unicode>
                </TextEquiv>
            </TextLine>
            <TextLine id="r2l37" custom="readingOrder {index:36;}">
                <Coords points="1114,2654 2328,2707 2426,2673 1115,2621"/>
                <Baseline points="1123,2651 1187,2653 1252,2655 1316,2657 1381,2660 1446,2662 1510,2665 1575,2667 1640,2670 1704,2672 1769,2675 1834,2677 1898,2679 1963,2682 2028,2684 2092,2686 2157,2688 2222,2689 2286,2691 2351,2692 2416,2693"/>
                <TextEquiv>
                    <Unicode>schreiben, darf billig bezweifelt werden, ohne daß man deshalb gleich so</Unicode>
                </TextEquiv>
            </TextLine>
            <TextLine id="r2l38" custom="readingOrder {index:37;}">
                <Coords points="1110,2688 2385,2740 2419,2699 1111,2660"/>
                <Baseline points="1119,2685 1183,2688 1248,2691 1312,2693 1377,2696 1441,2699 1506,2701 1570,2704 1635,2706 1699,2708 1764,2710 1829,2712 1893,2714 1958,2716 2022,2718 2087,2720 2151,2722 2216,2725 2280,2727 2345,2729 2410,2731"/>
                <TextEquiv>
                    <Unicode>boshaft zu sein braucht, das Wort „Verbrecher“, das der Verfasser auf</Unicode>
                </TextEquiv>
            </TextLine>
            <TextLine id="r2l39" custom="readingOrder {index:38;}">
                <Coords points="1101,2735 2373,2770 2408,2733 1102,2698"/>
                <Baseline points="1110,2724 1174,2726 1238,2728 1303,2730 1367,2732 1432,2734 1496,2736 1561,2739 1625,2741 1690,2744 1754,2746 1818,2749 1883,2751 1947,2754 2012,2756 2076,2758 2141,2760 2205,2762 2270,2764 2334,2765 2399,2766"/>
                <TextEquiv>
                    <Unicode>einem sein Stück auch nicht verschönernden Dichter scherzhaft anwendet</Unicode>
                </TextEquiv>
            </TextLine>
            <TextLine id="r2l40" custom="readingOrder {index:39;}">
                <Coords points="1101,2755 2323,2817 2421,2769 1101,2741"/>
                <Baseline points="1108,2760 1173,2762 1238,2764 1303,2765 1368,2767 1434,2770 1499,2772 1564,2774 1629,2777 1694,2779 1760,2782 1825,2785 1890,2787 1955,2790 2020,2792 2086,2794 2151,2795 2216,2797 2281,2798 2346,2799 2412,2799"/>
                <TextEquiv>
                    <Unicode>allen Ernstes auf ihn selber anzuwenden. Herr Huth hatte das Stück</Unicode>
                </TextEquiv>
            </TextLine>
            <TextLine id="r2l41" custom="readingOrder {index:40;}">
                <Coords points="1106,2807 2294,2845 2417,2839 2418,2802 1107,2766"/>
                <Baseline points="1115,2797 1179,2798 1244,2800 1309,2801 1373,2803 1438,2805 1503,2808 1567,2811 1632,2813 1697,2816 1762,2818 1826,2821 1891,2823 1956,2825 2020,2827 2085,2829 2150,2831 2214,2833 2279,2834 2344,2835 2409,2835"/>
                <TextEquiv>
                    <Unicode>ganz prächtig inszeniert, nur einen Vorwurf darf man ihm nicht er¬</Unicode>
                </TextEquiv>
            </TextLine>
            <TextLine id="r2l42" custom="readingOrder {index:41;}">
                <Coords points="1106,2833 2325,2884 2421,2841 1107,2802"/>
                <Baseline points="1114,2832 1178,2833 1243,2835 1308,2837 1373,2838 1438,2841 1503,2843 1567,2845 1632,2848 1697,2851 1762,2853 1827,2856 1892,2858 1957,2861 2021,2863 2086,2865 2151,2867 2216,2869 2281,2871 2346,2872 2411,2873"/>
                <TextEquiv>
                    <Unicode>sparen, den, daß er den Rotstift in allzu schonender Weise gehandhabt</Unicode>
                </TextEquiv>
            </TextLine>
            <TextLine id="r2l43" custom="readingOrder {index:42;}">
                <Coords points="1144,2868 2411,2918 2400,2873 1146,2837"/>
                <Baseline points="1153,2864 1215,2867 1278,2869 1340,2871 1403,2874 1465,2877 1528,2879 1590,2882 1653,2884 1715,2886 1778,2889 1840,2891 1903,2893 1965,2895 2028,2898 2090,2900 2153,2902 2215,2904 2278,2906 2340,2908 2403,2910"/>
                <TextEquiv>
                    <Unicode>at; schon die Hälfte der fünf Akte hätte ausgereicht, und das an der</Unicode>
                </TextEquiv>
            </TextLine>
            <TextLine id="r2l44" custom="readingOrder {index:43;}">
                <Coords points="1104,2912 2416,2940 2406,2896 2054,2920 1106,2870"/>
                <Baseline points="1113,2896 1177,2898 1242,2900 1307,2903 1371,2905 1436,2908 1501,2910 1565,2913 1630,2916 1695,2918 1760,2921 1824,2923 1889,2926 1954,2928 2018,2930 2083,2933 2148,2935 2212,2937 2277,2939 2342,2940 2407,2942"/>
                <TextEquiv>
                    <Unicode>Geduld des Publikums ausgeübte Verbrechen, um im Bilde unseres</Unicode>
                </TextEquiv>
            </TextLine>
            <TextLine id="r2l45" custom="readingOrder {index:44;}">
                <Coords points="1102,2940 2215,2992 2392,2986 2410,2942 1103,2912"/>
                <Baseline points="1110,2930 1174,2934 1238,2937 1303,2940 1367,2943 1432,2946 1496,2948 1561,2951 1625,2953 1690,2955 1754,2957 1818,2960 1883,2962 1947,2964 2012,2966 2076,2969 2141,2972 2205,2973 2270,2977 2334,2980 2399,2983"/>
                <TextEquiv>
                    <Unicode>Dichters zu bleiben, wäre wenigstens mehr entschuldbar gewesen als so.</Unicode>
                </TextEquiv>
            </TextLine>
            <TextLine id="r2l46" custom="readingOrder {index:45;}">
                <Coords points="1107,2968 2304,3036 2412,2983 1108,2937"/>
                <Baseline points="1115,2967 1179,2970 1243,2974 1308,2977 1372,2980 1437,2983 1501,2986 1565,2988 1630,2990 1694,2992 1759,2994 1823,2996 1887,2998 1952,3000 2016,3002 2081,3005 2145,3007 2209,3010 2274,3013 2338,3016 2403,3019"/>
                <TextEquiv>
                    <Unicode>Von den Darstellern verdienen besonders Herr Walter und Fräulein</Unicode>
                </TextEquiv>
            </TextLine>
            <TextLine id="r2l47" custom="readingOrder {index:46;}">
                <Coords points="1095,3016 2227,3045 2135,3007 1096,2985"/>
                <Baseline points="1104,3007 1159,3009 1215,3010 1271,3012 1327,3014 1382,3015 1438,3017 1494,3019 1550,3021 1605,3023 1661,3025 1717,3028 1773,3030 1828,3032 1884,3034 1940,3036 1996,3039 2051,3041 2107,3043 2163,3045 2219,3048"/>
                <TextEquiv>
                    <Unicode>Wolewska als das Ebepaar Hofreiter ehrenvolle Erwähnung.</Unicode>
                </TextEquiv>
            </TextLine>
            <TextLine id="r2l48" custom="readingOrder {index:47;}">
                <Coords points="1839,3073 2050,3098 2162,3085 2230,3105 2256,3090 2353,3092 2375,3073 2299,3060 2266,3035 2180,3057 1982,3031 1841,3038"/>
                <Baseline points="1848,3066 1873,3067 1899,3068 1925,3068 1951,3069 1977,3070 2003,3072 2029,3074 2055,3074 2081,3076 2107,3078 2132,3079 2158,3080 2184,3082 2210,3083 2236,3085 2262,3086 2288,3087 2314,3088 2340,3089 2366,3089"/>
                <TextEquiv>
                    <Unicode>Prof. Dr. Karl Siegen.</Unicode>
                </TextEquiv>
            </TextLine>
            <TextEquiv>
                <Unicode>box 29/1
—d-BeiteLand
Zeitung
Datum:
19.Okt. 1911
Aus Chemnitz.
Neues Theater: Heute Donnerstag: Romeo und Julia“
Altes Theater. Heute Donnerstag: „Die romantische
Frau“.
Theater und Musik.
Das weite Land. Im Neuel Theater zu Leipzig erzielte bei der
Uraufführung am 14. Oktober Artur Schnitzlers Tragikomödie „Das
weite Land“, wie bereits telegraphi###gemeldet, einen hübscher¬
Darstellungserfolg, der ehrlich verdient war. Damit ist eigentlich so ziem
lich alles gesagt, was sich Gutes über diesen Aufführungsabend sagen
läßt. Denn über die sogenannte Tragikomödie, die vieles teilweise gan
erheiterndes und unterhaltendes, teilweise, ja zum überwiegend größten
Teil langatmiges, geradezu ermüdendes Wiener Geplausch und kaum ein
wirklich unsere Teilnahme fesselnde Figur, dafür eine zerfahrene, ziem¬
lich schleppende und wenig spannende, sogar des Reizes der Neuheit ent¬
behrende Handlung hat, läßt sich Lobendes eigentlich beim besten Wille;
nicht sagen, über den recht gesuchten Titel „Das weite Land“, unter de¬
wir uns nach einer Andeutung im 3. Akt die Seele vorstellen sollen, aua
nichts. Wirkliche Bewunderung verdiente nur das Publikum, das 3½.
Stunde aushielt, um dann die Ueberzeugung mit nach Hause zu nehmen,
daß es von dem schlauen Wiener Dichter sozusagen genasführt worden
war und keiner Tragikomödie, sondern einer ganz gewöhnlichen Wiener
Bürgertragödie beigewohnt hatte, die es wirklich nicht wert war, daß
gleichzeitig 13 Bühnenleiter sich um das Uraufführungsrecht bewarben;
das Schauspielhaus zu Frankfurt a. M. kam infolge Erkrankung einer
Darstellerin schließlich zu seinem Glück um die Ehre, als 13. Bühne sich
an dem nicht sonderlich erfreulichen Wettkampf zu beteiligen. Ob es sich
wirklich der Mühe gelohnt hat, um den Ehebruch einer reichen Ehebrecherin,
wie dieser Wiener Fabrikantenfrau Genia Hofreiter, deren Gatte, auch
im Grunde nicht das Urbild ehelicher Treue, den noch ziemlich grünen
Liebhaber seines Weibes im Duell niederschießt, fünf Akle herumzu¬
schreiben, darf billig bezweifelt werden, ohne daß man deshalb gleich so
boshaft zu sein braucht, das Wort „Verbrecher“, das der Verfasser auf
einem sein Stück auch nicht verschönernden Dichter scherzhaft anwendet
allen Ernstes auf ihn selber anzuwenden. Herr Huth hatte das Stück
ganz prächtig inszeniert, nur einen Vorwurf darf man ihm nicht er¬
sparen, den, daß er den Rotstift in allzu schonender Weise gehandhabt
at; schon die Hälfte der fünf Akte hätte ausgereicht, und das an der
Geduld des Publikums ausgeübte Verbrechen, um im Bilde unseres
Dichters zu bleiben, wäre wenigstens mehr entschuldbar gewesen als so.
Von den Darstellern verdienen besonders Herr Walter und Fräulein
Wolewska als das Ebepaar Hofreiter ehrenvolle Erwähnung.
Prof. Dr. Karl Siegen.</Unicode>
            </TextEquiv>
        </TextRegion>
    </Page>
</PcGts>
