3392 4320
687 121 739 174 U
1397 118 1813 203 box 29/1
269 104 1237 215 24. basfteLand
611 942 1448 1086 Leinzigen Reuste Nachrichten
823 1205 1271 1286 Das weite Land.
421 1265 1695 1356 Tragikomödie in 5 Akten von Arthur Schnitzler.
423 1322 1697 1397 (Uraufführung im Neuen Theater: Sonnabend, 14. Okt.)
488 1390 1691 1432 Zwei Grenzpole des Naturalismus berühren sich in den beiden
417 1407 1694 1490 letzten Novitäten unserer städtischen Bühne. In den „Ratten“ Ger¬
417 1464 1675 1533 hart Hauptmanns der harte, unbarmherzige, norddeutsche Wirklich¬
416 1498 1678 1558 keitsfanatismus, der sich immer wieder eigensinnig und verbissen
415 1543 1686 1594 vorredet, daß in dem Schicksal einer Frau John aus der Berliner!
420 1575 1680 1640 Linienstraße ebenso viel Bühnen=Tragik enthalten sein müsse als
408 1615 936 1678 in dem der Lady Marbeth
1022 1640 1680 1694 und gestern in Arthur Schnitzlers
415 1655 1679 1731 Tragikomödie „Das weite Land“ die besondere Spielart des Wie¬
418 1695 1677 1757 ner Naturalismus, der mit dem eigenartigen Gemisch von
419 1733 1672 1795 Spott und Bitterkeit, Resignation und Wehmut in das Leben un¬
417 1771 1683 1843 serer Zeit schaut, dort, wo die sogenannten „Gebildeten“ die „Stützen
411 1813 1688 1905 der Gesellschaft“, hausen und sich in all der offenen und verborgenen
406 1857 1212 1908 Herrlichkeit ihrer Seele manifestieren...
1294 1869 1679 1932 handfestere, derbe,
413 1897 1668 1964 also dicht neben der eleganteren, geschmeidigeren Spielart — man
405 1927 1672 2007 mußte vergleichen, und mir ist nicht fraglich, daß die letztere,
404 1966 1677 2041 die weniger nach einer Literatur=Mode und mehr nach jenem Leben
409 2007 1667 2087 schmeckt, das wir alle leben, daß diese weniger auf krasse Einzelfälle
414 2055 1406 2111 als auf die Lebensäußerungen einer Gesamtheit, d.
1444 2070 1669 2120 also auf
406 2092 1667 2160 Kulturerscheinungen gerichtete Wiener Art uns heute bereits
411 2131 1672 2184 mehr zu sagen hat als ihre norddeutsche Rivalin von gestern.
402 2166 1664 2242 Denn sie kommt dem Pulsschlag unserer Zeit näher, horcht tieser
407 2203 1664 2271 in das Innere unserer Tage und bringt ihr auch insofern die adä¬
402 2247 852 2296 quatere Kunstform dar,
940 2255 1663 2309 sie vom Derben, Lanten, Knallenden
406 2283 1665 2357 hinweg sich dem Behorchen jener Stimmen zugewendet hat, die unter
396 2328 1666 2399 der lonten Oberfläche heimlich rannen und züngeln, jener Stim¬
390 2356 1665 2434 mung, die das sensitivere und untrüglichere Barometer unserer
402 2402 1656 2477 „Kultur“, die es so herrlich weit gebracht hat, darstellen. Ein Erve,
383 2439 1667 2515 das Ibsen einst hinterlassen hat, wird hier verwaltet, nicht mit dem
390 2487 1654 2553 grimmem Ernst, dem Alles oder Richts=Fanatismus des alten
391 2521 1658 2588 Wahrheitssuchere, doch bei resiquierterem, weichherzigerem Gebaren
385 2563 1653 2623 mit gleichgerichtetem Drang nach Erkenntnis, nach Wahrheit, nach
374 2606 1493 2660 den letzten, heimlichsten Wirklichkeiten hinter den Masken
463 2638 1648 2705 Arthur Schnitzler ist mehr und mehr zum gewichtigsten Ver¬
380 2668 1652 2748 treter dieser Wiener Art geworden. Seinen seinen, weichen Fingern
372 2725 1660 2784 gelingt es zum Erstannen, den Menschen, die er auf seiner Bühne
379 2760 1647 2824 versammelt, die Larven vom Gesicht und Schleier nach Schleier von
381 2791 1651 2859 der Seele zu nehmen, bis sie hüllenlos dastehen, mit nichts be¬
374 2820 1645 2903 kleidet als der Kultur ihrer äußeren Formen, ihrer tadellosen Wohl¬
372 2873 1638 2944 anständigkeit und Gesellschafts=Dressur — nackt, trotz dieses groß¬
371 2913 1647 2984 artig zugeschnittenen Menschheitskostüms à la mode. Er tut es auch
363 2950 1641 3027 hier wieder zum Erschrecken, trotzdem gerade bei der Wahl des
366 2983 1641 3062 Themas, die er diesmal traf, wunderbarste Gelegenheit gewesen
375 3029 1634 3103 wäre, der Nacktheit die schönsten drapierenden Mäntelchen umzu¬
376 3063 1663 3136 hängen! Das weite Land, in das er mit melancholisch=bitterem
368 3106 1642 3182 Spott hineinschaut, ist die Seele. Ein Chaos sieht er, in dem
373 3137 1677 3231 die schneidendsten Gegensätze dicht beisammen hocken: Liebe und Haß, k.
375 3185 1633 3257 Sehnsucht und Zynksmus, Treue und Verrat. Wie bequem und
374 3224 1639 3286 vor allen Dingen modern wäre es gewesen, aus allem dem ein
368 3251 1645 3336 behagliches Jenseits von Gut und Böse in konstruieren, in dem es
367 3301 1645 3390 sich höchst komfortabel als Uebermensch hätte hausen lassen. Indes
385 3369 1664 3499 insbesondere waren Korff als Fabrikant ofreiter und Fräulein;
385 3405 1664 3532 Marberg als seine Frau ausgezeichnet. Der anwesende Dichter
382 3450 969 3538 wurde zahlreiche Male gernfen.
2082 146 2815 232 Zeitung: Leipziger Tageblatt
2073 258 2232 325 Datum:
2328 273 2661 379 17.Okt. 1911
2221 362 2927 470 Theater und Musik.
2626 442 3038 510 Leipzig, 15. Oktober.
2366 493 2796 571 Neues Theater.
2388 554 2777 617 „Das weite Land“.
2155 582 3012 658 Tragikomödie von Arthur Schnitzler.
2392 640 2789 701 Uraufführung.“
2404 677 3078 735 Uraufführungen desselben neuen
2144 679 2396 745 Gleichzeitige
2105 730 3080 780 Stückes an mehreren namhaften Bühnen sind seit
2096 760 3083 819 Hermann Bahr stark in Mode gekommen. Schnitzlers
2093 819 3082 852 neues Bühnenwerk, das auch zugleich an der Wiener
2090 851 3080 894 Hofburg, am Prager Deutschen Landestheater, in
2088 882 3089 924 Berlin und anderswo erschien, lernten wir gestern in
2098 916 3089 964 einer interessanten und an sich wertvollen Aufführung
2091 965 3074 1003 kennen, für die der Direktion Volkner Anerkennung
2098 992 3085 1050 und aufmunternder Dank seitens der Theaterfreunde
2086 1034 2281 1094 gebührt.
2143 1058 3000 1128 Das Stück selbst verdient beides weit weniger.
2976 1103 3084 1161 das
2086 1105 2839 1157 heißt da einmal: „Das Natürliche.
2097 1157 2943 1204 Chaos. Ja, mein guter Hofreiter, die Seele..
2093 1190 3068 1234 ein weites Land, wie ein Dichter es einmal aus¬
2371 1214 3081 1271 kann übrigens auch ein Hoteldirektor
2095 1228 2290 1276 drückt
2103 1266 3074 1316 gewesen sein. Nun, ich bin überzeugt, es war ein
2102 1290 3084 1348 Hoteldirektor. — Und an anderer Stelle, zu Anfang,
2094 1346 3088 1391 ist die Rede von „Produktionen auf dem
2676 1371 3073 1425 In der Tat, dieses
2097 1379 2608 1427 psychologischen Sei
2102 1398 3089 1482 Wexturteil Schnitzlers über Schnitzler trifft den Kern
2102 1450 2559 1503 des Drassias am besten.
2160 1482 3082 1533 Der Fabrikant Friedrich Hofreiter betrügt seine
2096 1520 3082 1586 kluge, schöne und temperamentvolle Frau Genia seit
2097 1578 3089 1621 Jahren mit Frauen aus ihrem Kreise so unermüdlich
2096 1605 3084 1653 und unverhohlen, daß ihm imponderabile Grenz¬
2100 1647 3086 1691 begriffe wie Ehe und Ehre fast abhanden gekommen,
2096 1687 3090 1740 zum mindesten stark verwischt sind. Aber als eines
2096 1715 3087 1763 Tages ein guter Freund des Hauses, ein junger
2097 1755 3095 1814 Klaviervirtnose, sich erschießt, weil ihn Frau Genia
2111 1803 3084 1850 nicht erhörte, bringt diese Tugendhaftigkeit seiner
2094 1832 3082 1884 Frau den leichtherzigen Hofreiter in nicht geringe
2105 1876 3076 1921 Verlegenheit. Er fühlt sich unbehaglich neben ihr,
2111 1904 3083 1958 flieht ihre Nähe und fängt auf einem Abstecher in
2099 1961 3006 2002 die Schweiz schleunigst eine neue Liebschaft an
2104 1975 3075 2033 nach seinem Willen sogar zur Ehe führen soll. Frau
2110 2025 3082 2078 Genia, vor. ihrem Gatten so oft durch Untreue be¬
2101 2057 3089 2114 leidigt, fängt unterdes daheim nun auch eine Lieb¬
2111 2101 3091 2156 schaft mit einem grünen Jungen an, einem Marine¬
2105 2135 3098 2191 fähnrich. Hofreiter, kopflos geworden durch seine
2113 2184 3092 2229 jüngste Aventiure, kehrt heim und gerät völlig aus
2106 2210 3094 2277 dem Gleichgewicht seiner gewohnten Gleichgültigkeit,
2111 2255 3086 2303 wo er doch — nach seinem Sittenkodex — zufrieden
2109 2295 3090 2350 sein könnte, daß Frau Genia sich endlich revanchiert
2109 2332 3087 2382 und ihn nicht mehr beschämt durch ihre Tugend und
2104 2360 3099 2416 Treue. Er fordert den Fähnrich heraus und schießt
2116 2404 3082 2455 ihn über den Haufen. „Wenn es Haß wäre —
2662 2433 3105 2497 „Na ja, von dem ver¬
2110 2447 2611 2491 Wut — Eifersucht — Liebe.“
2105 2485 3099 2536 spür ich allerdings verdammt wenig. Aber man will
2115 2524 3094 2576 doch nicht der Tropf sein.“ Genia flieht den „Mörder“.
2171 2560 3103 2611 Ein unentwegter Schildträger Schnitzlers hat vor
2189 2602 3093 2651 paar Tagen in einem Blatte diese fünf Akte
2098 2624 3095 2697 schlechter psychologischer Parterregymnastik mit Ibsen
2097 2667 3098 2731 in einem Atem genannt. Mir scheint, ein Vergleich
2112 2714 3103 2762 mit der Gott sei Dank! überwundenen Dänin
2106 2756 3094 2809 Karin Michaelis liegt beträchtlich näher. Die
2114 2782 3104 2841 Seele ein weites Land? Von der „Seele“ kann doch
2097 2825 3091 2881 hier nur die Rede sein als von dem Oedland in der
2104 2866 3092 2916 Brust eines sittlich entarteten Genüßlings. Und auch
2094 2907 3101 2962 die femme de trente ans, Frau Genia, scheint ihre
2108 2940 3096 3001 eheliche Treue neben einem Hofreiter mehr als einen
2109 2982 3096 3032 interessanten Sport angesehen zu haben. Sie weiß
2104 3019 3093 3071 durch den Freund und Hausarzt von allen Lieb¬
2103 3059 3091 3117 schaften ihres Mannes, geht sogar mit seinen Ge¬
2106 3105 3089 3144 liebten gesellschaftlich um. Kann man da noch von
2099 3133 3091 3196 Seele reden? Ja, weitherzig sind diese beiden
2099 3175 3096 3225 Leute und von einem fast pervers zu nennenden
2100 3225 3093 3275 Empfinden. Wie gesagt: Produktionen auf dem
2093 3256 3100 3309 psychologischen, nein pathologischen Seil. Ein
2079 3283 2953 3346 gesunder Magen erbricht sich an solcher Kost.
2165 3326 3090 3386 Obendrein ist das Ganze noch langweilig. Es ist
2108 3372 3099 3423 charakteristisch genug für Schnitzler, daß er selber
2107 3422 3092 3475 dieses Stück unter das Zeichen des Tennisspiels und
2109 3458 3100 3502 Bergkraxelns gestellt hat. Und obendrein ist ein
2101 3491 3097 3542 lässiger Wiener Ton darin, der uns ernsteren
2110 3530 3090 3577 Deutschen nicht behagen kann. Einzelne Akte sind
2107 3564 3096 3606 dürftig und gehaltlos, unsicher in der Linienführung.
2102 3611 3097 3656 Der zweite wirkt rein expositionell, der dritte
2106 3632 3096 3693 will sich humoristisch geben, bleibt aber kläglich. Der
2114 3684 3095 3736 vierte ist am wertvollsten, könnte aber gleich an den
2112 3719 3106 3774 zweiten anknüpfen. Der Schlußalt ist für die Ab¬
2109 3763 3095 3815 rechnung kurz und schwer genug. Ausschließlich in
2105 3799 3101 3852 diesen beiden letzten Akten erkennen wir den klugen
2102 3833 3095 3899 und berufenen Schöpfer früherer Werke in Schnitzler
2102 3880 2357 3936 gern wieder.
2158 3891 3097 3961 Das Stück wirkt notgedrungen unsympathisch
2114 3946 3096 3999 und ruft bei allen anständig Empfindenden ein
2105 3984 3091 4028 starkes Befremden, ja Widerwillen hervor, den
2108 4020 3103 4074 eine gute Wiedergabe dieses zu drei Fünfteln
2120 4061 3102 4108 gänzlich untheatralischen Bühnenwerkes nur noch
2115 4092 3100 4146 steigen wird. Die Besetzung durch unsere Darsteller
2592 4132 3093 4188 #überan zugute. Den ge¬
