3392 4320
1373 112 1845 197 hox 28/4
273 123 1230 220 24. Das we116
519 628 1107 712 JSIG
478 688 1337 852 Gtu. 46. J6.44
945 857 1036 901 21.
1313 897 2192 959 lichen Erna, die anscheinend eine krankhafte Ab¬
1314 935 2192 989 neigung vor jedem Geliebten mit reellen Ab¬
502 922 1178 1012 Theater und Mafn.
1312 971 2199 1034 sichten hat, dem diabolischen Herrn Hofreiter
443 1007 1284 1064 J. K. Im Lessing=Theater wurde gestern
1312 1022 2193 1064 aber „überallhin folgen“ will, nachdem er den
385 1043 1295 1104 (Sonnabend) Artur Schnitzlers neuestes Werk,
1310 1051 2192 1093 Liebhaber seiner Frau so heldenhaft beseitigt.
385 1082 1289 1129 die fünfaktige Tragikomödie „Das weite
1297 1096 2203 1138 Leider ist Schnitzler auch in dem überreichlichen!
389 1116 1282 1178 Land“ mit jener Freundlichkeit aufgenommen,
1308 1131 2198 1175 Beiwerk des Fünfakters nicht der alte, liebens¬
397 1158 1285 1216 die weniger beweist, daß man ein Stück als seinen
1299 1164 2203 1236 würdige und unterhaltsame Canseur. Er gibt
386 1204 1282 1258 Autor zu schätzen weiß. Und wenn auch jeg¬
1305 1211 2199 1266 viel Bonmots aus zweiter Hand; flache Tief¬
390 1234 1288 1290 licher Enthusiasmus ausblieb, als Brahm im
1310 1248 2195 1301 finnigkeit und die frohe Laune in den heiteren
388 1278 1278 1324 Namen des von der Prager Premiere abge¬
1308 1288 2193 1343 Momenten kommt ihm nicht recht von Herzen.
385 1319 1277 1371 haltenen Schnitzler dankte, so wahrte man doch
1296 1327 2198 1383 Die Darstellung tat alles, um dem Stück zu
390 1368 1275 1411 auch hier standhaft die freundliche Haltung. Und
1306 1373 2202 1422 nützen. Heinz Monnard gab seinem Friedrich
378 1384 1287 1450 das war im Grunde gar nicht so leicht, denn diese
1296 1408 2193 1460 Hofreiter Scharfe und Fülle der Charakteristik
381 1437 1288 1490 fünfaktige Tragikomödie, deren bedauerliche
1298 1441 2201 1496 und war mit voller Aufbietung seiner reichen
378 1471 1273 1526 Länge in bedenklichem Gegensatz zu ihrem arm¬
1307 1481 2187 1535 schauspielerischen Mittel bemüht, uns einen
386 1512 1272 1564 seligen Inhalt steht, bürdet den Zuhörern eine
1294 1528 2200 1575 außergewöhnlichen Menschen, einen interessanten
383 1544 1275 1595 nicht immer leicht zu tragende Last von Worten
1299 1563 2184 1611 Mann, ein eigenartiges Musterexemplar aus den
376 1586 1275 1635 auf und windet sich so mühselig und umständlich
1300 1602 2181 1651 rätselbaften Gesilden des „weiten Landes“
383 1631 1285 1661 durch ein dichtes Gestrüpp von Ueberflüssigkeiten
1299 1633 1544 1684 vorzuführen.
1545 1642 2182 1694 Menschlich näher aber brachte
383 1669 1272 1715 dem Ziele zu, daß das tragische Ende auf müde
1304 1675 1366 1717 er
1372 1673 2187 1735 uns den traurigen Helden ebenso¬
383 1703 1271 1753 und gleichgültige Stimmung stößt. Was Schnitzler
1294 1707 2076 1764 wenig, wie Hilde Herterich mit
2097 1723 2193 1767 all
378 1744 1267 1788 mit diesem anstrengenden Ritt ins „weite Land“
1304 1750 1763 1804 ihrem Streben nach
1763 1756 2083 1808 Wahrhaftigkeit
2096 1758 2179 1809 die
379 1771 1271 1830 sagen will, errät man im dritten Akt, als ein
1295 1797 2187 1851 Erna, und Irene Trieschs reife Kunst die zwi¬
384 1823 1275 1868 lebensweiser Hoteldirektor in einer der vielen
1297 1829 2192 1888 schen Entsagung und Revanchegelüsten schwanke
381 1857 1276 1904 strapaziösen Auseinandersetzungen des Stückes
1301 1864 2190 1928 Frau Hofreiter. Dem jungen Marine=Fähnrich
370 1898 1272 1945 darauf hinweist, daß die Seele ein „weites
1296 1911 2193 1965 verlieh Kurt Stieler nach Möglichkeit warme
378 1929 1279 1981 Land“ sei. Es liegt also wohl in der
1289 1939 2188 1992 Empfindung, den bravsten Menschen der Komö¬
378 1978 1265 2026 Absicht dieser Dichtung, uns mit etlichen
1291 1987 2187 2041 die einen ehrlichen Doktor und Freund, spielte
376 2015 1273 2059 Menschen bekanntzumachen, deren Empfin¬
1282 2024 2194 2078 Hans Marr mit seiner wohltuenden ehrlichen
367 2050 1275 2106 dungsleben uns möglichst kompliziert erscheint.
1284 2061 2187 2107 Gradheit. Ilka Grüning und Mathilde Sussin,
380 2088 568 2140 Das ist
572 2090 1269 2151 dem Autor denn auch reichlich
1294 2096 2183 2156 Emanuel Reicher, Karl Forest, Bruno Ziener
360 2135 1277 2185 gelungen; schade nur, daß diese absichtlichen
1289 2135 2191 2194 spielten die bedeutenderen Episoden des von
374 2175 1264 2229 Wunderlichkeiten sich so schlecht mit den Lebens¬
1291 2177 2183 2230 Emil Lessing inszenierten Stückes, dem man
366 2223 1267 2266 bedingungen und — was noch schlimmer ist —
1296 2216 2189 2290 einen außergewöhnlich reichen dekorativen Rah¬
1293 2252 1576 2315 men verliehen.
370 2245 1271 2304 mit der Unterhaltsamkeit eines Dramas ver¬
370 2281 1269 2329 tragen. Dieser Herr Friedrich Hofreiter, der in
1724 2301 1757 2347 *
371 2325 1266 2363 der unverschämtesten Weise hübsche Weiber und
1340 2340 2174 2407 Ueber die Aufnahme des Stückes im Wiener
368 2368 1271 2424 Mädchen abküßt und seiner Frau das kleine Ver¬
1285 2378 2170 2458 Burgtheater erhalten wir das nachstehende Pri¬
363 2406 1265 2454 gnügen der bescheidenen Revanche nicht gönnt,
1276 2427 1681 2481 vattelegramm:
371 2440 1265 2493 sondern den ersten Jüngling, dem sie das Fenster
1338 2464 2179 2526 Wien, 14. Oktober, 11 Uhr 35 Min. nachts.
370 2486 1263 2543 ihres Schlafgemachs öffnet, in einem schleunigst
363 2519 1265 2570 herbeigeführten Duell herzlos niederknallt, mag
1287 2514 2165 2579 (Von unserem hl.=Korrespondenten.)
366 2563 1257 2600 ein sehr geeigneter Held für einen psychologischen
1279 2555 2178 2599 Im Wiener Burgtheater fand der neue Schnitz¬
369 2591 1261 2642 Roman in dem neuerdings so beliebten Umfang
1276 2601 2183 2641 ler einen von Akt zu Akt steigenden Erfolg, der
364 2638 1257 2681 sein, auf der Bühne kann er reden, so viel er
1290 2643 2179 2701 um so höher anzuschlagen ist, als die Scherze, mit
357 2679 1256 2731 will, er bleibt uns fremd und fällt schließlich auf
1280 2676 2181 2716 denen Schnitzler gerade jenem Teil der Wiener
360 2710 1263 2756 die Nerven. Damit fällt aber auch das ganze
1273 2718 2172 2763 Gesellschaft, der in den Logen und im Parkett
367 2753 1260 2806 Stück, denn es gibt neben diesem so unsagbar
1278 2747 2176 2816 maßgebend ist, den Spiegel ihres erotischen und
364 2792 1258 2837 erkünstelt anmutenden Konflikt in den langen
1279 2791 2175 2849 Ehelebens vorhalten will, immerhin gerade bei
362 2828 1259 2891 fünf Akten keine Spur einer anderen Handlung,
1281 2839 2171 2893 der Wiener Erstaufführung eine Gefahr be¬
361 2868 1255 2922 eines anderen Konfliktes, die zu interessieren ver¬
1275 2873 2166 2918 deutete. Die Leistung des Burgtheaters war die
366 2910 1264 2948 möchte. Man findet kaum Beziehungen zu
1273 2917 2167 2967 beste, die man in den letzten Jahren er¬
358 2939 1265 3000 Menschen und Dingen einer Komödie, die so
1273 2951 2167 3001 lebt hat. Die Regie hat Schnitzler mit
352 2982 1261 3032 völlig auf Spitzfindigkeiten gestellt ist und ihre
1282 2992 2166 3051 Hugo Thimig selbst geführt. In der Rolle des
360 3023 1263 3068 Tragik ebenso mühselig aus mehr oder
1279 3029 2171 3091 Fabrikanten Hofreiter spielte sich Arnold Korff,
359 3064 1258 3116 minder geistvollen Bemerkungen zusammenträgt,
1273 3072 2170 3136 der vom Berliner Theater her bekannt ist, mit
357 3101 1251 3136 wie sie die wenigen äußerlichen Geschehnisse her¬
1274 3115 2168 3172 einer gewaltigen schauspielerischen Leistung in
355 3143 1262 3182 beizwingt. Und die Art, wie Frau Genia Hof¬
1273 3146 2170 3218 die allererste Reihe. Die Genia spielte Fräulein
354 3181 1255 3229 reiter, die Mutter eines schon leidlich heran¬
1276 3187 2166 3248 Marberg anständig und tüchtig, aber uninter¬
356 3222 1254 3256 gewächsenen Jünglings, sich im Zwischenalt in
1269 3230 2162 3281 essant, die Erna Fräulein Hofteufel ausgezeich¬
358 3251 1252 3312 dem blutjungen Marinefähnrich einen Geliebten
1279 3264 2160 3332 net. Auch die kleinste Rolle war mit den ersten
365 3295 1262 3349 zulegt, der regelmäßig auf dem Wege durchs
1263 3315 2173 3364 Darstellern besetzt. Die Gesamtwirkung des
357 3332 1256 3387 Fenster mit ihr verkehrt, trägt ebenso zu dem
1272 3345 2171 3399 Stückes kann als sehr stark bezeichnet werden.
363 3376 1262 3410 wenig erfreulichen Eindruck des Ganzen bei wie
1278 3379 2158 3442 Vom 2. Akt an konnte sich der Dichter wiederholt
358 3406 1462 3468 die „komplizierte“ Mädchengestalt der begehr= bedanken.
2265 914 3115 962 Auch in zahlreichen anderen Städten fand die
2220 940 3104 1009 Tragikomödie gestern bei ihrer Erstaufführung,
2207 983 3114 1038 Privattelegrammen zufolge, reichen
2205 1022 3117 1079 Beifall, so im Hamburger Deutschen Schauspiel¬
2210 1067 3107 1117 haus, in der Schauburg zu Hannover und in
2216 1103 3105 1147 Prag, wo der Autor nach dem vierten Akt er¬
2216 1134 3109 1212 scheinen konnte. In Leipzig dagegen war der
2211 1177 2593 1231 Beifall nur schwach.
