3344 4320
272 96 1241 237 24. Das veite Land
1388 137 1832 241 box 2975
457 940 1335 1070 Stuttgarter Neues Tagblatt
811 1037 1234 1188 2 2 Mal ####
557 1200 707 1281 7
1575 1210 2632 1326 Häuser macht. Auch Schnitzlers ebenfalls stark an¬
751 1210 1381 1344 Münchner Theater
2629 1281 3325 1348 überragende Leistung war Zäpfels „
1585 1272 2617 1354 gejahrte Tragikomödie, „Das weite Land“, von
2629 1313 3335 1377 Tat, als ein Zeichen erwachender künstl
1594 1310 2626 1398 Forster=Larrinaga inszeniert, könnte noch hingehen, wenn
617 1311 1586 1401 Es ist nicht ganz leicht, sich in diesem Frühling im
2631 1354 3330 1426 ist dagegen die Erstaufführung von A
1587 1359 2619 1444 es weniger anspruchsvoll aufträte. Schon damals in der
536 1351 1588 1444 Münchner Theaterbetrieb auszukennen, jedenfalls was
2629 1393 3337 1463 fers vieraktigem Lustspiel „Der G
1593 1386 2620 1478 Vorkriegszeit mutete diese Wienerei etwas fad und ab¬
534 1388 1578 1483 die beiden literarisch führenden Privatbühnen anlangt,
1592 1427 2621 1512 gestanden an. Heuer kann man nur mehr über einige
2622 1438 3331 1509 nach Diderots „Est-il bon, est-il méch
534 1434 1577 1517 das Schauspielhaus in der Maximilianstraße und
1581 1469 2623 1562 gute Einfälle lächeln, im übrigen aber sind wir diese
2613 1468 3325 1544 das mit starkem Beifall von einem ###
523 1476 1572 1556 die Kammerspiele in der Augustenstraße. Rechter
1585 1504 2609 1593 Liebeleien gründlich satt und können sie nur noch ver¬
2621 1522 3322 1587 zur letzten Szene fröhlich angeregten
532 1503 1574 1598 Hand, linker Hand alles vertauscht! Man kommt
1583 1541 2617 1626 tragen, wenn sie sehr flott und leicht herausgebracht wer¬
2617 1551 3328 1636 nommen wurde. Die von Diderot ur
523 1552 1580 1628 harmlos in Schauspielhaus, um Galsworthys „Ge¬
1575 1578 2604 1665 den; das war aber hier nicht der Fall, trotzdem jeder
2618 1591 3335 1663 Liebhabertheater geschriebene Komödie,
528 1586 1570 1686 sellschaft“ zu sehen, und als der Vorhang aufgeht, sieht
1586 1623 2607 1713 einzelne seinen Part gut für sich agierte. — Natürlich
2611 1631 3321 1709 punkt der Allerweltshelfer Hardouin
515 1635 1573 1722 man sich dem Ensemble der Kammerspiele gegenüber,
1580 1660 2609 1750 darf in diesem Interimsrepertoir der große Nothelfer
2612 1674 3321 1744 Skrupellosigkeit seiner vor den tollsten
521 1672 1568 1757 was in diesem Fall eine freudige Ueberraschung bedeutet,
1580 1700 2607 1787 Shaw nicht fehlen, obwohl es wirklich an der Zeit wäre,
2612 1708 3333 1788 nicht zurückschreckenden Mittel Stürm
515 1700 1570 1795 denn so fragwürdig der literarische Wert dieses Bildes
1578 1737 2599 1829 ihn einmal pausieren zu lassen. Es muß grad heraus¬
2618 1747 3319 1823 erregt und schließlich doch von den
515 1739 1562 1838 der englischen Gesellschaft ist, und so wenig uns dieser
2613 1786 3328 1853 Retter in der Not begrüßt und freige
1567 1779 2609 1871 gesagt werden, daß wir für diese gemüt= und seelenlose
506 1781 1561 1874 Importartikel bietet, gespielt wird er mit jener Verve
2601 1823 3322 1905 von Albrecht Schäffer zu einer mensch
1571 1817 2600 1912 Kunst, deren Reiz nur in der feinen Ziselierung von
510 1828 1555 1906 und in jener feinen Abtönung, wie sie in den Kammer¬
2604 1863 3318 1935 den und ergreifenden echten Komödie
1569 1858 2604 1949 paradoxen Apereus besteht, nichts übrig haben. Auch
509 1850 1558 1953 spielen die Regel ist. Frische Farbe erhielt die Dar¬
2604 1904 3313 1979 tieft worden, die sich, ein dichterisches
1564 1898 2598 1985 eine so wohl abgestimmte Aufführung von seinem
509 1893 1561 1997 stellung außerdem durch das Wiederauftreten des durch
2604 1941 3325 2023 über das Niveau eines brauchbaren R#
1569 1938 2603 2029 „Heiraten“ in der Inszenierung von Rudolf Revy,
499 1932 1553 2027 lange Krankheit der Bühne ferngehaltenen Erich Riewe
2601 1981 3323 2066 hebt. Es ist eine komische Dichtung
504 1977 1551 2071 als Advokat Twisten. Wie heut das Augustenstraßen¬
1558 1976 3311 2086 konnte nicht darüber hinwegtäuschen, daß in dieser geschmack und Meinung nichts zu tun
1566 2020 2590 2115 „Diskussion“ auch nicht ein Ton angeschlagen ist, der
504 2021 1551 2110 ensemble in der Maximilianstraße, so agieren ent¬
2598 2062 3317 2136 eine wirklich dauernde Bereicherung un
1560 2058 2581 2149 weiter klingt und über die Vorstellung hinaus bleiben¬
508 2054 1551 2140 sprechend die Schauspielhausdarsteller in den Kammer¬
2593 2099 3315 2172 bedeutet. Man spürt überall die Han
1560 2094 2578 2182 den Besitz gibt. Und dabei ist der Prozentsatz von Bana¬
500 2102 1550 2196 spielen und gelegentlich sieht man sich auch unerwartet
1547 2134 2008 2199 litäten so groß, daß —
2589 2136 3300 2206 in der Gestaltung der Charaktere, in
505 2139 1542 2228 einem aus beiden Theatern gemischten Personal gegen¬
2011 2155 2584 2227 ich kann nur früher Gesagtes
2586 2176 3324 2263 Dialogs, in der Fülle hübscher und ##
1552 2175 2589 2263 wiederholen — ein deutscher Dramatiker, der sich mit sol¬
493 2175 1545 2269 über. Kurzum beide Bühnen haben sich aus materiellen
2588 2214 3284 2289 Der Held, der Mann zwischen gut
1544 2212 2585 2301 cher Geschwätzigkeit breitmachte, von der Bühne ver¬
494 2221 1541 2303 Gründen zu einer Interessengemeinschaft zusammen¬
2593 2253 3312 2324 Mensch zum Küssen, und die Schlußw
1542 2248 2577 2346 dientermaßen heruntergezischt würde. Da ist schließlich
487 2249 1542 2339 getan, die man als Provisorium auch vom künst¬
2584 2297 3314 2373 richt, das alle Betroffenen über all sei
483 2294 1546 2384 lerischen Standpunkt aus begrüßen kann, vorausgesetzt,
1546 2291 2582 2394 Galsworthys „Gesellschaft“ doch ein andres
2574 2331 3306 2413 halten und aus dem er freigesprochen
492 2336 1540 2423 daß sich daraus eine dauernde Organisation entwickelt,
1536 2324 2573 2427 Kaliber, denn hier agieren Menschen und nicht kostü¬
2581 2376 3308 2450 vorgeht, ist eine der hübschesten und lu
481 2364 1533 2455 bei der die Kammerspiele als Sprechbühne erhalten blei¬
1540 2374 2571 2470 mierte Diskussionsredner. Man vergleiche einmal seinen
2580 2415 3301 2486 eines komischen Konfliktes, die mir in
480 2408 1529 2505 ben, was eine Zeitlang in Frage gestellt schien. Gelingt
1541 2413 2576 2516 General Canynge mit Shaws General Bridgeworth,
2568 2443 3305 2530 literatur vorgekommen ist, und so hat
485 2445 1540 2544 das, so könnte München nach langer Zeit wieder eine
1545 2452 2563 2541 oder seinen Advokaten Twicken mit Shaws Bischof. Im
2570 2487 3298 2562 noch den erfolgsichernden Vorzug, daß d
482 2488 1535 2581 führende Rolle spielen. Denn das Personal, über das
1534 2490 2569 2594 übrigen war es wohl an der Zeit, dieser ganzen eng¬
2566 2526 3294 2608 beste ist. Die Aufführung im Residenztl
483 2531 1535 2622 beide Bühnen verfügen, ist den größten Aufgaben ge¬
1529 2531 2567 2640 lischen „Besatzung" auf dem Theater ein Ende zu machen.
2566 2568 3307 2648 Georg Denniger inszeniert, stand tr
477 2564 1524 2660 wachsen, und es wird Sache der neuen Leitung und des
1599 2579 2561 2685 Die Staatsbühnen haben zwar nicht mit den
2567 2608 3310 2689 leistungen und Momente nicht ganz au
472 2611 1520 2707 kunstsinnigen Publikums sein, für die Durchführung
1537 2619 2550 2726 materiellen Nöten der Privattheater zu kämpfen, waren
2568 2646 3308 2730 Aufgabe. Tempo und Rhythmus ließen
481 2642 1526 2738 eines einheitlichen, sich die höchsten Ziele steckenden Spiel¬
1535 2669 2557 2762 aber im letzten Monat durch Erkrankung von Hauptdar¬
2570 2691 3294 2778 zu wünschen übrig. Aber im ganzen #
471 2686 1518 2775 plans zu sorgen. Die Anzeichen für eine günstige Ent¬
1533 2711 2565 2811 stellern empfindlich in der Spielplangestaltung behindert.
2563 2727 3188 2805 Regie und Darsteller ein Erfolg.
477 2738 1514 2817 wicklung in diesem Sinne mehren sich, aber vorläufig
1520 2758 2599 2860 Sie können als Gewinn buchen eine Neueinstudierungl
463 2768 1523 2863 muß man sich mit kleinen Anzahlungen begnügen, die
3023 2787 3295 2857 Berthold
1520 2790 2551 2891 des „Meineidbauer", mit Ulmer in der Titelrolle
477 2802 1511 2895 aus dem Zusammenarbeiten der Schauspieler heraus¬
1517 2833 2551 2931 und von Hofmannsthals „Salzburger großen
473 2842 1508 2937 springen. Am meisten leidet unter dem Provisorium
1520 2875 2557 2984 Welttheater“ inszeniert von Alfred Pape. Aue
471 2886 1520 2982 natürlich das Repertoir, und man muß Geduld haben,
1519 2916 2548 3012 wer nicht mit allen Einzelheiten von Hofmannsthals Be
466 2915 2541 3057 wenn ein so harmloser Ladenhüter, wie Sturms und arbeitung des Calderonschen Originals einverstanden sei
471 2961 2539 3093 Färbers Schwank „Das Extemporale“, wieder her= kann, wird doch die Einführung dieses Mysteriums i
462 2997 2547 3148 vorgeholt wirh#umal wenn es so fidel und munter unter das Repertoir begrüßen. Inszenierung und Darstellun
452 3042 2545 3196 Ltudolf Hochtaggie über die Bühne trippelt und volle standen durchweg auf angemessener Höhe, und eine gan
2762 4090 2857 4165 —.—
2896 4093 2990 4168 n
