3344 4320
679 197 759 252 W
258 188 1226 293 24 Da S ere e
1394 183 1817 268 box 28/4
2098 172 3127 306 schnitt aus Berliner A##emmiemeitung
2230 255 2447 332 15.00119
2631 269 2828 356 Berlin
2081 309 2198 380 —
2440 327 2519 373 —
2098 414 2940 503 Theater, Kunstu. Wissenschaft
2254 535 2781 619 „Das weite Land.
2148 607 2968 682 Tragikomödie in fünf Akten von Arthur
2085 666 2966 714 Schnitzler. Erstaufführung im Lessingtheater.
2145 704 2964 751 Es gibt in dieser, zwischen Rührung und
2089 745 2963 794 Affektiertheit, zwischen Tiefe und Banalitat un¬
2085 783 2955 821 ruhig daherflatternden Komödie, die fünf ge¬
2083 831 2954 873 dehnte Akte hat, eine Szene von starkem,
2087 857 2957 916 dramatischem Gefüge. Das ist, da der leiden¬
2083 899 2954 949 schaftliche, heißbegehrende Vierzigjährige, der
2083 942 2961 995 Lebemann und Ehemann, um die Liebe der
2084 970 2967 1031 koketten, sich spröd geberdenden und doch
2085 1019 2967 1056 so gern gewährenden Zwanzigjährigen wirbt.
2088 1057 2968 1102 Darüber vergaß man das Theater, das zwin¬
2083 1091 2967 1153 gende Leben meldete sich. Zum ersten, aber
2086 1127 2972 1181 auch zum letzten Male in dem Stück, das ohne¬
2079 1170 2966 1222 Rückgrat lebt; nur auf Empfindung, Empfin¬
2076 1219 2963 1272 delei und Dialog aufgebaut ist. Die Handlung
2078 1245 2198 1300 fehlt.
2144 1275 2952 1342 Auch der neue Schnitzler, dem zu guterletzt
2084 1330 2951 1382 ein freundlicher Beifall blühte, wächst auf
2079 1366 2961 1401 Wiener Boden. Wie Watteau, der Maler der
2084 1402 2968 1467 ländlichen Feste, die tändelnde Erotik seiner
2077 1452 2954 1496 Zeit verherrlichte, so sucht Schnitzler immer
2085 1484 2944 1539 wieder, und auch diesmal „Das weite Land“
2088 1519 2966 1569 = er versteht darunter die Menschenseele mit
2074 1561 2960 1598 ihren wechselnden Stimmungen und unergründ¬
2079 1598 2967 1637 lichen Gefühlen — zu einem Bilde des Wiener¬
2079 1638 2941 1691 tums, wie es lebt und liebt, zu formen. Ich
2079 1678 2975 1712 kenne die Wiener Welt nicht, die er uns vor¬
2083 1708 2960 1783 führt, aber ich glaube, das Bild ist arg vor¬
2071 1749 2324 1805 zeichnet. —
2140 1784 2964 1839 Schnitzler gibt die große Tragikomödie des
2067 1807 2959 1875 leichtlebigen Ehemannes und der schwerblütigen
2086 1867 2958 1918 Frau, die sich schließlich, von ihrem Manne
2078 1900 2968 1970 moralisch infiziert, einen Liebhaber nimmt.
2081 1937 2920 1989 Und darüber zerbricht die so lange Jahre auf
2074 1990 2954 2039 recht erhaltene Ehe. Der junge Amoroso fällt
2071 2014 2953 2068 im Duell und der siegreiche Gatte geht in einem
2075 2054 2952 2108 psychologisch unwahren Anfall von Schloermut
2080 2104 2939 2160 über das große Wasser. Warum — niemand
2066 2132 2304 2185 weiß es;
2427 2139 2953 2200 selbst nicht, die Frau
2069 2167 2956 2217 nicht die erst stürmisch umworbene und
2077 2217 2953 2257 nun abgeschüttelte Geliebte nicht und, wahr¬
2076 2246 2954 2304 scheinlich auch Schnitzler selber nicht. Um es
2077 2295 2959 2347 knapp zu erzählen: der reiche Fabrikant Hof¬
2079 2333 2961 2372 reiter hat eine Frau, die nicht nur auf den
2085 2371 2962 2428 seltenen Namen Genia hört, sondern auch so
2087 2411 2954 2457 selten groß denkt, daß sie dem Wiener Don
2071 2447 2957 2510 Juan die Liebschaften nicht nur verzeiht, son¬
2072 2488 2954 2546 dern sogar die Revanche mit gleicher Waffe
2077 2530 2954 2571 verschmäht. Trotzdem Herr Korsato, der sie ge¬
2085 2566 2953 2608 liebt und für den sie etwas empfunden hat,
2080 2602 2956 2657 ihretwegen aus dem Leben geschieden ist. Aber
2088 2647 2955 2699 schließlich, während der Gatte im Hochgebirge
2077 2689 2941 2733 einen neuen Flirt beginnt, erfüllt sich auch ihr
2078 2724 2950 2783 Los: sie ergibt sich den Werbungen eines
2080 2763 2954 2810 jungen Burschen. Mildernder Umstand aller¬
2083 2789 2958 2875 dings: zweierlei Tuch; der Jüngling ist Marine¬
2077 2842 2253 2900 fähnrich.
2125 2861 2958 2943 Und nun geschieht das ungeheuerliche: der
2079 2899 2949 2970 Mann, der ahne die Gemütsruhe darüber zu
2076 2959 2970 3034 bettreten, den Fähnrich zu nächtlicher Stundelen
2072 3000 2954 3043 das Schlafzimmer seiner Fra uhat steigen sehen,
2079 3039 2954 3075 fordert den Aermsten, im jähen Wechsel der
2066 3075 2959 3132 aune, zum Duell, und knallt ihn nieder. Warum
2069 3097 2955 3157 & das für — er, dem feinte Fräu gleschgültig und
2072 3160 2946 3211 ihr Ehebruch verzeihlich erscheint? Schnitzler
2079 3190 2950 3231 west auf den Titel: „Das weite Land“, aber der
2076 3231 2954 3299 Titel, so gut er ist, kittet keine psychologischen
2083 3267 2735 3312 Sprünge, die unreparierbar sind.
2134 3298 2945 3353 Die Darstellung tat alles, um die brüchigen
2074 3342 2944 3401 Stellen der Komödie zu verdecken. Dem be¬
2074 3380 2942 3448 seelten Spiel der Irene Triesch gelang es
2080 3423 2943 3465 heinahe. Nicht aber Heinz Monnard, den
2073 3460 2949 3507 man sich wohl als sieggewohnten Frauenhelden
2076 3500 2941 3541 gefallen lassen konnte, doch nicht als tiefgrün¬
2069 3540 2949 3601 digen Melancholiker. Dafür war er zu gerad¬
2079 3576 2940 3623 linig und zu robust. Reizvoll war Hilde
2076 3617 2943 3658 Herterichs spröde Art, mit der sie die
2076 3654 2949 3712 phantastische kokette Zwanzigjährige erfaßte.
2066 3692 2937 3752 Sonst gab's — Carl Forest in einer lebendig
2068 3737 2942 3794 gehaltenen Nebenrolle ausgenommen — nur ein
2066 3775 2890 3835 mäßiges Spiel; selbst Reicher war matt.
2611 3812 2907 3877 Julius Knopf.
2104 3883 2932 3942 Ueber die Wiener Aufführung erhalten
2071 3934 2801 4003 wir folgendes Privattelegramm:
2099 3983 2943 4049 Wien, 14. Oktober. (Privattele¬
2072 4021 2935 4085 gramm der „Berl. Allgem. Ztg.*)
2067 4064 2773 4123 Am Burgtheater erzielte Schnitzler
2807 4068 2942 4121 einen
2064 4108 2938 4151 großen, von Akt zu Akt sich steigernden Er¬
2076 4142 2935 4184 folg. Die Darstellung (Korff als Hofreiter,
2063 4177 2475 4219 Willy als Genia und
2553 4181 2661 4223 ulein
