3344 4320
664 193 756 252 W
1364 182 1836 282 box 28/4
252 181 1238 281 24. Das seite Land
496 1163 1619 1242 .— und dues ; sich sonst der Gesahr Aussohen, Dass —.
1977 1197 2491 1285 Brühl. in dem sic un
824 1200 1989 1280 empörender Weise gestört wird, sobald der Geistliche!
123 1232 831 1300 nehmen habe. Aber von solch
1982 1225 3139 1321 unerhörte Räuberei Italiens fanden. Wie sehr L#¬
824 1254 1984 1329 etwas sagt, was den Offizieren nicht gefällt. Bestraft
128 1285 843 1336 n ist, Gott sei Dank, in der pro¬
1982 1299 3150 1365 moralische Gefühl der italienischen Nation gegen „Mein
820 1319 1977 1375 werden die Herren dafür nicht, das wissen wir ja nun.
118 1320 829 1388 och wohl nicht die Rede. Wir
1987 1332 3141 1400 und Dein“ im Völkerleben abgestumpft ist, wenn es sich um
829 1356 1989 1417 Die Herrn Leutnants als Oberzensoren der evangeli¬
127 1370 827 1422 uns mit aller Macht dagegen
1966 1375 3154 1470 das eigene Interesse handelt, zeigt die Haltung der Nation,
121 1402 1986 1474 farrer den Rekruten gleichgestellt schen Geistlichkeit — ein krasses Bild, aber wohl nur in
1984 1423 3141 1495 zeigt der Begessterungstaumel über den für das Land
126 1455 1223 1519 militärische Unterordnungsgefühl Preußen möglich.
1984 1558 3148 1644 glatten Spiegel ihrer Seele gesehen, im tiefsten durch diesen
839 1581 1981 1644 Frau und seinen Haushafen, von den bunten Ausflügen
112 1570 471 1648 uilleton.
1990 1602 3146 1676 Selbstmord um ihretwillen aufgewühlt und gefühlsverwirrt
846 1613 1987 1686 heimkehrend, aufrichtig gern. Und Genia rang sich aus
1990 1648 3155 1713 geworden. Einsam, ohne Halt, mit den Vorstellungen ihrer
830 1666 1984 1735 tiefer Anhänglichkeit zu der Entwicklung durch, die einmal
423 1665 767 1737 (Nachdruck verboten.)
1992 1684 3146 1764 freudlosen Gegenwart und ihren doch noch vorhandenen
840 1697 1982 1775 im Stück so ausgesprochen wird: es kommt für Frauen
1997 1730 3143 1802 neu aufgerührten Frauenwünschen wird sie die Beute einer
106 1740 765 1823 ter- und Kunstbriefe.
838 1754 1976 1822 die Zeit, wo sie auch für ihre Männer Mütter werden.
1996 1771 3153 1845 Stunde, einer Situation. Und des Verführende ist gar nicht
850 1793 1992 1863 Nun kommt auch in dies scheinbar so ruyeoolle Verhältnis
113 1806 515 1885 Gelix Poppenberg.
1978 1811 3143 1897 die Person des Mannes, sondern die unbestimmte Sehn¬
841 1844 1995 1909 die Zersetzung. Hofreiter erfährt gerade in einem Stadium
1984 1861 3156 1941 sucht nach Wärme und Zärtlichkeit, die über sie, die früher
117 1880 742 1953 er: „Das weite Land“.
845 1890 1979 1952 der inneren Leere, d#s Unokkupiertheit, dem Vakuum¬
1994 1898 3013 1987 nie an Untreue gedacht, jetzt in der Einöde kommt.
837 1932 1978 1999 stadium nach der Lösung von einer Frau, daß sich ein
189 1935 829 1999 ihre Buchausgabe erschien bei
2066 1942 3133 2020 Heikler liegt der Fall Hofreiter. Daß die junge,
843 1968 1988 2038 Pianist Genias wegen erschossen. Sie selbst zeigt ihm den
124 1969 835 2044 im Lessing=Theater vom Berliner
1990 2005 3150 2065 lebenshungrige, naturhafte Erna — von der Rasse Hilde
834 2023 1984 2083 Abschiedsbrief. Der spricht von hoffnungsloser Liebe und
127 2032 838 2087 nd empfänglich ausgenommen. Dr.
1994 2047 3140 2112 Wangels — sich ihm nach dem starken gemeinsam er¬
836 2062 1990 2143 bestätigt das Unbeteiligtsein Genias. In dem Mann
127 2074 834 2126 abwesenden Dichter danken. „Das
1993 2081 3142 2155 lebten Höhenrausch der Dolomitentour gibt, braucht nicht
832 2097 1985 2185 jedoch; dem erfahrenen Kenner aller Fußangeln und
120 2112 839 2173 itzler meint, ist die Seele mit ihrer
1995 2125 3141 2206 weiter erklärt zu werden. Schlanke, graumelierte Vierzi¬
839 2143 1988 2214 Schleichwege des Gefühls, sitzt der Haken fest und bohrt
113 2159 840 2230 fülle, ihren quälerischen und be¬
1994 2166 3148 2245 ger mit dem Fluidum und Charme der hommes à femmes
834 2198 1984 2258 weiter. Nicht Eifersucht, nicht Liebe ist's, aber ein Nagen¬
118 2200 841 2267 en, ihren Widersprüchen und ihren
1988 2215 3153 2294 sind Favoris für junge Mädchen. Und das ist gewiß eine
829 2241 1993 2304 des, ein Nervenkribbeln, die böse Lust, die Seele seiner
111 2245 841 2319 d doch so lockenden Ungewißheiten.
1997 2266 2423 2353 häbsche Einrichtung.
847 2269 1993 2352 Frau, an die er kaum mehr gedacht und die jetzt durch das
128 2286 847 2349 herbstlich erkenntnis oll gewordene
2055 2294 3141 2372 Nachdenklicher aber scheint ein anderer Umstand, der
834 2331 1995 2405 Totenopfer in neuem besonderen Licht erscheint, sich zu ent¬
120 2341 843 2405 Jahren, dichtet nun mit melancholi¬
1988 2344 3152 2419 von Schnitzler nur gegeben und unserer eigenen Auslegung
833 2373 1994 2447 blößen. Und die Gedankenmühle dreht sich zermürbend in
121 2371 836 2462 se Weise auf der neu gestimmten
1986 2400 3139 2462 ausgeliefert wird. Hofreiter reist nämlich nach der leiden¬
843 2407 1993 2490 ihm und mahlt Tag und Nacht an dem Problem: was
2005 2426 3143 2510 schaftlich begehrten Nacht — Stendhal warnt vor den sata¬
836 2459 1379 2534 wäre geschehen, wenn ...
110 2462 510 2534 e unserer Seele,
1995 2469 3152 2563 len Begleiterscheinungen übergroßer Erregung — jäh ab.
906 2494 1985 2571 Das wohltemperierte Nebeneinander wird zur
103 2504 609 2577 lens heut und gestern.
2003 2515 3145 2597 ohne sein Glück auszukosten. Er kehrt dann allmählich nach
842 2532 1988 2623 Quälerei. Hofreiter geht, um sich davon frei zu machen,
113 2548 828 2633 lingt er mit wechselnder Durchein¬
1992 2574 3153 2647 Hause zurück, entdeckt das Verhältnis Genias und erschießt
840 2571 1996 2665 einige Wochen aufs Land. Dies Trennungs=Intermezzo
116 2606 842 2671 Männer und Frauen im jungen und
1998 2625 3151 2690 den Fähnrich im Duell. Und hier läßt Schnitzler einen
840 2619 1994 2707 schürzt den Schicksalsknoten. Hofreiter hat in dem Gebirgs¬
107 2649 841 2712 er Gefühle. Und es reizt ihn vor
2002 2659 3155 2729 Lichtstreifen sallen. Diese Rache ist nicht Eifersucht, etwas
840 2684 1989 2754 hotel ein leidenschaftliches Erlebnis mit einer Zwanzig¬
116 2694 843 2756 Mannes, der, dem Abstieg des Lebens
1993 2701 3146 2773 Eitelkeit mag gewiß im Spiel sein, doch vor allem kommt
851 2719 1993 2804 jährigen, und Genia gibt sich inzwischen einem jungen
113 2737 843 2806 Fröstelnd dem einsamen Weg entlang¬
2121 2738 3144 2814 , das sagen Hofreiters Worte, als er von dem töd¬
1994 2770 2097 2823 sie -
844 2782 1184 2838 Marinefähnrich.
108 2778 839 2851 en Zeit wanken die unbefangenen
2002 2783 3152 2864 lichen Gegenüberstehen Auge in Auge spricht —, aus dem
912 2798 1991 2878 Schnitzlers Psychologie geht in diesen beiden Parallel¬
102 2824 852 2898 gifte wirken stärker, Grübelei frißt
1994 2837 3155 2909 wütenden Haß des Alternden, Absteigenden gegen die
853 2856 1991 2927 fällen sehr diskret und wortkarg vor und überläßt moti¬
1987 2869 3144 2960 Jugend, die ihn aus dem frischen, unbekümmerten Drauf¬
846 2914 1988 2967 vierende Erklärung der Vorgänge unserem Einfühlen.
95 2897 851 2986 Es Ehe mit Frau Genia schien beiden
120 2928 3151 3030 und fest verankert. Er hatte seine! Wir können das ungerwungen leisten. Bei Genia liegt es gängergesicht seines Gegners herausfordernd anblitzt. Den
2479 4088 2554 4149 1200
2647 4091 3055 4178 e Weente eenshee
