3392 4320
9 2070 43 2114 1
7 2105 42 2155 1
11 1601 49 1652 11
755 186 852 253 WE
324 180 1287 300 24. Das ite Land
1451 212 1896 303 box 29/5
200 1113 620 1199 tung, München
200 1241 366 1349 1926
865 1374 2059 1458 druck gebracht wie in dem „Weiten Land“ in Hofreiter und seiner
197 1372 512 1450 ite Land.
865 1417 2063 1493 spielerischen Umwelt, aus der zum Schlusse der Weheruf der Tra¬
211 1436 697 1510 Arthur Schnitzler.
858 1463 2053 1531 gödie aufschrillt. Ich habe die Première im Burgtheater gesehen.
203 1492 628 1570 Schauspielhaus.)
859 1502 2063 1571 Harry Walden in der Rolle des Hofreiter, die schöne Olga Wohl¬
866 1545 2064 1609 gemut als dessen Gattin Genia. Albert Heine gab mit unheimlicher
209 1552 818 1620 und nein. Denn „Das weite
859 1583 2048 1647 Kälte unter der freundlichen Maske den Bankier Natter, der sich
191 1602 815 1653 u gleicher Zeit in Wien und in
856 1614 2053 1687 betrügen läßt, aber den Betrug durch Bloßstellung lohnt — auf
190 1637 816 1695 klangt. In Wien am Hofburg¬
857 1652 2052 1721 gleichem Gebiet. Eine wunderbar feine Aufführung damals in der
189 1675 812 1728 iglichen Residenztheater. 1911 und
857 1699 2052 1764 sorglosen Zeit vor dem Kriege — heute wirken im Schauspiel¬
207 1724 819 1770 schen Uraufführung und Erstauf¬
858 1727 2056 1800 hause die besten Kräfte zweier Theater zusammen, um ähnliche
206 1754 820 1811 5 Jahre? Scheint es nicht, als
851 1767 2056 1844 Wirkung zu erzielen. Mit bestem Erfolg, das muß zu Anfang
200 1788 815 1847 Zeit, da „Das weite Land“ der
858 1803 2044 1879 hervorgehoben werden. Was zu vermeiden ist, soll aber gleich hinzu¬
204 1836 810 1886 i konnte, eine Welt der Qualen
850 1851 2053 1915 gefügt sein: viele der Mitwirkenden sind auf die intime Welt der
200 1866 818 1925 ischen wie psychischen Charakters
840 1886 2053 1954 Kammerspiele eingespielt, die sogar den Flüsterton entschuldigt, ja
202 1907 816 1963 remière; denn jetzt erst scheinen
849 1927 2049 1989 erklärt. Im weiteren Raume des Schauspielhauses muß sich die
211 1948 809 2000 weiten Landes herangereift, jetzt
849 1952 2042 2016 Darstellung stärkerer Mittel an Gesten und Stimme bedienen.
211 1983 808 2036 besser zu erkennen, die damals
843 2004 2048 2055 Hier wird die sonst ausgezeichnete Regie von Forster=Larri¬
194 2021 803 2076 eren unheimliche Tiefen inmitten
840 2034 2047 2109 naga Akkorde greifen müssen, wo sie jetzt nur arpeggiert. Es
186 2058 812 2111 itzlers Schmiedekunst des Wortes
840 2073 2050 2145 braucht schon ein Orchester und keine Harfensoli, um in dem weiten
190 2100 813 2155 er Abgründigkeit. Dieser Friedrich
845 2107 2049 2182 Raume Schlagkraft und Widerhall zu finden. Forster=Larrinaga
198 2136 806 2191 erne Don Juan=Figur, er ist die
850 2148 2041 2222 selbst war in der ungemein dankbaren Rolle des Hofreiter sehr
216 2171 809 2227 Kampfes zwischen Alten und
848 2187 2028 2259 interessant, wenn ihm auch die äußeren Voraussetzungen zu dieser
228 2209 811 2267 ist nicht alt und man könnte
833 2219 2054 2295 Tenorpartie fehlen. Leicht und sicher im Dialog machte er eines
201 2251 802 2303 Sechziger umgießen — wäre er
839 2268 2048 2336 glaubhaft: den Vernichtungswillen seines Hasses gegen die strah¬
191 2278 800 2344 ses, den der Alternde gegen alles
831 2316 2045 2368 lende Jugend. Als Genia Hofreiter war Margarete Anton mit
184 2331 808 2381 ter zum Helden der Tragikomödie
839 2347 2043 2414 etwas zu starker Bewußtheit darauf bedacht, das Ewig=Weibliche
176 2373 797 2416 auen seines Lebensspiels zu mei¬
827 2378 2035 2436 dieser reizvollen Schnitzlerschen Gestalt zugunsten des rein In¬
184 2404 796 2457 Mord geschehen, den er an dem
840 2415 2040 2480 tellektuellen ihrer Aussprüche zu verdrängen. Trotzdem und trotz
176 2444 794 2501 m in Liebe ergebenen Frau be¬
838 2450 2024 2523 der zu raschen und wenig deutlichen Rede fesselte diese leidende
191 2479 795 2527 Selbstmord zwang, aus nicht
838 2497 2032 2538 Heldin — wenn bei Schnitzler überhaupt Helden und Heldinnen“
188 2520 784 2565 Duell den Geliebten der Gattin,
839 2539 2027 2604 existieren — durch ihre zarte Passivität. Das gesellschaftliche Bild
184 2558 794 2611 sich zu rächen. Und niemals lenkt
833 2570 2029 2649 jener sagenhaft fernen Vorkriegszeit in Wien tritt in dem Stücke
176 2591 796 2651 Rache an der sieghaften Jugend
831 2611 2030 2682 prachtvoll in Erscheinung. So ist der in der Halle eines Luxus¬
179 2641 796 2687 des Spiels sind andere Motive
832 2642 2016 2718 hotels im Gebirge spielende dritte Akt Vorbild für die all die
182 2670 791 2724 s deren wichtigstes das schon be¬
826 2693 2024 2734 zahlreichen, ein gleiches Milieu benützenden Komödien wissentlicher
180 2713 794 2765 Seele an erster Stelle steht und
829 2728 2027 2796 und unwissentlicher Nachahmer geworden. Darstellerisch war
176 2747 794 2803 eidenschaftliche Ueberzeugung des
833 2758 2018 2820 dieses Gesellschaftsspiel im Schauspielhause auf respektabler Höhe.
174 2782 780 2840 Ihr, Ihr!“ seien dem Manne das
830 2799 2028 2870 Marie Ferron als Frau Wahl muß in erster Linie gerühmt
168 2828 790 2874 Leben. In absoluter Verneinung
827 2841 2021 2902 werden, denn sie gab die Wienerin mit Lebendigkeit und Echtheit,
170 2863 776 2925 es. seiner Weiberverachtung, hat
821 2877 2013 2945 splanderte ganz entzückend. Fräulein Hambach als Erna gab
177 2902 790 2954 besonderen Akzent doch mit dem
824 2916 2016 2984 zihrer Rolle Charme und jugendliche Glut und Anmut. Ewis
176 2939 778 2990 s das Weib immer als Liebende,
823 2947 2016 3008 Vorkmann spielte die heikle Rolle der Adele mit zierlicher
161 2973 776 3032 hrten Verbundene dargestellt, den
821 2988 2015 3058 Persiflage. Die Jungen“ wurden von Walter Bach, Lenz und
175 3018 784 3070 Geschlechte Verfallenen, der wohl
808 3024 2013 3083 Baum vortrefflich dargestellt; Walter Bach traf den leichten
168 3045 784 3109 sich selbst zu beherrschen imstande
807 3063 2027 3138 zwienerischen Ton am besten. Katsch spielte den Bankier Natter
164 3095 786 3159 ramatiker das so stark zum Aus¬
813 3108 2011 3192 sohne das Gift, das Albert Heine in dieser Rolle zu verspritzen
2094 1409 3304 1493 pflegte, doch in seiner Weise eigenartig und charakteristisch. Den
2102 1456 3300 1531 berühmten Schriftsteller Dr. Rohn in einer Maske zu spielen,
2098 1495 3299 1573 die gleichsam eine Kreuzung zwischen Arthur Schnitzler und Her¬
2103 1538 3298 1596 mann Bahr darstellt, blieb Gerhard mit Erfolg vorbehalten.
2101 1573 3294 1635 Einen „scharfen“ Norddeutschen gab Classen sehr humorvoll,
2098 1606 3296 1687 Seger den „gebildeten“ Portier Rosenstock. Framer spielte
2088 1653 3285 1724 den eleganten Dr. von Aigner mit Stil und Haltung und Heß
2084 1693 3281 1759 ließ in seinem gradlinigen Dr. Mauer irgendwie Töne seines
2099 1726 3282 1790 Wozzeck“ aufklingen. Das Ensemblespiel war sehr fein, nur eines
2102 1745 3290 1830 sei wiederholt: größere Deutlichkeit immer und überall. Nichts
2096 1805 3289 1863 irritiert mehr als übermäßig betonte Bonmots, nichts regt mehr
2095 1841 3298 1914 auf als unter den Tisch gefallene Pointen, zumal, wenn sie, wie
2096 1877 3284 1955 bei Arthur Schnitzler, Quellen und Mündungen der Spielströmung
2081 1916 3288 1991 umschließen. Die Bühnenbilder von Stern waren sehr gut ab¬
2084 1959 3285 2031 gestimmt und in ihrem Wesen wirklich wienerisch, auch die Toi¬
2094 1994 3291 2069 letten fügten sich schön in den szenischen Rahmen. Das Publikum,
2085 2033 3283 2108 sichtlich über die Sordinierung der Stimmen irritiert, war von
2076 2063 3280 2142 Tialog und Handlung bald gefesselt und svendete starken Beifall —
2085 2110 3282 2182 der erst verstehen ließ, wie wenig sich die Menschen in menschlichen,
2073 2147 3284 2203 allzu menschlichen Dingen wandeln — trotz des lateinischen
2077 2183 2335 2241 Sprichworts.
2935 2199 3306 2278 Lola Lorme. 4
