3248 4384
609 303 718 368 We
190 305 1188 399 24. Das   ese eseeite AeA A AAR
1311 316 1757 413 box 29/2
2030 263 2925 345 unserei
2026 339 3034 396 nannten Gebildeten“ die „Stützen der
2027 385 3014 450 Gesellschaft“, hausen und sich in all der
2023 428 3024 491 offenen und verborgenen Herrlichkeit
2864 480 3003 543 Das
2020 475 2707 538 ihrer Seele manifestieren
2023 515 3016 605 weite Land, in das der Dichter mit me¬
2804 576 3002 636 hinein¬
2566 578 2745 637 Spott
2022 572 2518 635 lancholisch=bitterem
2022 621 3006 683 schaut, ist die Seele. Ein Chaos sieht
2026 678 2983 735 er in dem die schneidendsten Gegen¬
2035 726 3007 773 sätze dicht beisammen hocken: Liebe u.
2020 774 3004 816 Haß, Sehnsucht und Zynismus, Treue
2021 817 3009 882 und Verrat. Schnitzler erbringt den
2024 873 3015 927 Beweis, daß es mit der Moral der mo¬
2019 916 3019 983 dernen gebildeten Gesellschaftsklasse
2019 965 3008 1031 nicht so weit her ist. Aeußerlich wird
2018 1011 3014 1082 (diese Moral zum Scheine gewahrt, aber
2021 1076 3009 1128 in Wirklichkeit wird alles was morali¬
2027 1110 3012 1167 schen Wert hat und echt ist, in der Seele
2030 1162 3008 1226 niedergetreten und verwüstet. Dem Dich¬
2023 1212 3014 1274 ter gelingt es zum Erstaunen, den Men¬
2026 1263 3014 1331 schen, die er auf seiner Bühne versam¬
2031 1307 2999 1369 melt, die Larve vom Gesicht, und
2027 1350 3021 1422 Schleier nach Schleier von der Seele zu
2024 1404 3020 1465 nehmen, bis sie hüllenlos dastehen, mit
2033 1431 3040 1527 nichts bekleidet als der Kultur ihrer
2033 1498 3020 1597 äußeren Formen, ihrer tadellosen Wohl
2035 1583 3006 1643 anständigkeit und Gesellschaftsdressur.
2045 1620 2968 1690 Das Stück ist kein Publikums=Erzeug
2034 1664 3024 1732 nis. Es geht seinen Weg in das Innere“
2038 1709 3025 1783 der Menschen, breitet die Fülle seiner
2040 1760 3022 1831 Erkenntnisse, seiner feinziselierten
2041 1815 3030 1880 Worte in allzu breit dahinfließendem
2032 1853 2430 1921 Strome aus.
2430 1863 2998 1928 Nur im dritten Akte
2027 1909 3013 1978 biegt es bewußt in populäres Fahr¬
2023 1968 3020 2023 wasser, um hier freilich stark aus der
2025 1999 3019 2080 Sphäre Schnitzlers in die grobkörniger
2033 2056 3017 2138 Lustspielfabrikanten zu geraten. Der
2022 2104 3004 2180 vierte Akt ist dann wieder ganz
2025 2153 3023 2207 Schnitzlers Heimat. In diesem Akts
2038 2208 3012 2280 formt er kann ein Musterbeispiel still¬
2031 2250 3007 2322 ster und dabei dramatischster Ent¬
2028 2299 3015 2382 ladung. Für die breite Masse des The¬
2031 2360 3004 2429 aterpublikums, wird das „weite Land“
2024 2393 3019 2478 wohl nie ein Zugstück werden, da es
2034 2456 3003 2523 mehr auf philosophischer Basis aufge¬
2033 2489 3004 2582 baut ist; aber ein Genuß ist es für
2034 2543 2994 2612 Feinschmecker der Technik und eine
2028 2602 3006 2671 Freude für alle, denen die seelische De¬
2026 2652 3003 2714 kadenz unserer Zeit kein Deklamations¬
2028 2707 3001 2783 thema ist. Die Aufführung des Stük
2024 2748 3001 2817 kes machte der Regie des Herrn Pam¬
2023 2804 3008 2861 mer alle Ehre. Sie war neben dem
2029 2849 2989 2896 flotten Zusammenspiele auch ein Ge¬
2030 2900 3019 2971 schenk geschmack= und stimmungsvoller
2023 2955 3013 3017 Bühnenillusion. Das Beste in den
2027 3003 3009 3075 Einzelleistungen bot Herr Metten, der
2024 3050 3007 3098 aus dem äußerlich so verführeristhen,
2022 3097 3006 3168 seelisch so ungeheuerlich „weit“ veran¬
2030 3146 2994 3220 lagten Hofreiter eine geradezu glänz
2018 3203 3009 3266 zende Menschenstudie formte. Nicht so
2026 3251 2987 3300 Frl. Martella. Sie fand für die ge
2032 3293 3000 3360 folterte Gattin nur mittelgute Linien
2018 3346 2991 3418 Der Benefiziant, der leider nur eine mi
2024 3399 2979 3465 nimale Rolle hatte, gab dem jungen
2012 3437 2991 3513 Liebhaber und schmucken Marinefähn
2015 3500 3002 3557 rich überzeugende Töne und natürliche
2016 3546 2990 3615 Gradheit. Warum sich Herr Serbu
2019 3592 2980 3661 set, der mit den obligaten Lorbeer
2020 3652 2999 3713 und Blumenspenden geehrt wurde, keine
2008 3691 2984 3764 größere Rolle gewählt hat, um zu glän
2011 3744 2988 3811 zen, ist unbegreiflich. In kleineren Rol
2019 3794 2963 3841 len gefielen die Damen Schratten¬
2015 3836 2980 3908 bach, Schuller und Lupetina, so
2015 3884 2995 3945 wie die Herren Dittmer, Lechner,
2010 3942 2994 4023 Lerse und Fischer. Das Haus war
2010 3984 2982 4054 total ausverkauft, was für die Be¬
2013 4033 2984 4113 liebtheit des Benefizianten wohl deut
2007 4087 2315 4171 lich sprach.
