3392 4320
680 160 810 220 WE
256 143 1238 277 24. Das ##ite Land
1386 156 1834 260 box 28/5
1543 1000 1700 1094 —
826 1065 3233 1201 *in ihrem Bereiche nur biedere, biertrinkende Bajuvaren] und Damen, die für Carusos edle Süße kein Geldopfer
823 1114 3230 1207 #und einige Kunstmaler gibt. Im Sommer: Kultur mit scheuen, zumuten wollte, daß sie ein broschiertes Exemplar
159 1093 2038 1281 suilleton. 1//7#2en Schilanen; im Winter: stulles Plätschern der ver¬
855 1210 1420 1289 schiedentlichen Bierquellen.
2025 1204 3233 1305 von Tolstois „Anna Karenina“ oder Flauberts „Education
148 1198 734 1332 ohne die Fremden.
2040 1251 3222 1353 sentimentale; zehn= oder gar zwanzigmal so teuer be¬
919 1253 2031 1359 In Wahrheit hat München seine oberen Zehntausend
145 1279 441 1368 n A. Latzko.
2034 1308 3224 1396 zahlen als den „Götz Kraft“, — welch höhnisches Stau¬
841 1308 2034 1397 wie jede andere Großstadt. Sie würden sich schämen,
344 1327 830 1409 München, im Oktobek.
2039 1346 3213 1445 nen wäre die Antwort! Und doch ist der Abstand zwi¬
849 1358 2036 1467 Sommer über zwischen ihren Mauern angetroffen oder
152 1359 851 1473 anglais,“ — so hat Pierre Loti
2030 1394 3215 1501 schen dem Genuß an dem Canio Enrico Carusos und
848 1411 2034 1505 gar, horribile dictu, im Theater gesehen zu werden.
177 1439 852 1532 uns in stillen, aber unendlich
2028 1444 3224 1545 dem irgendeines anderen anständigen Tenors gewiß nicht
849 1465 2027 1552 Sie verlassen, sobald die Julisonne scheint, eiligst ihre
138 1481 842 1569 uß über das jenseits der Kultur¬
2031 1496 3220 1581 größer. Ich will's nicht leugnen: er durchstrahlt die er¬
842 1504 2031 1586 Winterquartiere und flüchten vor der Fremdensaison in
143 1537 837 1615 nde Land der Inder gibt. Das
2036 1555 3218 1651 schütternde Binsenwahrheit, daß auch in des Bajazzos
839 1549 2036 1655 die Berge oder sonstwohin, wo es gute Lust und vor
148 1582 853 1655 n Engländern ist bei Thomas!
2027 1599 3217 1691 Brust — ach! — ein Herze schlägt mit inniger Wärme
840 1610 2030 1696 allem wenig Komfort gibt. Denn der Sommer ist in erster
145 1627 847 1715 krtrieb, und der Aublick seiner
2017 1642 3214 1740 und sein Ride, ride P’agliacci“ schwingt sich so tränen¬
837 1649 2019 1760 Reihe da, um sich von den Bequemlichkeiten der Stadt
142 1669 837 1762 rten Tempel ist leicht erschwing¬
834 1701 1264 1782 endlich auszuruhen.
2012 1702 3209 1786 voll und doch so rein in die Höhe, als wollte er die
145 1729 844 1814 asser des Ganges, das englisch
2015 1732 3212 1832 Decke durchsingen und seinen Jammer bis zum Himmel
916 1759 2016 1857 Erst im September, wenn die Norddeutschen und
135 1763 829 1883 Iuf Flaschen gezogen, als Reise¬
2009 1784 3195 1868 fliegen lassen. Aber, wie gesagt, man wundert sich den¬
821 1805 2014 1902 sonstigen Ausländer gesättigt an Wagner, Mozart, Aeschy¬
2005 1835 3196 1923 noch, wenn man Leute, die ansonsten den Wert des
822 1869 2015 1955 Plos, Sophokles oder was sonst gerade am Speisezettel
140 1847 831 1951 chen nach Indien ist weit, und
2010 1888 3200 1977 Geldes so ungeheuer pedantisch und achkungsvoll abwie¬
837 1908 2013 2001 stand, froh in ihre eigenen Großstädte zurückeilen, um sich
141 1927 837 2018 bektdichter der Herren Schenker
2018 1934 3204 2049 gen, für ein Plus an musikalischem Vergnügen so un¬
831 1957 2020 2049 bei Lehär und Leo Fall, Francis Croisset und Capus!
154 1977 829 2065 die landschaftlichen Schönheiten
2003 1975 2769 2075 überlegt die Börsen aufreißen sieht.
821 2006 2013 2110 von den Anstrengungen der Münchener Kulturkampagne
148 2023 831 2107 Kulturinstitutionen des König¬
2086 2051 3201 2143 Ich glaube fast, zu einer so sein differenzierten
808 2067 2009 2147 zu erholen, erst dann schnellen die Rolläden in Schwabing,
144 2071 824 2162 trieb haben, würde es wagen,
2000 2073 3201 2192 Empfänglichkeit gehört schon ein Perlenkollier oder ein
821 2102 2010 2212 Bogenhausen und auf der Prinzregentenstraße wieder in
137 2120 828 2222 fer den Wetterstein mit dem Hi¬
2000 2120 3196 2239 Brillautendiadem, das lange im Dunkel des Safes ge¬
814 2141 2007 2247 die Höhe, die heimatlichen Geldsäcke kehren zurück oder,
2011 2185 3201 2279 schlummert. Jedenfalls bestand München auch diesbezüg¬
817 2198 2013 2291 wie man zu sagen pflegt, „das geistige Leben beginnt".
143 2198 823 2311 „Munich sans messieurs les
1993 2234 3196 2319 lich glänzend die Kraftprobe. Der Schmuck, den die viel¬
896 2246 2007 2363 Diesmal setzte es sogar auf eine äußerst dekorative
146 2279 822 2359 es ein Indien ohne Engländer
2003 2290 3191 2376 genannte Besitzerin einer großen Brauerei ins Treffen
821 2273 1999 2384 Art ein. Mit einer Kraftprobe sozusagen. Zwei Gast¬
157 2324 821 2411 der Herren und Damen, die
1998 2334 3191 2434 führte, hätte Professor August Forel und seine Tempe¬
816 2349 1996 2444 spielabende Enrico Carnsos eröffneten den Oktober und
162 2365 819 2454 lang ihren Bildungsdrang be¬
1997 2385 3196 2480 renzler in helle Raserei versetzt. Wir haben Juweien die
810 2390 2002 2494 die Wintersaison. (Im Sommer sagt man Season.) Und
152 2413 816 2483 gleichsam als eine Art Som¬
1994 2424 3194 2552 Fülle, auch wenn Dollarika schon wieder zu Hause in der
806 2441 1992 2535 trotzdem um diese Zeit die Hotels schon darangehen, ihre
147 2465 811 2545 wie Trouville oder Ostende, ist
1991 2478 2753 2568 Metropolitanoper glitzert und gleißt.
797 2488 2005 2588 Teppiche einzukampfern trotzdem die Eintrittspreise und
149 2517 813 2601 Kreises, der die fashionablen
2070 2537 3185 2627 Die beiden Caruso=Abende waren indes nur der Auf¬
805 2536 1991 2627 den Luxus der Carusofeste München aus der eigenen
124 2543 804 2652 Fntheater, die Reinhardtmanege
1980 2594 3181 2687 takt des beginnenden Münchener Innenlebens. Der Appell
810 2591 1992 2685 Tasche bestreiten mußte, schnellte der Kurs der Karten
131 2611 811 2697 einschließt, liegt das eigentliche
1984 2626 3181 2739 gewissermaßen. Und da sich die eingeborenen Upper ten
799 2639 1984 2736 (die Parkettplätze wurden an der Hoftheaterkasse mit
124 2662 813 2756 nde Großstadt, die im Sommer
1981 2681 3169 2777 thousen vollzählig zum Winterdienst präsentiert hatten,
793 2676 1994 2783 fünfzig Mark emittierk) bis zu zweihundert Mark empor
140 2717 666 2785 r Vergnügen haben will.
1982 2721 3176 2820 so folgte auch sofort Treffen auf Treffen. In derselben
787 2719 1982 2841 und die heldenmütigen Agioteure, die bei Einbruch der
134 2751 817 2852 sch im August bei Schenker um
1988 2760 3177 2869 Woche schon rückte das Schauspielhaus mit der Urauf¬
792 2791 1981 2870 Dunkelheit schon in dichten Scharen das Theater umla¬
135 2819 1984 2948 hotels, den Theatern und auf der gerten, um am nächsten Morgen Karten zu erobern,
1978 2824 3157 2918 führung von Josef Ruederers „Schmied von Kochel“
141 2863 1583 2969 Französisch sprechen hören, keh= kamen durchwegs auf ihre Rechnung.
1981 2869 3167 2968 heraus. Dies war nun allerdings eine durchaus interne
1976 2917 3173 3034 Angelegenheit der Münchener und wird es auch ewig
158 2924 3177 3092 Gefühle den Rücken, daß es: Es ist merkwürdig: wenn man denselben Herren bleiben. Mehr läßt sich über dieses Stück schwer sagen.
2718 4080 2946 4174 .—
