3392 4256
531 -5 634 57 ###
677 -4 739 67 90
241 -5 311 83 4
393 24 742 126 W
661 320 722 382 1
141 535 999 616 rfolg des Residenz-Theaters: -Das weite Land¬
247 586 660 641 von Arthur Schnitzler.
150 610 1019 684 d Korff als Hofreiter. Zander &“ Ladisch PAet.
146 681 1001 768 n ganz grosser Erfolg im Residenz-Theater,
138 754 1004 814 verwöhnten Stätte. Arthur Schnitzler zeigt
151 796 1003 874 iten Lande auf besonderer Höhe. Er führt
475 989 533 1044 00
168 1730 760 1815 Erfolg des Residerz-Theaters:
160 1792 743 1854 Land¬ von Arinur Schnitzler.
155 1824 811 1911 nder als Frau Bankier Natter.
151 1913 812 2003 ergreifendster Tragik und präch¬
115 1976 819 2043 k in ihren buntschillernden, immer
115 2026 807 2083 den Schicksalen durcheinander und
122 2067 815 2134 als meisterhafter Dramatiker und
124 2116 815 2178 ner der menschlichen Seele, die das
111 2156 809 2227 arstellt. Arthur Schnitzler.= Weites
127 2207 807 2273 r Erfolg dieser Winterspielzeit. Ein
109 2251 814 2316 tück. Schnitzlers bestes Werk wird
106 2289 799 2358 Theater aber auch kongenial wieder¬
107 2333 818 2409 EneTriesch, Deutschlands grösste
247 2730 373 2895 3
277 3695 344 3780 4
74 3787 951 3837 Frfolg des Residenz Theaters -Das wene Land¬
171 3836 597 3882 von Arthur Schnitzler.
755 3830 968 3898 Bieber 9ot.
114 3846 909 3950 Schönfeld als Hotelbesitzer v. Aigner.
1020 227 2117 321 Der grosse Erfolg des Residene Thraters Das wene Land
1349 284 1789 332 von Arthur Schnitzler.
1858 293 2125 348 Dührdeos Phot
1072 303 2063 403 Rosa Bertens als Frau v. Main od Aigner.
1135 459 2012 561 Der neue grosse Erfolg
2130 552 3230 638 Der grosse Erfolg des Residenz-Theaters Das weite Land¬
1069 542 2076 671 des Residenz Theaters:
2461 609 2896 664 von Arthur Schnitzler.
2135 626 3204 710 Heinrich Schroth als Bankier Natter. Riert Mef.
2127 710 3243 785 noch leistet sich den Luxus einer in allen Rollen so
1050 732 1995 835 „Das wele Bana
2130 777 3232 856 gleich hervorragenden Besetzung! Gertrud Weicker,
2129 835 3239 899 neu im Hause Rotter und hier richtig am Platze,
1185 817 1931 939 Von Arthur Schnitzler
2345 1764 3167 1840 Der grosse Erfolg des Residenz-Theaters:
2363 1828 3169 1881 Das weite Land- von Arthur Schnitzler.
2420 1864 3130 1931 Josef Klein als Arzt Dr. Maur.
2292 1938 3227 2028 trägt durch ihre liebreizende Persönlichkeit und
2284 2014 3224 2078 schauspielerisch durch und durch echte Kunst
2293 2053 3233 2108 in der Hauptrolle der Erna wesentlich zu
2282 2103 3238 2167 dem grossen Erfolge bei. In weiteren wichtigen
2297 2150 3226 2197 Rollen sind besonders Gisela Schneider¬
1457 2150 1560 2230 1#
2289 2196 3229 2243 Nissen, Lotte Klinder, Jaro Fürth und
2289 2237 3221 2302 Ellen Tietz hervorzuheben. Man sicht: be¬
2292 2285 3224 2348 deutend wie das Stück ist das gesamte Niveau
2286 2329 3234 2387 der Darstellung. — Schnitzlers -Weites Land¬
1767 2346 1865 2413 4
2296 2371 3225 2450 im Residenz-Theater muss man gesehen haben.
1121 2791 1261 2888 30
963 3082 2107 3171 Der grosse Erfolg des Residenz-Theaters: -Das weite Land¬
1312 3135 1757 3182 von Arthur Schnitzler.
1221 3166 2066 3245 TrenePrieschals Genia. Sandan Mot.
1002 3192 2052 3285 Die neuen Toiletten der Triesch sind Modelle des Salons Michaelis.
983 3286 2094 3363 Tragödin, bietet eine hinreissende Leistung. Diese herrliche
972 3341 2096 3408 Schauspielerin u. Sprecherin hat immer nochauf deutscher
978 3380 2092 3448 Bühne nicht ihresgleichen. Ihr Partner Arnold Korff
978 3436 2086 3495 übertrifft sich selbst als Hofreiter. Er zwingt alles in
971 3478 2101 3544 seinen Bann. Es ist erstaunlich, zu welcher überragenden
984 3523 2094 3586 Grösse sich dieser gewaltige Darsteller im Rahmen des
968 3550 2098 3629 hervorragenden Ensembles der Rotter-Bühnen entwickelt
970 3613 2102 3659 hat. So eine Leistung, wie Korff sie als Hotreiter bietet,
974 3656 2096 3700 sah man seit Kainz-Matkowskys Tagen nicht mehr in
973 3697 2083 3757 Berlin. Die Triesch alt Senia und Kortt als Hotreiter
971 3750 2092 3826 sind bleibende Erlehnisse. Die Gesamtdarstellung stcht
975 3797 3198 3898 auch sonst wie immer bei den Rotter-Buhnen auf der Der grosse Erfolg des Residen: Theaters Das weite Land¬
978 3830 2080 3896 Höhe. Heinrich Schroth, Josef Klein, Franz
2395 3864 2837 3916 von Arthur Schnitzler.
979 3876 2089 3959 Schönfeld sind wie stets vollendet. Welche Lähne
2386 3893 3019 3964 PrudWeickerals Erna.
