3392 4352
258 247 1238 373 24. Das weite Land
1367 265 1824 358 box 29/2
354 574 798 657 Ausschnitt aus:
1257 631 1365 739 39
1401 639 1559 746 0
568 652 931 754 78 J00 Wig
370 701 579 759 vom:
399 748 511 801 S
378 862 820 943 lu. —skrfeuull.
981 878 1080 953 AMn
507 912 1577 970 Artur Schnipters jungstes Drama „Das weite
383 972 1568 1027 Land“ soll, wie die „Berliner Morgenpost“ berichtet, an der
384 1019 991 1069 Pariser Comédie Française
989 1010 1572 1079 aufgeführt werden. Herr
386 1059 1573 1120 Le Bargy, der sich kürzere Zeit in Wien aufhielt, ver¬
386 1092 1574 1166 handelt mit Schnitzler wegen der Uebersetzung und der
369 1124 791 1220 Aufführungsrechte.
520 1887 2464 2002 geheiratet haben und heute wieder zusammen die gen Mozarts ein Menuett in eraktester Weise
2468 1963 3308 2025 verständige und Laien aus. Der erste.
529 1968 1007 2035 geldene Hochzeit feiern.
1503 1992 2463 2066 tanzte: die Damen im Biedermayerkostüm,
2466 2010 3314 2087 hiebei war dem Paar Hoppe Oskar¬
1424 2014 1492 2088 #
1509 2040 2460 2114 die Herren teils in historischen Uniformen,
2464 2062 3309 2126 Else, Troppau, der zweite dem hier scho
524 2062 1496 2148 einer stilvollen Einheitlichkeit der äußeren
1498 2091 2468 2174 teils in Biedermayertracht., Über allgemeinen
2465 2114 3311 2190 bewunderten künstlerischen Paar Kosel
524 2131 2457 2218 Eleganz, um für das von Schnitler gewollte Wunsch mußte das Menuett später nochmals
2462 2167 3305 2238 Balusek, Olmütz, beschieden. Das v
530 2171 1498 2255 Milieu die richtige gesel schaftliche Atmosphäre
1509 2191 2457 2263 getanzt werden. Das Vortänzerkomitee bestand
2466 2213 3311 2284 wortliche und schwierige Amt des Schie
523 2228 1489 2310 zu schaffen. Der Hofreiter des Herrn Karl
1505 2245 2455 2309 aus folgenden Damen und Herren: Fräulein
2465 2260 3312 2337 ters oblag dem Eiswart des Olmützer
520 2284 1497 2333 Trimbacher suchte und fand seine Wir¬
1504 2293 2467 2386 Frieda Molitor mit Herrn Oberleutnant
2464 2319 3312 2392 laufvereines und Sportwart des Eislbu
516 2338 1498 2402 kungen vorwiegend durch die Energie des
1505 2348 2455 2406 Baron Mac=Nevin, Frl. Marta Schut¬
2469 2371 3320 2450 kes „Sudetenländer“ Herrn Hubert Op
530 2396 1502 2463 organischen Ausdruckes. Die in ihrer ganzen
1509 2392 2469 2477 terstein, mit Herrn Leutnant Graf
2473 2426 3308 2498 während sich in die gleich mühevolle k
521 2434 1498 2500 Anlage sehr gut fundierte Genia des Frl.
1504 2454 2464 2516 Della Scala, Frl. Else Langer mit
2474 2472 3310 2550 Arbeit des Preisrichteramtes die Herren
532 2476 1494 2550 Grünwald schien mir an den Orten der
1491 2501 2461 2566 Herrn Leutnant Schiffrer, Frl. Marianne
2460 2525 3279 2595 ritz Otto Förster (B.=E.=V.), Rudolf K
524 2547 1494 2607 großen Affekte in den letzten zwei Akten nicht
1496 2551 2471 2621 Kühn mit Herrn Leutnant Kotulski,
2467 2573 3314 2652 (O.=E.=V.), Ing. Erich Bartel (T.
514 2582 1489 2657 ganz zulänglich — vielleicht nur deshalb, weil
1491 2606 2458 2681 Frl. Lily Ambros mit Herrn Tierarzt
2459 2626 3304 2704 Max Schindler (T.=E.=V.), Hans Kischal
520 2636 1494 2695 ich noch die elementaren Schreie der Frau
1501 2644 2463 2733 Turba, Frl. Olga Ambros mit Herrn
2461 2677 2633 2747 E.=V.)
2663 2690 3297 2764 und Rudolf Wenzel (T.=
518 2697 1493 2768 Metternich=Wallentin im Ohre
1493 2711 2448 2778 Leutnant Kloß, Frl. Anna Schöbl mit
2461 2730 2629 2802 teilten.
512 2746 1491 2792 habe. Der Dr. Mauer des Herrn Labatt
1499 2755 2462 2833 Herrn Einjährig=Freiwilligen Weiß, Frl.
2557 2751 3304 2847 (Volkshochschulkurs — V. Vor
511 2803 1483 2859 war trotz seiner hervorlugenden Jugendlichkeit
1495 2804 2455 2875 Margit Varga mit Herrn Leutnant
2461 2830 3269 2889 Heute Abend spricht Herr Dozent Dr.
513 2846 1478 2913 von bestem Eindruck. Der elegante Otto Mein¬
1492 2858 2445 2924 Schmidl, Frl. Frenzi Schwab mit Herrn
2455 2886 3295 2964 mann über „Verwaltung der deutschen S
516 2899 1481 2969 hold des Herrn Götz, der sehr klug erfaßte,
1488 2910 2467 2985 Ingenieur Hoffmann, Frl. Mimi Rei¬
2519 2932 3304 3010 (Das Konzert Burmester) findet
522 2951 1484 3028 wenn auch mit Eierspeisen ein wenig über¬
1490 2978 3275 3038 chert mit Herrn Oberleutnant Sibravagltag, den 18. Febxuar, nachmittags
524 3007 1482 3072 extemporierte Paul Kreindl des Herrn Froon,
1492 3008 2454 3087 Frl. Lotte Weigel mit Herrn Wilheli
2449 3006 3297 3101 im städt. Redoutensaale statt. Vorverkauf
523 3055 1490 3119 der glänzend chargierte Rhon des Herrn Hell
1497 3067 3301 3156 Knauer, Frl. Grete Münster mit Herrh Buch= und Musikalienhandlung Adolph, O
519 3096 1488 3163 mer, dann die Figuren der Frau Alberty,
1488 3106 3093 3174 Leutnant Ritter v. Benigni, Frl. Ritschi Theresiengasse. (Telephon 347.)
515 3158 1492 3231 des Frls. Liebwalt und des Herrn
1493 3168 2450 3242 Scheff mit Herrn Fähnrich Schmid, Frl.
2511 3154 3291 3243 (Aus dem Stadtverordneten-Kolle
513 3203 1477 3275 Paulmann wirkten gleichfalls gut im
1498 3219 2450 3295 Laura Obransky mit Herrn Richard
2455 3191 3300 3296 Die Tagesordnung der heutigen Sitzun
510 3259 1482 3331 Geiste der Dichtung. Herr Paulmann
1483 3276 2452 3334 Mader, Frl. Berta v. Chmekarz mit
2458 3265 3293 3342 Stadtverordneten = Kollegiums ist nachsteh
521 3296 1481 3406 hatte diesmal, besonders im ersten Alte, für
1489 3327 2444 3394 Herrn Leutnant Oktabec, Fräul. Ida
2457 3327 3287 3384 Bericht des Gemeinderates über das
505 3367 1378 3453 die besten Szenen=Effekte Sorge getragen.
1490 3375 2447 3438 Koblitz mit Herrn Johann Rupprecht,
2461 3379 3301 3454 suchen der Gemeinde Neretein betreffen
1494 3429 2446 3499 Frl. Trude Lewith mit Herrn Leutnant
2969 3422 3308 3510 Bericht bezügl“
2461 3430 2897 3500 trische Beleuchtung.
1314 3434 1442 3515 —ch
1484 3480 2451 3546 Voigt und Frl. Hilda Haas mit Herrn
2454 3478 3286 3550 Unterfertigung einer Urkunde. — Berich
1492 3533 2450 3602 Oberleutnant Lernet. Alsbald entwickelte
2453 3536 3281 3601 Gemeindeeates in einer Grundangeleg
2497 3591 3228 3666 Statthalterei=Entscheidungen in
1489 3577 2464 3671 sich ein froben Ralltreiben, das, aufgemuntert
