3392 4320
680 150 814 228 WE
1001 162 1085 228 L.
1391 149 1840 249 box 28/2
275 149 1236 264 24. Das „tenand
606 1295 2979 1363 fördern! Sie fühli sich Mutter. „Ich bin in der Hoffnung, opfern bereit wäre. Frau Medelsky spielt das aus¬
606 1361 1787 1428 Bruno!“ jubelt sie ihm zu, und nach einigem Wider¬
1785 1351 2978 1431 gezeichnet, alles diskret, in Halbtinten, erst zuletzt heftig
1791 1422 2981 1471 ausbrechend, und mit ihrer reifen Kunst hat sie auch diesen
614 1415 1790 1482 streben fügt er sich und läßt diese stärkste Arznei auf sich
611 1462 1792 1529 wirken. Sollte er auch heute oder morgen erliegen, wer
1795 1463 2970 1516 recht gewagten Schluß, wo Ruth so überlaut und phrasenhaft
1792 1497 2970 1572 ihre Mutterschaft verkündet, gerettet. Bruno wird vom Dichter
616 1500 1797 1571 weiß, ob er nicht größer, gesünder, herrlicher in seinem
1791 1552 2972 1616 als „prachtvoller Kerl“ etikettiert und so war Herr
611 1546 1795 1617 Sohne erstehen wird. „Hoffe, du Wunderherz, hoffe! Von
1782 1610 2969 1663 [Reimers vorbestimmt für die Rolle. Er spielt sie mit
605 1603 1786 1652 einem reinen Weibe kann ein Messias kommen!" Mit
609 1638 1784 1707 diesem des Psalmisten würdigen Ausruf, der im Munde
1788 1644 2963 1711 untadeliger Meisterschaft. Die Aufgabe gehört nicht zu den
1782 1685 2963 1761 leichten. Der prachtvolle Kerl ist im Grunde ein
603 1693 1784 1752 des verbummelten Musikanten ein wenig befremdet, schließt
1783 1736 2965 1803 unappetitlicher Bursche, der sich unaufhörlich Alkohol in
604 1758 1779 1811 die Tragikomödie. Der Schlußakkord ist fürwahr zu feierlich
1782 1804 2957 1852 die Gurgel schütten muß. So viel wurde noch in keinem
599 1788 1774 1858 nach all der Lustigkeit und Ausgelassenheit, die an uns
1778 1831 2959 1893 Stück getrunken. Kein Akt ohne Flüssigkeit. Bier, Mosel,
608 1837 1780 1911 vorbeigeschwirrt. Die überaus eintönige, dürftige Handlung
2443 1884 2961 1951 dann freilich, o quae
1777 1881 2434 1954 Rotspohn, Cognac, Pomery,
608 1891 1774 1953 bringt ja durch sich selbst keinen sonderlich stürmischen
1777 1921 2964 1998 mutatio rerum, Limonade, das fließt und flutet
600 1933 1772 1998 Rhythmus hervor, doch von außen her wird ihr mit allen
1771 1981 2949 2044 ineinemfort durcheinander, und es ist eine Freude,
601 1986 1779 2040 verfügbaren Theatermitteln viel bunte Unruhe zugetragen.
599 2026 1772 2094 Neben dem Hochdeutschen klingen nicht weniger als zwei
1777 2020 2955 2088 zu sehen, mit welch sicherem Geschmack der Künstler
1771 2062 2955 2141 sein Schifflein durch dieses Meer von Alkohol steuert,
593 2074 1774 2139 bis drei Dialekte durch das Stück, es gibt Kneipszenen,
1775 2128 2953 2183 den Klippen rechts und links ausweicht, dem verkommenen
583 2127 1779 2193 es gibt drollige Familienszenen, man hört Musik für
1775 2153 2959 2224 Boheme seine Liebenswürdigkeit, seinen überlegenen
602 2175 1771 2222 Violine und Klavier, und mitten in den wehmutsvollen
1785 2222 2954 2274 Humor, seinen Menschenwert zu wahren weiß. Man kann
600 2206 1787 2291 Abschied Ruths, ihren „Ehebruch“, wie sie es nennt, kommt
1777 2263 2955 2325 nicht naturlicher spielen, und dieses Spiel entlehnt nicht
595 2269 1761 2334 gar die Parodie einer Bauernkomödie hereingepoltert,
1774 2301 2949 2374 eine Nuance von der jetzt so beliebten importierten
583 2307 1772 2379 kriegen wir die grobschlächtigen Auseinandersetzungen
1774 2357 2952 2418 Natürlichkeit, bleibt urwüchsige Burgtheaterkunst. Fräulein
592 2357 1770 2430 zwischen dem Pratzenbauer und der Leberfleckerltoni zum
1768 2402 2949 2478 Hofteufel als Steffi trifft sehr gut die fröhliche Ge¬
591 2401 1766 2470 Verkosten. Auf manchen dürste dieser abgeschmackte mund¬
1769 2450 2956 2526 meinheit, die naive Herzlosigkeit dieser Person, und da
601 2456 1770 2515 artliche Exzeß als häßlicher Farbenfleck wirken, doch eine
1777 2501 2949 2568 sie das Wiener Naschmarktidiom beherrscht, kommt das
595 2506 1776 2551 Tragikomödie verträgt ohne Zweisel so grelle Kontraste.
1776 2552 2951 2614 unverschämt Hübsche, wie es der Dichter sich wünscht,
597 2548 1769 2616 Unter dieser Schutzmarke kann man ja das Gegensätzlichste
1772 2594 2950 2658 drastisch zum Ausdruck. Von den vielen Episodenfiguren
591 2604 1761 2664 vereinen, Sinn und Unsinn verschwistern und gerät über¬
593 2650 1759 2731 dies auf bequeme Art in den Geruch profunder Lebens¬
1770 2648 2956 2704 seien wenigstens Herrn Thimigs gemütvoller Doktor
583 2691 813 2759 weisheit.
1770 2698 2945 2763 Siebelius und der köstliche Theateragent des Herrn
672 2713 1762 2810 Das Stück wimmelt von episodischen Figuren, enthält
1767 2737 2951 2801 Arndt erwähnt. Auch Herrn Korff möchten wir nicht
574 2770 1760 2858 jedoch nur wenige gründlicher ausgeführte Charaktere,
1768 2790 2920 2849 vergessen, obwohl er diesmal bloß durch Entsagung sich
575 2838 1767 2920 darunter vor allem das seltsame Liebespaar Ruth und
1755 2827 2939 2898 auszeichnet. Er spielt einen Kellner, der kaum zehn Worte
584 2879 1762 2955 Bruno. Ruths Wege, so modern im Anfang, münden
1765 2890 2947 2966 zu sagen hat, und huldigt so in stiller Weise der alten
572 2924 1756 3008 bald in die alte Schule. Aus dem selbständigen Mädchen,
1762 2947 2939 2997 Haustradition, nach welcher die größten Künstler willig
569 2978 1758 3047 das eigenhändig sein Glück schmiedet, wird eine Frau,
1760 2978 2955 3066 die kleinsten Rollen übernehmen, wenn die Gelamtwirkung
2779 3033 2883 3116 #
563 3034 2251 3102 welche den letzten Rest von Versönlichkei Direr Liebe zu dadurch gefördert wird.
2666 3051 2853 3142 S
