3344 4352
1355 123 1785 226 box 28/2
994 132 1144 202 an
248 125 1206 249 24. Das weite
496 1255 1500 1342 Die Agenzia Stefani meldet aus Tripolis vom
1503 1377 3322 1457 schwinden zu fühlen? Diese Frage hat Schnitzler hier selbst diesen Mangel: dadurch läßt erk
141 1382 1489 1451 eines Dramas. Schnitzler bisher nicht zu Gebote gestanden. Auf das
2547 1424 3322 1511 sich manchmal ironisch über den Held
450 1440 1490 1507 schärfste individualisiert erscheinen die einzelnen Figuren,
133 1442 445 1510 deckten Ehebruch
1509 1437 2554 1508 gestellt und zu beantworten gesucht. Friedrich ist
461 1489 1498 1553 von den brillanten Chargen aufsteigend zu den fein
1507 1485 3313 1562 Anatol gewesen, er ist es im Kern seines Wesens manchmal ihn furchtbar schwer zu neh
129 1494 448 1558 uhig, wenn auch
2543 1535 3297 1607 erst recht Unruhe hervorgerufen wird,
438 1538 1499 1622 kontrastierten Frauenfiguren, der in ihrer äußeren Ruhe so
129 1543 446 1610 seine innere Er¬
1506 1536 2549 1608 geblieben, er hat sich entwickelt, aber nicht verändert.
2555 1584 3301 1656 Schurkerei zu überladen; muß er doch
456 1588 1498 1654 ausdrucksvollen, tiefbeseelten Frau Genia und der resoluten,
130 1588 442 1657 hr, um nicht so
1498 1580 2548 1673 So viel Ibsensches in der Gestalt liegt, gerade die
2545 1630 3315 1709 Freund zu dem von ihm entweihten Mä
456 1639 1505 1704 selbständigen kleinen Erna. Jene Gesellschaft, die sich
1513 1637 2543 1706 Hauptsache, das Gesetz der Umwandlung, existiert für
133 1641 452 1711 als Dummkopf
2549 1684 3316 1745 suchen! Schnitzler möchte ihn vertiefen,
457 1687 1502 1754 im Helenental ansiedelt, ist nicht nur meisterhaft in
1506 1682 2551 1774 sie nicht — und darin liegt ei rseits ihre Eigenart,
137 1694 447 1765 ngen Burschen
2554 1734 3309 1803 sagen läßt: „So einfach ist das nicht.
470 1741 1494 1803 ihren einzelnen Vertretern getroffen, es gelingt auch
1503 1740 2545 1798 andererseits ihr Mangel. Nichts bezeichnender, als wie
152 1744 456 1816 wie er ihn
2552 1782 3312 1856 in mich kannst du nicht. Kann keiner.“
469 1796 1493 1848 Schnitzler, ihren Dialog von wienerisch=mondäner
1502 1786 2550 1867 dieser reife Mann vom Leben spricht. „Wenn man
283 1795 458 1859 nieder.
179 1795 293 1860 ihn
2562 1837 3293 1903 der Zuschauer nicht abspeisen: er darf f
133 1839 1504 1919 Jugend reizt ihn Grundlage aus geistig zu veredeln und zu vertiefen
1510 1840 2552 1911 Zeit hat und in der Laune ist, so baut man Fabriken,
2550 1894 3314 1954 zuschauen, und der Dichter hat die Auf
152 1892 1495 1952 das hätte der und mit höchster Kunst, die er Ibsen abgelauscht,
1506 1909 2551 1961 erobert Länder, schreibt Sinfonien, aber glaub mir,
2559 1942 3318 2006 Glas zu stellen. So fordert das neueste A
457 1940 1505 2007 hinter den harmlosen Worten Gedanken und Gefühle
1506 1952 2520 2009 das alles ist Nebensache, die Hauptsache seid ihr! —
160 1943 461 2010 ssen — daß er
2563 1985 3319 2056 zu Widersprüchen heraus, die aber ger
462 1990 1509 2065 vernehmbar werden zu lassen, wenn auch nicht dur
1566 1983 2554 2050 14 So spricht er zu der Frau, während er von
136 1993 453 2062 um sie kämpfen
2561 2037 3197 2109 beweisen, wie anregend es wirkt.
464 2033 1490 2101 wegs mit vollster Klarheit und Deutlichkeit, die an
1515 2040 2542 2101 er Frau sagt: „Wir vergessen immer wieder,
121 2041 459 2110 körder tritt er in
2589 2079 3310 2156 Ein etwas verschlepptes Tempo verm
471 2086 2554 2148 in der Handlung sich manchmal vermissen las# #äß es im Leben jeder Frau, auch wenn
125 2092 473 2168 noch der Mutter
2559 2141 3313 2200 gezeichnete Leistung der Thimigschen R
123 2147 1520 2204 kundschaftlich die Doch gerade durch diesen dünnen Schlei..
1519 2142 2541 2201 ie Liebhaber hat, eine Menge Stunden gibt,
464 2181 1475 2249 den er überwirft, verlieren Vorgänge und Worte in
2550 2198 3322 2258 treffliche Darstellung nicht zu beeintr
1527 2196 2549 2248 ## denen sie an andere Dinge zu denken hat als an
129 2197 477 2261 Tat scheidet ihn
2555 2234 3307 2299 vielen kleinen Rollen waren in den h
464 2242 1509 2314 Brutalität, die sonst manche Szene und manchen
1513 2233 2555 2301 die Liebe.“ Und im Leben des Mannes? Welch ver¬
130 2246 464 2311 erbietet, mit ihm
2550 2282 3309 2352 das Ehepaar Natter (Herr Heine und
473 2290 1507 2344 Dialog unerträglich machen würde, und auf das
1510 2294 2545 2358 kehrte Welt! Aber bis heute immer wieder die Welt
130 2292 462 2360 n seinem Kinde
2552 2335 3296 2407 die gutpointierende Frau Wahl (Frau
476 2336 1511 2397 klügste ist Humor und Ernst, Spiel und Wirklichkeit
1509 2351 2541 2405 Artur Schnitzlers. Fast wie ein Protest klingen solche
136 2342 468 2413 eben nach Hause
2557 2386 3309 2455 der philosophierende Hoteldirektor (Herr
466 2390 1511 2452 gegeneinander abgewogen, daß sie sich nicht aufheben,
132 2395 469 2459 Der Dichter hat
1508 2387 2540 2453 Worte gegen einen schaffenden Solneß oder Rubek,
2555 2435 3323 2509 der arme junge Liebhaber (Herr Ger
471 2444 1505 2499 sondern wohltuend ergänzen. Nur eine so vollendete,
1517 2444 2552 2505 einen welterobernden Herodes — und wie man diese
113 2446 471 2521 rkes Fragezeichen
471 2488 1500 2551 bis ins kleinste durchgebildete Kunst vermochte es,
2551 2491 3318 2554 refignierende Freier Ernas (Herr Pa
1515 2491 2545 2554 Gestalten heraufbeschwört, wird Schnitzlers Wiener
126 2497 461 2561 er erwartet hätte,
476 2538 1508 2614 dieses Stoffes Herr zu werden. Man bewundert sie
2554 2539 3303 2616 hervorgehoben, nicht zu vergessen der kö
1505 2546 2542 2609 Erotiker unendlich klein, unendlich klein auch die
139 2548 461 2624 Hochzeitskarmen.
542 2586 1510 2663 aber der wahrhaft innere Anteil an Menschen und
2562 2587 3311 2645 die Herr Thimig als Portier ste
1517 2599 2549 2668 Tragik seines Schicksals. Einst Liebelei, jetzt Ehelei.
125 2598 480 2661 erend, in ihrem
474 2631 1514 2690 Situationen will sich nicht einstellen, die Tragik wirkt
1557 2641 3307 2714 Das ist das Um und Auf, aus dem wir sehn= Tennis=Jünglings (Herr Höbling),
120 2645 470 2715 elehen der Natter
483 2683 1507 2753 peinigend und die Komik nicht erlösend. Man widerstrebt
2557 2688 3314 2759 Vergnügen einmal loben. Ob der ganze
1517 2686 2554 2759 süchtig hinausbegehren. Uns möchte Leben und
109 2696 470 2763 seinandersetzungen
475 2743 1499 2798 diesem Schicksale, zu dessen Zeugen man aufgerufen wird.
2562 2744 3295 2804 Ton dieses Zirkels nicht etwas zu n
1510 2747 2555 2806 Tod doch mehr bedeuten als die Nadel, die das
125 2749 465 2815 en und Motivchen,
475 2784 1505 2852 Und dieser Widerstand konzentriert sich immer wieder auf
2562 2798 3313 2855 war, wäre noch zu erwägen. Jedenfalls
1517 2797 2565 2860 Brusttuch eines Weibes zusammenhält. Damit, daß
119 2799 477 2863 ptszenen mit ziel¬
483 2833 1515 2898 die Hauptperson des Stückes, auf Friedrich Hofreiter.
2554 2840 3316 2910 nehmheit, die Frl. Marbergs G
1508 2842 2555 2902 ein gelöstes Schürzenband den Helden beseligt oder
116 2846 466 2914 wähnte dritte Akt
110 2894 1502 2983 den letzten Szenen Der alternde Anatol — wie gestaltet sich sein Ver¬
1516 2891 3294 2958 vernichtet, fehlt die Perspektive ins Große und die Gebärde zur Schau trug, fast zu stark
131 2936 1510 3028 Kraft, wie sie hältnis zu den Frauen, wie trägt er es, die Jugend
1510 2934 3308 3015 tragische Erschütterung. Unbewußt fühlt der Dichter Künstlerin hatte einen wunderschön
