3392 4608
1343 119 1786 226 box 28/4
641 157 688 215 U
217 148 1190 249 24. Das seite band
731 1418 2858 1515 Liede ist nicht wie eine Milnihe, die veklichen mutht verbet — harunter auch am Gher Pater fühst. und
735 1504 2823 1569 wie jede andere um der Frucht willen, die sie trägt. schließlich, stirbt sie ein wenig umständlich, ein wenig
858 1547 2828 1607 Die Aufführung war bei Brahm, wie selbst=pompös. Aber Frau Tilla Durieux, die von Rein¬
738 1585 1774 1649 verständlich, vom liebevollsten Verständniß getragen
1779 1594 2818 1644 hardt zu Meinhard gegangen ist, hat eine glänzende
733 1644 1782 1702 und in einen reichen, geschmackvollen Rahmen gestellt.
1781 1641 2815 1707 Rolle, solange sie in ungetrübter Gesundheit lieben
748 1696 1787 1744 Das Ensemble hielt die Faust dieses unscheinbaren
1782 1690 2818 1768 und liebeln durfte, aber sterben hätte sie nicht sollen,
738 1738 2055 1819 Männchens eisern zusammen, schauspielerische Indivi=sterben nicht.
754 1791 1785 1856 duglitäten konnte er sich freilich nicht auf der flachen
1886 1769 2822 1866 Die Herren Arno Holz und Oskar Jerschke,
749 1843 1779 1896 Hand wachsen lassen. Der schwierigsten Rolle des
1788 1847 2819 1917 die erfolgreichen Autoren des „Traumulus“, hatten
750 1889 1783 1944 Stückes, der Frau Hofreiter, kam die faszinirende
1780 1900 2816 1967 ihrerseits die Stätte ihres domaligen Triumphes
751 1936 1792 2011 Intelligenz der Irene Triesch sehr glücklich zu Hilfe.
1781 1951 2814 2009 verlassen und ihre neue Komödie dem „Neuen Schau¬
749 1989 1774 2036 Aber Heinz Mounard als Hofreiter war weder dem
1780 1992 2813 2057 spielhaus“ unter Direktor Halm anvertraut. Sie
741 2036 1782 2100 Wienerischen noch dem Chaotischen gewachsen. Auch
1780 2038 2818 2095 heißt „Zusel“ und gehört dem jetzt so beliebten
746 2087 2815 2153 Hilde Herterich übte als Erna nicht die erhoffte Wir= Genre der tollen romantisch=satirischen Verbrecher¬
748 2135 1784 2199 kung aus. Glänzend in ihren kleinen Rollen waren
1784 2149 2820 2213 und Abenteurergeschichten an. Die kühnen Thaten
756 2177 1342 2255 Stieler, Reichert und Forest.
1775 2186 2824 2263 des Herrn Zusel, der nach seiner Henkersmahlzeit
861 2212 1784 2299 Das Theater in der Königgrätzerstraße, das
1781 2236 2825 2312 halb Europa zum Narren hält, zeigen zwar nicht
750 2266 1772 2340 früher einmal den stolzen Namen Hebbel=Theater
1781 2290 2833 2360 ganz den unwiderstehlichen Uebermuth, von dem sich
743 2346 1774 2403 führte, hat unter der neuen Direktion der Herren
1793 2340 2821 2407 die beiden Autoren dabei erfüllt glaubten, aber sie
752 2393 2827 2456 Meinhard und Bernauer aus der Charlottenstraße ein sind immerhin flott und lustig genug hingeworfen,
753 2436 2832 2482 Stück gebracht, in dem ein literarischer Name sich auf um den Schauspielern wie dem Publikum ein paar
744 2483 2829 2551 allerlei historisch=romantische Abwege begibt. Max Akte lang Spaß zu bereiten, wozu die zahlreichen
749 2536 2828 2604 Dauthendey's „Die Spielereien einer Kaiserin“ be= satirischen Spitzen gegen hochgestelltes Liebesleben
751 2584 1782 2642 schäftigen sich unter diesem etwas affektirten Titel mit
1785 2592 2823 2651 und dergleichen nicht wenig beitragen. Wenn die
753 2633 1783 2689 den einzelnen Episoden des bewegten Liebeslebens der
1777 2633 2827 2708 Autoren bereits als befugte Satiriker beim Pu¬
743 2675 2830 2743 großen Kaiserin Katharina von Rußland. Hier kämpft blikum legitimirt gewesen wären, wäre dieses noch
753 2732 1773 2795 ein Dichter ersichtlich mit der Sensation eines Stoffes,
1790 2739 2826 2800 williger mitgegangen. Just bis auf die Hauptrolle
741 2781 1774 2833 der, um bühnenwirksam zu sein, einen Former von
1788 2788 2830 2851 war die Darstellung eine recht gute. Einen genialen
748 2833 1783 2880 weniger empfindlichem Gewissen verlangt. Man merkt
1793 2824 2813 2890 Naturburschen, auf den sich die Autoren hier kapri¬
751 2884 1774 2939 deutlich, wie der Stoff den Lyriker Dauthendey zwingt,
1788 2885 2824 2956 ziren, hat eben nicht jedes Theater. Wenn Berlink
753 2930 1786 2999 fortwährend athletische Konzessionen zu machen, deren
1788 2937 2817 3018 einen hätte, wäre er an sämmtlichen Theatern zu
748 2984 1781 3043 er sich schon schämt, während er noch mit ihnen be¬
1791 2981 2100 3063 gleich engagirt.
740 3021 1787 3081 schäftigt ist. Die Kaiserin Katharina liebt sich hier bis
2441 3020 2775 3106 Karl Haller.
741 3081 1787 3141 zu ihrem Tode an zahlreichen mehr oder weniger in¬
741 3117 1806 3210 teressanten durch sie historisch gewordenen Männern
