3344 4352
564 178 688 236 à S
725 177 831 237 we
1019 172 1134 237 La
307 178 1266 275 Z4.
1420 170 1869 258 box 29/4
1943 451 2035 500 der
1958 538 2029 583 er
1944 577 2015 629 #it
1948 763 2039 850 u.
2091 178 3164 239 Wiederaufführung von Schnitzlers „Das
2429 239 2792 315 weite Land“.
2307 299 2940 367 In der Neuen Wiener Bühne.
2111 351 3185 425 Wie aus weiter Ferne kommt dieses Stück zurück, als
2050 408 3201 464 wäre es lange in der Verbannung gewesen. Wir vernehmen er¬
2045 449 3197 513 staunt und weich Musik eines anderen Lebens, das uns erloschen
2037 491 3197 538 ist. Einmal war Schntler jung und Wien — ein weites Land.
2043 536 3192 595 Wit erinnern uns. Ein Fetzen von Melodie hängt noch heute
2038 586 3193 638 manchen Wiener Menschen an. Damals klang das Dichterwort
2048 619 3188 678 von der Seele fein: Weites Land. Es war ein Seufzer der
2052 658 3193 722 Empfindsamkeit, nicht mehr. Ein in die Stimmungsjeligkeit
2050 702 3194 757 eines wundervoll abgetönien Herbstabends hingehauchtes Wort.
2045 741 3202 790 In der Wiener Seelenlankschaft gab es immer so weißwollige
2038 783 3190 843 Lämmerwölkchen schmerzsüßer Verliebtheit. Das Dasein boi
2036 826 3199 887 Komfort und Muße. Man mochte in unzähligen Nischen des
2038 867 3199 927 Behagens am liebsten die kleinen Dinge genießerisch durch die
2039 910 3205 976 Finger gehen lassen, fand Lust, mit ihnen zu zärteln und gab
2042 953 3198 1016 ihnen graziösen Schmiß auf den Weg, etwas von der Musik,
2031 992 3197 1038 die Wien ausströmte. Elegante Ironie war das erklärte geistige
2032 1040 3200 1076 Kunstgewerbe der Gesellschaft. Sie war durchaus nicht ab¬
2043 1087 3199 1126 gründig. Auch dem Leichtjuß Anarot wurde nur ein wenig
2029 1124 3199 1179 Gedankenmüdigkeit ins Gesicht geschminkt, wenn er seine „Frag¬
2027 1170 3186 1216 an das Schicksal“ stellte, zu einem „Abschiedssouper“ mußte
2030 1213 3187 1249 oder „Weihnachtseinkäuse“ machte. In den Weinbezirken Grin¬
2031 1251 3197 1314 zing, Sievering, Dornbach ging indessen die Liebelei um. Ja,
2032 1296 3195 1348 im weiten Wiener Land lebten Reiz und Duft des Wiener¬
2027 1346 3195 1399 waldes, auch Baden, das sublimierte Wien. Der oberste Regen¬
2034 1381 3194 1446 nannte sich Stimmung. Wir erinnern uns: Aeltere Wiener
2026 1413 2773 1476 hatten sie als Parfüm im Taschenluch.
2107 1447 3195 1511 Graue Schwaden von Ewigkeiten haben sich seither vor die
2028 1490 3192 1559 Schnitzler=Zeit gelegt. Das Tennisspiel mit der Liebe ist längst
2037 1548 3192 1608 nicht mehr gewohnte Tagesbeschäftigung des Wieners. Das
2038 1583 3184 1652 Stück steht jetzt in frostiger Zeit und in scharfer Luft. Die Frage
2039 1633 3186 1679 meldet sich: Hat es denn wirklich jemals Schnitzler=Menschen
2036 1673 3195 1723 gegeben? Das süße Mädel zum Veispiel oder den Hofreiter und
2036 1714 3190 1758 die Erna im „Weiten Land“? Gab es wenigstens ein Schnitzler¬
2024 1754 3191 1800 Cottage, einen kleinen Bezirk, wo ein ganz besonderes Wiener¬
2033 1797 3186 1864 tum rings um die Stadt herum lebte? Die Frage ist müßig.
2021 1829 3190 1901 Sicher haben seine Menschen Wiener Gesichter, tausend Züge
2022 1873 3191 1944 der Echtheit. Die Rhythmik ihres Wesens ist wienerisch. Artur
2027 1921 3189 1991 Schnitzler war mit dem größten Teil seines Schaffens, zu dem
2034 1970 3188 2025 auch „Das weite Land“ gehört, der Dichter einer Epoche ver¬
2033 2005 3184 2072 feinerter Gesellschaftlichkeit, mit ihren allerliebsten Unnützig¬
2025 2045 3184 2094 keiten, ästhetischen Uebertreibungen und ihrer dekatenten Philo¬
2030 2086 3180 2137 sophie, aber auch der berückenden Musik ihrer Leichtigkeit. Die
2021 2137 3186 2183 Authentizität der Schnitzler=Menschen wird angezweifelt. Aber
2017 2184 3185 2241 es genügt: sie hätten so sein können. Es ist vielleicht nur ge¬
2027 2219 3186 2277 träumtes Wienertum, aber es ist ein dichterisch erhöhtes. Das
2030 2259 3123 2320 gilt besonders von den Schnitzier=Schichsalen seiner Menschen.
2107 2313 3189 2368 „Das weite Land“ ist noch aus der Zeit, da Beschaulichkeit
2016 2344 3180 2413 an sich ein Genuß gewesen ist. Man hat ehedem behauptet, daß
2031 2385 3192 2451 das Personal des Stückes durchaus aus Schlüsselfiguren bestehe:
2021 2432 3175 2482 Hofreiter, seine Gattin, Dr. Maurer und der Bankier Ratter,
2018 2464 3177 2522 der Portier Rosenstock, dessen Vorbild in einem Semmeringhotel
2022 2517 3185 2564 zu suchen sei. Mag sein. Heute gibt es die Hofreiters wohl nicht
2017 2555 3186 2619 mehr. Ueber den Prospekt des weiten Landes düstern andere
2019 2595 3177 2664 Konflikté hin. Das Tennis des Lebens ist aus. Aber es ist ein
2026 2645 3181 2708 wehmütiges Vergnügen, auf der Bühne verschollene Begeben¬
2016 2679 3183 2746 heiten agieren zu sehen, von denen wir noch einen Schein des
2014 2721 3183 2774 Erlebten in der Erinnerung tragen. Wir schauen dieses elegante
2021 2763 3178 2814 Drama, das in seidene Kultur gebettet ist, delikat tragisch und
2017 2803 3173 2862 parfümierten Geistes, wie es geruhsam weiterzieht, Akt um Akt,
2010 2847 3176 2900 bei jeder hübschen Wendung stehen bleibt, sich nie tummelt, es
2023 2901 3175 2964 nie eilig hat, und nur von Verliebtheiten und Genießen zu
2018 2938 3176 3002 melden weiß, und vom verdrossenen Altwerden, weil man es noch
2017 2986 3166 3055 einmal so gut haben möchte, nein, besser. War darum wirklich
2012 3024 2665 3073 einmal die Seele ein weites Land?
2092 3069 3169 3133 Die Neue Wiener Bühne hat das Stück mit großem Fleiß
2017 3104 3174 3180 herausgebracht. Sie stellte auf die Szene, was sich an tüchtigen
2018 3148 3173 3218 Schauspielern auftreiben ließ. Der Antrieb war Korff. Sein
2010 3195 3123 3265 Hofreiter war schon im Burgtheater eine glänzende Leistung, S
2016 3232 3146 3294 ist es geblieben. Er hat seine federnde Elastizität beibehalten. Er
2009 3278 3162 3340 ist eine famose Schnitzler=Figur, die beste des Abends, vielleicht
2004 3327 3164 3376 mehr Schauspieler als Glühlichtfabrikant, aber gerade
2013 3357 3162 3427 darum schnitzlerisch. Eine sehenswerte Leistung. Frau Maria
2015 3405 3168 3469 Karsten war Genia, eine beseelte, vornehme Darstellerin,
2018 3444 3172 3520 intelligent, reich an Ausdrucksmitteln, schlechtweg vortrefflich.
2001 3493 3164 3552 Bloß gar nicht wienerisch; norddeutsch. Schnitzler=Stücke aber
2007 3538 3166 3585 müssen wienerisch gespielt werden. Frau Karsten ist eine aus¬
2002 3577 3161 3625 gezeichnete Schauspielerin. Sie sagt aber beispielsweise in einem
2001 3615 3153 3677 Schnitzler=Stück auf einem Wiener Theater: Billjard. Wenn
2009 3665 3160 3725 ein Versatzstück herabsiele, es wäre nicht schlimmer. Ueberhaupt
2009 3705 3154 3770 treffen die Schauspieler, mit ganz geringen Ausnahmen, nicht
2006 3748 3135 3810 mehr den Wiener Ton. Sie sprechen geschraubt. So Herr
1999 3789 3152 3846 Uiberacker als Dr. Maurer, diese Urwiener Figur. Trotzdem,
2006 3834 3152 3884 es gab ganz achtbare Leistungen, zum Beispiel der Frau Emmy
1997 3869 3150 3928 Förster, des Herrn Jens Friedrich. Der Otto des Herrn
2006 3915 3146 3971 Smytt war anmutiger Kindermund. Es gab Stimmung im
1998 3961 3145 4013 Haus, die Stimmung einer verflossenen, unvergeßlichen Wiener
2005 3984 2109 4064 Zeit.
2756 4009 3125 4081 Emil Kläger.
2178 4088 2942 4153 Theater= und Kunstnachrichten.
3228 186 3343 250 statt;
3216 239 3351 332 Jose
3222 319 3338 369 in „T
3214 361 3340 417 von M
3219 400 3331 455 auch
3226 444 3352 495 eröffne
3222 483 3345 536 „Ther
3211 526 3350 582 begonn
3212 605 3351 668 die Pr
3216 652 3328 707 der
3212 696 3343 751 den H
3222 738 3342 797 gende:
3222 777 3349 831 Stanfe
3215 818 3340 875 Mauth
3213 864 3349 919 Beginn
3209 904 3341 964 griffen
3208 984 3336 1038 der K
3204 1072 3350 1141 Thea
3213 1194 3339 1258 7 Uhr
3220 1240 3340 1298 führen
3211 1286 3337 1344 Klavie
3217 1362 3349 1424 findet
3207 1412 3341 1467 Abends
3218 1455 3349 1507 Karten
3210 1530 3351 1592 vereins
3203 1624 3344 1680 an der
3209 1685 3333 1759 saal,
3209 1748 3324 1798 meiste
3211 1785 3336 1842 (Orgel)
3195 1830 3327 1882 Konze
3201 1872 3349 1934 markt
3214 1945 3352 2013 vereins
3199 1995 3350 2048 Trude
3204 2040 3349 2095 vereins
3206 2113 3338 2187 kleiner
3206 2199 3348 2263 schon b
3203 2244 3349 2301 das für
3209 2290 3348 2339 saale a
3208 2329 3341 2394 Laufe d
3206 2376 3349 2424 wird a
3197 2413 3342 2481 dem Ba
3198 2494 3341 2558 Konzer
3209 2540 3325 2595 nicht
3207 2584 3350 2638 werden
3202 2626 3324 2678 statt.
3196 2665 3350 2731 Mozart
3197 2743 3349 2812 zirk, G
3203 2797 3340 2852 jährigen
3203 2839 3340 2895 Veranst
3202 2882 3350 2937 Konz
3189 2922 3349 2977 Resse
3185 2965 3336 3017 baum.
3184 3005 3349 3060 Nevue
3195 3048 3349 3112 cissimus
3198 3125 3349 3185 Sonaten
3197 3175 3339 3230 folgende
3184 3219 3349 3270 Sonate
3184 3258 3336 3313 der „S
3181 3333 3339 3399 Konzertl
3178 3384 3349 3438 Tänze:
3177 3426 3339 3484 Kosaken
3180 3472 3337 3522 mann,
3182 3510 3349 3569 Karten
3183 3554 3315 3616 haus.
3175 3627 3343 3689 vollständ
3171 3678 3350 3744 die Konz
3170 3711 3338 3773 pflichtet,
3173 3760 3348 3820 Konzerth
3168 3802 3349 3860 verkehr.
3209 3883 3266 3931 K
3261 3884 3345 3940 gro
3174 3922 3350 3982 Spieles
3176 3970 3341 4036 diesjährig
3177 4014 3333 4065 In der
3174 4054 3341 4105 Nikolaus
3179 4092 3341 4149 Geschenke
