3436 4256
329 55 1294 187 24. Das veite Land
1452 76 1913 177 box 29/3
412 548 1541 717 Ausschnitt aus: Graser Tagblatt, Gras
414 650 932 743 vom: 170N. 1975
1026 672 1372 770 Abendblatt
989 742 1081 808 —
1625 755 2119 865 I Winzel Tugstan
1593 807 1638 848 —
2716 784 3255 901 Tonasaapiie. Sete
1381 839 2375 917 Einzelmenschen zeichnet. Auch Grete Imle als
470 805 1305 948 Theater und Kunst.
2390 862 3412 970 Handeln Naturnotwendigkeit ist, und hiemit war
1374 895 2376 979 Genia stand nicht an ihrem Platz. Auch ihrer
2393 917 3170 1001 ihnen die Bühnenwirkung genommen.
1380 955 2383 1018 Wiedergabe dieser komplizierten Frauennatur
624 928 1114 1027 Schauspielhaus.
2446 969 3404 1067 Der teilweise Erfolg des Abends lag in den
1376 991 2379 1071 merkte man viel liebe= und verständnisvolle
366 1007 1374 1093 „Das weite Land.“ Tragikomödte in fünf
2383 1001 3390 1089 fast durchwegs sehr günstig besetzten Nebenrollen.
1375 1039 2375 1120 Arbeit an, und manche Einzelheit trat in voller,
351 1053 1372 1152 Akten von Artur SchnitzlerExsgufführung
2382 1069 3393 1150 In erster Reihe ist Ferdinand Maierhofers
1372 1092 2380 1160 ungetrübter Schönheit hervor; aber sie ist die ge¬
657 1099 1075 1181 an 16. Jusi 1915.
2391 1117 3401 1208 Natter zu nennen, eine geradewegs aus dem Leben
1373 1133 2371 1221 borene Naiv=Sentimentale und infolgedessen keine
2381 1164 3384 1236 auf die Bühne gestellte urechte Charakterfigur.
425 1160 1375 1261 Es gibt gewisse Komödien, deren günstiges
1379 1185 2369 1267 Genia, sie muß, gleich Annalise Wagner, streng in
2387 1211 3400 1303 Ebenso war die Anna Meinhold=Aigner durch
352 1226 1366 1298 Geschick mit einem einzigen Namen steht und
1372 1242 2373 1310 ihrem Fach bleiben und vor allem solche Rollen
2378 1254 3393 1333 Else Godeck wundervoll gezeichnet; Fritz Groß¬
353 1261 1363 1352 fällt. Für das „Weite Land“ war, wie auch Harry
1381 1288 2378 1344 wählen, die keine großen Gefühlsausbrüche er¬
2378 1302 3392 1396 mann (Dr. v. Aigner), Hans Kainz (Otto
340 1304 1367 1399 Waldens Versuch bekräftigt hat, Artur Korff dieser
1382 1330 2380 1410 fordern; sie war als Lenchen im „Glück im Winkel“
2368 1347 3389 1441 v. Aigner), Kurt Labatt (Paul Kreindl), Hans
344 1367 1370 1443 einzige. Es kann eben bloß einen Friedrich
1370 1389 2370 1461 vorbildlich, sie wird es wieder als Klärchen in
2377 1406 3387 1498 v. Pindo (Albertus Rhon), Flora v. Schweick¬
339 1406 1356 1488 Hofreiter geben, jedes auch nur um ein Geringes
1374 1428 2374 1514 „Sodoms Ende“ sein, und alle Verwandten dieser
2373 1453 3391 1540 hardt (Frau Wahl) und Anna Schrötter
344 1465 1354 1542 abweichende, vom Darsteller dem eigenen Ich ein¬
1375 1481 3384 1587 beiden Mädchengestalten vom Hannele bis zu der (Adele Natter) lieferten mit den wenigen ihnen
347 1506 1352 1599 geräumte Zugeständnis verwirrt nicht bloß die
1373 1531 3380 1640 Ottegebe im „Armen Heinrich“ und der Hedwig zur Verfügung stehenden Strichen vortreffliche
346 1560 1358 1647 wueberbar fein gezogenen Linien dieses Urwiener
1364 1581 3384 1690 in der „Wildente“ sind ihr Reich, das sie nicht ohne Typen und Oskar Veraun holte aus der un¬
300 1601 1351 1679 L=Charakters, sondern auch jene der übrigen Per¬
1369 1625 3377 1734 Not verlassen soll. Die dritte Hauptrolle lag indankbaren Rolle des Dr. Mauer heraus, was sie
334 1663 1353 1732 sonen, die handelnd oder leidend mehr oder weniger
1357 1669 2362 1757 Mizi Schürmann=Kovacs' Händen. Wäh¬
2366 1701 3382 1782 eben zu geben hat. Dabei trug der ganze von
304 1680 1347 1794 in seinem Banne stehen. In der prächtigen Er¬
1362 1721 2365 1807 rend die beiden genannten Darsteller vor Auf¬
2365 1749 3376 1831 Max Brückner geleitete Abend den Stempel
339 1764 1356 1838 position des ersten Aufzuges trat dies gestern noch
1359 1780 2362 1851 gaben gestellt erschienen, die ihrer Wesenheit fremd
2368 1802 3374 1875 sorgsamer Vorbereitung, und wie dankbar das
336 1811 1348 1883 nicht so sinnfällig zutage, er war von allen Mit¬
1360 1827 2358 1894 sind, könnte sie eine sehr gute Erna sein, aber sie
2363 1838 3374 1935 Publikum für die seit Jahren erwartete Auf¬
335 1851 1355 1933 wirkenden so vortrefflich und einheitlich gespielt,
1361 1871 2362 1951 hatte sich anscheinend noch nicht genügend in die
2372 1896 3379 1978 führung dieses Werkes war, zeigte der Umstand,
322 1906 1352 1984 daß man fast auf etwas Neues, überraschendes
1355 1910 2368 1994 Gestalt eingelebt und ließ diese daher ebenfalls in
2373 1944 3372 2041 daß schon am Vormittag sämliche Sitzplätze ihre
324 1957 1352 2034 gefaßt sein durfte, auf irgend einen Fund, den
1350 1972 2939 2060 vielen wichtigen Zügen unklar. Bei keinem dieser Abnehmer gefunden hatten.
321 2003 1350 2080 bisher weder der Autor selbst noch einer seiner
1345 2024 2364 2115 drei Menschen hatte man die Empfindung, daß ihr
2831 2029 3339 2143 E. R. v. Dombrowssi.
332 2043 1352 2137 Beurteiler in dem Werke gemacht hat. Aber diese
329 2093 1366 2162 verheißende Note verrann in den folgenden drei
322 2153 1353 2231 Akten immer mehr. Das Spiel wurde in seiner
322 2193 1354 2263 Eintönigkeit ermüdend und das Geschehene immer
319 2250 1343 2319 unnatürlicher; ja auch dem letzten Teile blieb das
313 2291 1361 2398 Aufleben des in ihm ruhenden großen dramatischen
320 2351 1342 2428 Schwunges versagt, so daß die andächtig zusam¬
321 2380 1375 2495 mengeströmte Zuhörerschar immer zager wurde
311 2446 1354 2517 und schließlich kopfschüttelnd aus dem allzuweiten
321 2488 1367 2577 Land heimging, in dem sie nicht heimisch zu
316 2541 1383 2606 werden vermochte. In Max Brückner war wohle
1350 2597 1411 2644 G
315 2599 1384 2662 ein ausgezeichneter Schauspieler an der Arbeit, #
310 2637 1410 2740 aber nicht ein alter ego Friedrich Hofreiters,2
301 2687 1332 2752 und nur ein solcher richtiger Doppelgänger ver¬
310 2739 1337 2807 mag Züge glaubhaft zu machen, wie z. B. jenen
310 2775 1338 2874 im ersten Akt, wo es dieser Wiener Don Juan
311 2838 1331 2904 einerseits als Erlösung empfindet, daß seine Frau
296 2877 1389 2986 dem russischen Musiker nicht zum Opfer siel, wo
304 2936 1335 3007 aber andererseits ihre Tugend fast kränkend und
295 2978 1391 3055 aufreizend auf ihn einwirkt und eine trennende#
298 3029 1338 3118 Scheidewand zwischen ihm und ihr errichtet. Schon
296 3071 1332 3155 da wurde das bei Korff Selbstverständliche zu et¬
298 3129 1321 3186 was Unwahrscheinlichem oder doch schwer Dent¬
288 3179 1318 3254 barem. Das „Weite Land“ hat sehr viel von den
287 3226 1331 3296 späteren Werken Ibsens an sich, für die Brückner
297 3274 1322 3352 ein vorzüglicher Darsteller wäre; aber es ist doch
287 3316 1323 3404 von einem Wiener Dichter geschrieben. Da liegt der
280 3361 1308 3447 Unterschied und für Brückner die Grenze, noch
286 3419 1307 3500 wesentlich verschärft dadurch, daß Schnitzler nicht
279 3448 1316 3550 gleich seinem nordischen Vorläufer stets einen,
282 3521 1323 3611 wenn auch nordisch gefärbten, so doch allgemein
275 3567 1316 3650 menschlichen Typus, sondern einen ganz boden¬
277 3614 1364 3708 ständigen, i. einen fremden Grund verpflanzbaren!g
1027 3675 1370 3746 neamnennrreh.
