3344 4320
1342 63 1786 160 box 28/2
224 71 1179 189 24. Das weite-Land
1147 831 1537 922 Telephon 12.801.
598 971 1337 1053 „ODSENVEN
426 1063 1514 1115 I. österr. beh. konz. Unternehmen für Zeitunge¬
633 1098 1320 1166 Ausschnitte und Bibliographie.
604 1155 1368 1234 Wien, I., Conoordiaplatz 4.
840 1227 1150 1294 Vertretungen
428 1274 1518 1343 in Berlin, Brüssel, Budapest, Chicago, Cleveland, Chrisdlania,
424 1328 1525 1365 Cenf, Kopenhagen, London, Madrid, Mailand, Minneapolle,
420 1355 1533 1422 New-Vork, Paris, Rom, San Francisco, Stockhoim, St. Peters¬
839 1397 1122 1452 burg, Toronto.
779 1439 1182 1496 (Quellenengabe ohne Gewähr.)
415 1488 814 1573 Ausschnitt, aus:
534 1546 704 1607 #Ui
761 1511 1478 1660 Neuss Wiener Juurkur
505 1604 681 1705 S
1501 1728 1590 1785 FRR
552 1741 1379 1884 Theater und Kunst.
634 1896 1271 1991 Hinter den Kulissen.
329 1968 1415 2018 (Totenfeier. — Der merkwürdige Anfang. — Lange Stücke.
1472 1979 1583 2037 Ein
326 2018 1585 2078 Dichter, der den Schauspielern zu tun gibt. — Wo man Stoffe findet.
368 2060 1383 2109 Der Begeisterungsrausch. — Herr Kramer im Nebenamt.
1454 2062 1585 2120 Was
314 2086 920 2164 du nicht willst, daß man dir tu'
1049 2102 1585 2182 Der witzige Direktor Karczag.
765 2110 1169 2208 Kunst und Geschäft.)
428 2172 1593 2269 Es ist wieder einer weniger da. Die Trauer um Ernst
302 2232 1586 2311 Hartmann hat ihre düsteren Schatten auf das Burgtheater ge¬
306 2276 1584 2351 worfen, und die Verlegenheit ist groß, wer nun die Rollen des
307 2324 1588 2408 Verstorbenen spielen soll. Ernst Hartmann war im ständigen
304 2367 1585 2453 Repertoire so stark beschäftigt, daß es kein leichtes Stück Arbeit
308 2437 1583 2505 ist, sein Erbe rasch zu verteilen. Alle Theateragenten sind nun
299 2487 1584 2550 dabei, mit Vorschlägen für einen Naajfolger aufzuwarten; ein
319 2527 1577 2612 Dutzend Namen schwirren in der Luft, aber Baron Berger wird
311 2576 1328 2643 sich wohl Zeit lassen müssen, ehe er sich entscheidet.
420 2615 1576 2704 Ein merkwürdiger Zufall will es, daß die heutige Premiere
313 2673 1557 2728 von Schnitzlers neuer Komödie mit einem Bericht über ein —
309 2721 1574 2790 Leichenbegängnis eingeleitet wird. Unwillkürlich fliegen die Ge¬
303 2770 1573 2841 danken zu Hartmann hinüber, der auch in diesem Stück eine Rolle
298 2818 1572 2865 spielen sollte und nun von Herrn Devrient vertreten wird. Man
298 2850 1583 2931 verspricht sich im Burgtheater sehr viel von Schnitzlers „Das weite
302 2907 1574 2980 Land“. Der Theaterwitz hat es gleich „das weite Stück“ getauft.
304 2970 1580 3019 Es spielt nämlich nahezu vier Stunden, also nur um eine halbe
301 3010 1571 3069 Stunde kürzer als „Der junge Medardus“. Schnitzler nimmt
300 3064 1576 3136 somit im Burgtheater den breitesten Raum unter allen modernen
301 3108 1576 3186 Autoren in Anspruch. Auch beschäftigt er die meisten Darsteller.
311 3153 1566 3228 Der Rekord des „Medardus“, der etwa 78 Personen erforderte,
309 3200 1583 3268 ist freilich nicht erreicht; aber es sind immerhin 23 Rollen vor¬
308 3246 1577 3339 handen Die Schauspieler können mit Schnitzler zufrieden sein; er
300 3280 583 3378 sorgt für sie.
1810 628 1976 714 itte 6
1810 843 1960 910 Bank¬
1798 1062 1953 1157 talt
1800 1302 1947 1386 0 29
1785 1423 1931 1486 zzente.
1792 1476 1909 1542 ler.
1814 1841 1899 1926 on
1793 2107 1882 2161 er.
1794 2152 1906 2213 und
1796 2206 1898 2266 spest
1801 2247 1898 2304 ice
1798 2293 1900 2349 fried
1802 2343 1891 2387 iren¬
1799 2376 1889 2436 ber¬
1798 2471 1884 2523 en
1791 2505 1891 2564 ner
1785 2553 1882 2609 ink¬
1779 2625 1889 2697 tern
1785 2688 1882 2746 licht
1794 2735 1888 2786 an¬
1782 2774 1886 2832 dro
1781 2817 1888 2876 an¬
1989 604 3143 723 Posoper geschieden ist, wird sich demnachst mit dem frührtmn
1980 672 3114 769 Direktor der Länderbank, Hans Schuschny, vermählen.
3155 692 3281 776 heute
2055 719 3136 799 [Gesellschaftsbild von der Schnitzler¬
3157 764 3259 817 oder
1993 749 3133 856 Premiere.] Die erste große Première der Saison: das
3151 805 3227 858 Es
1982 794 3133 901 merkte man heute abenos schon draußen vor dem Burgtheater
3153 845 3276 906 wenig
1988 850 3132 944 an der sich stauenden und langsam vorwärts schievenden
1978 892 3126 979 Reihe der Wagen. Die Kommandos der Wachleute, die Ruse
3145 937 3258 988 das
1983 929 3136 1031 der Kutscher, das Rauern der gebremsten Motore, das
3143 978 3272 1033 sich ü
1978 972 3127 1072 Knirschen der Perdehuse auf dem Pflaster, das alles gehört
3148 1015 3262 1078 ihren
1986 1019 3122 1118 schon mit dazu zur Premiérensensation. Drinnen, im Vestibül,
3138 1070 3268 1128 zu re
1973 1067 3124 1164 ist sie noch intensiver zu spüren. Aues scheint wichtig und auf¬
3145 1108 3266 1164 glaub
1978 1112 3122 1200 geregt dreinzublicken. Die versperrte Kasse mit der Tafel:
3141 1151 3261 1207 lassen
1977 1161 3112 1242 „Samtliche Logen und Sitze vergriffen“ die Diener, die
3128 1193 3245 1251 Meus
1968 1195 3041 1299 jedem die gleiche hoffnungslose Anwort geben. Und
3036 1236 3122 1285 es
3133 1235 3251 1308 paßf
1978 1235 3120 1331 kommen noch so viele im letzten Augenblick, hoffen, auf
3141 1281 3224 1333 für
1972 1272 3113 1363 irgend eine wunderbare Art hineinzugelangen, und sind dann
3121 1324 3239 1374 dem
1963 1317 3116 1407 sehr enttäuscht. Es bleibt ihnen nichts übrig, als den Karten¬
3123 1365 3240 1424 Gest
1958 1372 3107 1454 benützern sehnsüchtig und neidig nachzublicken. Das ist über¬
3124 1402 3232 1467 der
1965 1403 3107 1503 haupt heute das Gesprächsthema des Abends: wie schwer
1950 1449 3102 1551 es war, sich die Karten zu dieser Première zu verschaffen,
3114 1495 3217 1553 Leh
1954 1488 3099 1590 was für Beziehungen und Umwege nötig waren. Es ist aber
3129 1538 3225 1593 Zei
1951 1546 3096 1626 auch ein Premierenpublikum besonderer Art, das heute Logen
3116 1578 3219 1648 rück
1954 1586 3102 1677 und Parkett füllt. Von der großen Gejeuschaft, den schönen
3125 1625 3203 1673 Au
1952 1622 3101 1720 und eleganten Frauen, berühmten und bekannten Personlich¬
3109 1665 3212 1726 Leb
1945 1664 3093 1761 keiten, von allen den Damen und Herren, die man bei mon¬
3122 1711 3211 1760 eine
1940 1706 3102 1791 dainen Anlässen trfft, scheint gleichsam eine engere Auswahl
3109 1750 3206 1802 Er
1948 1753 3097 1844 getroffen worden zu sein. Darum ist auch die eine Hälfte des
3106 1794 3210 1854 Gri¬
1951 1798 3098 1892 Publikums mit der anderen bekannt, darum gibt es so viel
3108 1832 3204 1893 stäl
1945 1840 3095 1924 zu grüßen, zu plaudern, zu bewundern. Denn an diesem
3100 1881 3200 1936 nich
1931 1895 3086 1968 interessanten literarischen Premierenabend gelangt auch manche
1940 1925 3085 2020 Toilette, mancher Hut zur Uraujjührung. ... Natürlich gibt's
3098 1968 3202 2019 hält¬
1929 1967 3091 2054 auch viel Kunst und Literatur. Man sieht fast alle bekannten
1934 2008 3091 2104 literarischen Wiener Köpfe. In einer Loge im ersten Rang
1924 2055 3089 2157 links nimmt die Gemahlin des Direktors Platz, und späler
1937 2103 3083 2189 nachdem es dunkel geworden ist, erscheint er selber, greift zum
1915 2144 3076 2239 Opernglas, schaut gespannt auf die Bühne, gleichsam, als
3097 2181 3175 2233 die
1922 2188 3078 2279 wollte er sein eigenes Stück auf sich selbst wie auf einen un¬
3087 2221 3181 2280 aus
1920 2227 3077 2313 beteiligten Zuschauer wirken lassen. Bevor das Stuck beginnt,
1916 2276 3085 2366 wird noch eine Ouverture gespielt, wie eine Begleitung zu den
3086 2311 3168 2363 wi
1921 2324 3080 2413 Gesprächen, die das Haus summend erfüllen. Dann die zwei
1913 2358 3073 2453 Glockenschläge, und das Spiel beginnt. Nach dem zweiten Akt
3092 2383 3170 2456 W
1913 2409 3070 2496 wird die sympathische Gestalt Artur Schnitzlers vor dem
1917 2449 3071 2539 grauen Vorhang sichtbar. Bei seinem Erscheinen wird der
1913 2494 3058 2582 Beifall immer lauter, herzlicher, stürmischer, und man merkt,
1910 2539 3059 2628 wie ihm alle Sympathien zufliegen Und noch ein flüchtiges
1907 2580 3070 2677 Moment dieses großen, eleganten Premièrenabends. Als
1902 2635 3053 2709 Herr Devrient auftritt in der Rolle jenes Hoteldirektors,
1905 2668 3057 2745 den der vor einigen Tagen verstorbene Hartmann hätte
1905 2699 3061 2786 spielen sollen, da geht eine eigentümliche Bewegung durch
3073 2758 3181 2816 kon
1909 2752 3060 2851 das Haus, ein Rauschen, ein Flüstern, gleichsam eine hör¬
1901 2791 2462 2868 bare wehmütige Erinnerung.
3064 2801 3168 2859 nic
1971 2838 3099 2949 [Der zweite Vortrag Maximilian Har¬
1871 2882 3057 2976 1dens in Wien.] Morgen (Sonntag) findet der zweite Vor¬
2249 2947 3065 3050 ###deus über das Thema „Thronfolger“
2260 3285 2906 3408 Hamburger Rachrichten
2350 3492 2667 3609 915 10 19
2162 3615 3294 3708 Im Wiener Burgtheater hatte, wie unser H.=Mitz
2086 3668 3281 3754 arbeiter telegraphiert, Arthur Schnitzlers Tragikomödie Dal
2081 3693 3293 3795 weite Land starken, gegen Schluß steigenden Erfolg. Kerff all
2080 3759 3286 3818 Hofreiter schuf eine Glanzleistung als geistigen Mittelpun.kt de,
2085 3786 3289 3859 trefflich vorbereiteten und herausgebrachten Vorstellung. Schnitzle,
2092 3846 2613 3933 dankte nach jedem Aktschluß.
