<?xml version="1.0" encoding="UTF-8" standalone="yes"?>
<PcGts xmlns="http://schema.primaresearch.org/PAGE/gts/pagecontent/2013-07-15" xmlns:xsi="http://www.w3.org/2001/XMLSchema-instance" xsi:schemaLocation="http://schema.primaresearch.org/PAGE/gts/pagecontent/2013-07-15 http://schema.primaresearch.org/PAGE/gts/pagecontent/2013-07-15/pagecontent.xsd">
    <Metadata>
        <Creator>prov=University of Rostock/Institute of Mathematics/CITlab/Gundram Leifert/gundram.leifert@uni-rostock.de:name=ONB_Newseye_GT_M1+(htr_id=10810)::::v=2.4.2
prov=University of Rostock/Institute of Mathematics/CITlab/Tobias Gruening/tobias.gruening@uni-rostock.de:name=de.uros.citlab.module.baseline2polygon.B2PSeamMultiOriented:v=2.4.2
prov=University of Rostock/Institute of Mathematics/CITlab/Tobias Gruening/tobias.gruening@uni-rostock.de:name=/mnt/transkribus/LA/DEA/URO/LA_news_onb_att.pb:de.uros.citlab.segmentation.CITlab_LA_ML:v=2.4.2
Transkribus</Creator>
        <Created>2019-10-07T11:13:36.373+02:00</Created>
        <LastChange>2019-10-08T01:46:14.135+02:00</LastChange>
        <TranskribusMetadata docId="223964" pageId="9496139" pageNr="339" tsid="16495739" status="IN_PROGRESS" userId="40391" imgUrl="https://files.transkribus.eu/Get?id=AYHFSRKBSAJYJUKQJPAOXXLQ&amp;fileType=view" xmlUrl="https://files.transkribus.eu/Get?id=PFYIJOZFRXRUXSAQZGQHREIA" imageId="6186366"/>
    </Metadata>
    <Page imageFilename="223964_0339.jpeg" imageWidth="3344" imageHeight="4320">
        <ReadingOrder>
            <OrderedGroup id="ro_1711441740294" caption="Regions reading order">
                <RegionRefIndexed index="0" regionRef="r1"/>
            </OrderedGroup>
        </ReadingOrder>
        <TextRegion orientation="0.0" id="r1" custom="readingOrder {index:0;}">
            <Coords points="136,179 136,4152 3210,4152 3210,179"/>
            <TextLine id="r1l1" custom="readingOrder {index:0;}">
                <Coords points="675,212 694,212 706,219 736,218 747,213 751,217 770,216 768,167 753,167 746,172 726,157 715,157 704,165 692,154 673,155"/>
                <Baseline points="694,211 722,211 750,209"/>
                <TextEquiv>
                    <Unicode>W (</Unicode>
                </TextEquiv>
            </TextLine>
            <TextLine id="r1l2" custom="readingOrder {index:1;}">
                <Coords points="262,224 1233,262 1229,174 810,158 743,209 589,153 431,181 265,144"/>
                <Baseline points="282,199 328,205 375,209 421,213 468,217 515,220 561,222 608,225 654,227 701,229 748,230 794,232 841,233 887,234 934,235 981,236 1027,237 1074,238 1120,239 1167,240 1214,241"/>
                <TextEquiv>
                    <Unicode>24. Das seite Land</Unicode>
                </TextEquiv>
            </TextLine>
            <TextLine id="r1l3" custom="readingOrder {index:2;}">
                <Coords points="1388,248 1544,250 1579,235 1628,254 1659,236 1700,255 1754,237 1796,245 1826,237 1827,176 1713,179 1675,163 1598,189 1560,170 1488,184 1435,161 1389,168"/>
                <Baseline points="1407,224 1432,225 1457,225 1482,226 1507,227 1532,227 1557,228 1582,229 1607,230 1632,230 1657,231 1682,231 1707,230 1732,229 1757,229 1782,228 1807,225"/>
                <TextEquiv>
                    <Unicode>box 28/5</Unicode>
                </TextEquiv>
            </TextLine>
            <TextLine id="r1l4" custom="readingOrder {index:3;}">
                <Coords points="156,1005 525,1002 525,930 403,950 380,935 346,946 323,931 247,951 155,936"/>
                <Baseline points="174,993 199,994 225,994 251,995 276,995 302,996 328,996 353,996 379,996 405,995 430,995 456,993 482,991 508,989"/>
                <TextEquiv>
                    <Unicode>rtreiungen</Unicode>
                </TextEquiv>
            </TextLine>
            <TextLine id="r1l5" custom="readingOrder {index:4;}">
                <Coords points="375,1051 687,1039 825,1057 847,1053 847,984 740,978 675,1013 648,990 557,1010 447,997 374,1009"/>
                <Baseline points="395,1045 420,1043 445,1042 471,1041 496,1040 522,1039 547,1039 572,1038 598,1038 623,1038 649,1038 674,1038 699,1038 725,1038 750,1038 776,1038 801,1038 827,1037"/>
                <TextEquiv>
                    <Unicode>istiania, Cenf, Kopen¬</Unicode>
                </TextEquiv>
            </TextLine>
            <TextLine id="r1l6" custom="readingOrder {index:5;}">
                <Coords points="156,1057 186,1061 204,1071 209,1068 228,1070 235,1010 209,1006 206,1002 198,1005 164,1001"/>
                <Baseline points="177,1052 209,1056"/>
                <TextEquiv>
                    <Unicode>8</Unicode>
                </TextEquiv>
            </TextLine>
            <TextLine id="r1l7" custom="readingOrder {index:6;}">
                <Coords points="146,1093 847,1093 847,1047 394,1046 348,1016 253,1016 211,1058 146,1051"/>
                <Baseline points="165,1082 198,1081 231,1081 264,1080 297,1080 330,1079 363,1079 396,1079 429,1078 462,1078 496,1078 529,1078 562,1078 595,1078 628,1078 661,1078 694,1078 727,1078 760,1078 793,1078 827,1078"/>
                <TextEquiv>
                    <Unicode>Nd. MAhzHALS PEapolli, rieu-Vorh,</Unicode>
                </TextEquiv>
            </TextLine>
            <TextLine id="r1l8" custom="readingOrder {index:7;}">
                <Coords points="561,1124 645,1138 698,1139 710,1128 729,1128 747,1140 786,1118 828,1116 829,1089 734,1083 726,1075 715,1086 676,1089 638,1088 620,1072 562,1078"/>
                <Baseline points="579,1119 604,1119 629,1118 655,1118 680,1117 705,1117 731,1118 756,1119 781,1123 807,1130"/>
                <TextEquiv>
                    <Unicode>Petersburg.</Unicode>
                </TextEquiv>
            </TextLine>
            <TextLine id="r1l9" custom="readingOrder {index:8;}">
                <Coords points="138,1135 306,1128 363,1143 382,1124 439,1124 439,1082 138,1093"/>
                <Baseline points="159,1123 185,1121 211,1121 237,1120 263,1121 289,1121 315,1122 341,1122 367,1122 393,1121 419,1119"/>
                <TextEquiv>
                    <Unicode>ncisco,t####</Unicode>
                </TextEquiv>
            </TextLine>
            <TextLine id="r1l10" custom="readingOrder {index:9;}">
                <Coords points="137,1192 311,1165 434,1180 498,1162 525,1176 604,1150 602,1104 525,1080 437,1088 416,1112 367,1125 134,1119"/>
                <Baseline points="156,1156 181,1156 206,1156 231,1156 256,1156 281,1156 306,1156 331,1155 356,1155 382,1153 407,1153 432,1151 457,1150 482,1147 507,1145 532,1143 557,1140 583,1137"/>
                <TextEquiv>
                    <Unicode> t</Unicode>
                </TextEquiv>
            </TextLine>
            <TextLine id="r1l11" custom="readingOrder {index:10;}">
                <Coords points="140,1375 228,1372 255,1379 270,1368 289,1368 289,1307 270,1307 262,1315 251,1311 236,1322 209,1315 186,1334 179,1326 163,1334 140,1334"/>
                <Baseline points="161,1363 188,1362 216,1361 243,1362 271,1363"/>
                <TextEquiv>
                    <Unicode></Unicode>
                </TextEquiv>
            </TextLine>
            <TextLine id="r1l12" custom="readingOrder {index:11;}">
                <Coords points="156,1476 521,1498 552,1479 636,1505 853,1492 855,1431 158,1422"/>
                <Baseline points="174,1465 207,1466 240,1467 273,1467 306,1469 339,1470 372,1471 405,1472 438,1473 471,1475 505,1475 538,1477 571,1477 604,1479 637,1480 670,1480 703,1481 736,1481 769,1482 802,1482 836,1481"/>
                <TextEquiv>
                    <Unicode>ener Theaterbrief.</Unicode>
                </TextEquiv>
            </TextLine>
            <TextLine id="r1l13" custom="readingOrder {index:12;}">
                <Coords points="884,1471 3204,1520 3227,1445 885,1395"/>
                <Baseline points="904,1457 1019,1463 1134,1468 1249,1473 1364,1476 1480,1479 1595,1481 1710,1483 1825,1484 1940,1485 2056,1486 2171,1486 2286,1487 2401,1487 2516,1488 2632,1489 2747,1490 2862,1491 2977,1493 3092,1496 3208,1499"/>
                <TextEquiv>
                    <Unicode>Entsagung von dannen, in der festen Zuversicht, daß seine! Feindschaft treiben ihr Spiel: es ist halt das Schicksal der</Unicode>
                </TextEquiv>
            </TextLine>
            <TextLine id="r1l14" custom="readingOrder {index:13;}">
                <Coords points="916,1510 3221,1550 3115,1488 917,1468"/>
                <Baseline points="936,1504 1049,1509 1162,1514 1275,1518 1388,1521 1502,1523 1615,1525 1728,1527 1841,1528 1954,1529 2068,1530 2181,1531 2294,1531 2407,1532 2520,1533 2634,1534 2747,1536 2860,1538 2973,1540 3086,1543 3200,1547"/>
                <TextEquiv>
                    <Unicode>Herrin ihn dereinst zu neuen Taten berufen wird. Die Monschen, daß ihre Urtriebe sich nicht bändigen lassen,</Unicode>
                </TextEquiv>
            </TextLine>
            <TextLine id="r1l15" custom="readingOrder {index:14;}">
                <Coords points="145,1533 930,1556 931,1499 863,1485 341,1481 295,1503 254,1475 147,1479"/>
                <Baseline points="163,1531 200,1531 237,1531 275,1532 312,1533 349,1534 387,1534 424,1536 461,1537 499,1538 536,1540 573,1542 611,1543 648,1544 685,1545 723,1547 760,1547 797,1548 835,1549 872,1549 910,1549"/>
                <TextEquiv>
                    <Unicode>6. Okt. Die hiesige Uraufführung der</Unicode>
                </TextEquiv>
            </TextLine>
            <TextLine id="r1l16" custom="readingOrder {index:15;}">
                <Coords points="913,1566 3225,1615 3227,1528 914,1498"/>
                <Baseline points="932,1547 1045,1552 1159,1557 1273,1560 1387,1564 1500,1567 1614,1569 1728,1571 1842,1572 1955,1573 2069,1574 2183,1575 2297,1575 2410,1576 2524,1577 2638,1577 2752,1578 2865,1579 2979,1581 3093,1583 3207,1586"/>
                <TextEquiv>
                    <Unicode>Musik Wallbrunns legt ihren Schwerpunkt in die Charakte= mögen sie auch eine Zeitlang durch Moral, Konvention und</Unicode>
                </TextEquiv>
            </TextLine>
            <TextLine id="r1l17" custom="readingOrder {index:16;}">
                <Coords points="138,1582 931,1600 932,1539 524,1555 140,1521"/>
                <Baseline points="156,1569 193,1572 231,1574 269,1576 307,1578 345,1580 382,1581 420,1582 458,1583 496,1584 534,1585 571,1586 609,1587 647,1588 685,1589 723,1589 760,1590 798,1591 836,1591 874,1592 912,1592"/>
                <TextEquiv>
                    <Unicode>komödie „Don Quijote“ von Georg</Unicode>
                </TextEquiv>
            </TextLine>
            <TextLine id="r1l18" custom="readingOrder {index:17;}">
                <Coords points="921,1598 2067,1624 2068,1571 922,1549"/>
                <Baseline points="941,1592 996,1595 1051,1597 1107,1600 1162,1601 1217,1604 1273,1605 1328,1607 1383,1609 1439,1610 1494,1612 1549,1613 1605,1614 1660,1615 1715,1615 1771,1616 1826,1617 1881,1617 1937,1617 1992,1617 2048,1617"/>
                <TextEquiv>
                    <Unicode>risierung der tragischen Seite des Don Quijote=Problems.</Unicode>
                </TextEquiv>
            </TextLine>
            <TextLine id="r1l19" custom="readingOrder {index:18;}">
                <Coords points="2053,1617 3151,1634 3215,1628 3216,1586 2054,1572"/>
                <Baseline points="2072,1613 2128,1613 2184,1613 2240,1614 2296,1615 2353,1615 2409,1616 2465,1617 2521,1617 2577,1618 2634,1619 2690,1619 2746,1620 2802,1621 2858,1622 2915,1622 2971,1623 3027,1624 3083,1624 3139,1625 3196,1625"/>
                <TextEquiv>
                    <Unicode>soziale Erwägungen zurückgedämmt werden. Aus dem</Unicode>
                </TextEquiv>
            </TextLine>
            <TextLine id="r1l20" custom="readingOrder {index:19;}">
                <Coords points="151,1621 916,1645 918,1596 153,1560"/>
                <Baseline points="169,1610 205,1613 242,1615 278,1617 315,1618 351,1620 388,1621 424,1623 461,1624 497,1625 534,1626 570,1626 607,1627 643,1628 680,1629 716,1630 753,1631 789,1632 826,1634 862,1635 899,1637"/>
                <TextEquiv>
                    <Unicode>Anion Beer=Wallbrunn, die im</Unicode>
                </TextEquiv>
            </TextLine>
            <TextLine id="r1l21" custom="readingOrder {index:20;}">
                <Coords points="922,1637 3216,1664 2935,1603 923,1596"/>
                <Baseline points="941,1632 1053,1637 1166,1642 1279,1646 1392,1649 1504,1651 1617,1653 1730,1655 1843,1656 1955,1657 2068,1657 2181,1658 2294,1658 2406,1658 2519,1659 2632,1659 2745,1660 2857,1661 2970,1663 3083,1666 3196,1669"/>
                <TextEquiv>
                    <Unicode>Sie ist der musikolische Ausdruck eines Wahngebildes das Chaos der Gestalten steigen zwei Personen, Hofreiter und</Unicode>
                </TextEquiv>
            </TextLine>
            <TextLine id="r1l22" custom="readingOrder {index:21;}">
                <Coords points="139,1662 615,1686 642,1660 927,1694 929,1637 140,1616"/>
                <Baseline points="159,1656 196,1658 234,1660 271,1662 309,1664 346,1665 384,1666 421,1667 459,1668 496,1669 534,1669 572,1670 609,1671 647,1672 684,1672 722,1673 759,1674 797,1675 834,1676 872,1678 910,1680"/>
                <TextEquiv>
                    <Unicode>and, stand damals unter einem wenig</Unicode>
                </TextEquiv>
            </TextLine>
            <TextLine id="r1l23" custom="readingOrder {index:22;}">
                <Coords points="924,1689 1990,1723 2071,1706 2072,1660 925,1636"/>
                <Baseline points="942,1680 997,1681 1052,1682 1108,1683 1163,1684 1219,1686 1274,1687 1330,1689 1385,1690 1441,1692 1496,1693 1551,1694 1607,1696 1662,1697 1718,1698 1773,1699 1829,1700 1884,1700 1940,1701 1995,1701 2051,1701"/>
                <TextEquiv>
                    <Unicode>sich selbst sehr ernst nimmt und auch von andern ernst ge¬</Unicode>
                </TextEquiv>
            </TextLine>
            <TextLine id="r1l24" custom="readingOrder {index:23;}">
                <Coords points="2061,1708 3181,1721 3230,1714 3231,1668 2061,1655"/>
                <Baseline points="2078,1695 2134,1696 2191,1697 2247,1699 2304,1700 2361,1702 2417,1702 2474,1703 2530,1705 2587,1705 2644,1706 2700,1707 2757,1707 2813,1708 2870,1708 2927,1708 2983,1708 3040,1708 3096,1708 3153,1708 3210,1707"/>
                <TextEquiv>
                    <Unicode>seine Frau Genia herauf, die am trotzigsten gegen die Ge¬</Unicode>
                </TextEquiv>
            </TextLine>
            <TextLine id="r1l25" custom="readingOrder {index:24;}">
                <Coords points="135,1707 923,1728 925,1678 136,1658"/>
                <Baseline points="154,1699 191,1701 229,1702 266,1704 304,1705 341,1706 379,1707 416,1709 454,1709 491,1710 529,1711 567,1712 604,1713 642,1713 679,1715 717,1715 754,1716 792,1717 829,1718 867,1719 905,1720"/>
                <TextEquiv>
                    <Unicode>Wenn schon jeder epischen Stoff der Dra¬</Unicode>
                </TextEquiv>
            </TextLine>
            <TextLine id="r1l26" custom="readingOrder {index:25;}">
                <Coords points="920,1730 2063,1754 2064,1701 2026,1696 921,1681"/>
                <Baseline points="941,1723 996,1724 1051,1724 1106,1726 1161,1727 1217,1728 1272,1729 1327,1731 1382,1733 1437,1734 1493,1735 1548,1736 1603,1738 1658,1739 1713,1740 1769,1741 1824,1742 1879,1742 1934,1743 1989,1743 2045,1743"/>
                <TextEquiv>
                    <Unicode>nommen zu werden verlangt. Die Orchesterführung ist</Unicode>
                </TextEquiv>
            </TextLine>
            <TextLine id="r1l27" custom="readingOrder {index:26;}">
                <Coords points="2059,1744 3217,1751 3217,1713 3107,1704 2059,1691"/>
                <Baseline points="2077,1737 2133,1738 2189,1739 2245,1740 2301,1741 2357,1742 2413,1743 2469,1744 2525,1745 2581,1746 2637,1747 2693,1748 2749,1748 2805,1749 2861,1749 2917,1750 2973,1750 3029,1750 3085,1750 3141,1750 3198,1749"/>
                <TextEquiv>
                    <Unicode>walt des Sturmes ankämpfen, bis auch sie schließlich unter¬</Unicode>
                </TextEquiv>
            </TextLine>
            <TextLine id="r1l28" custom="readingOrder {index:27;}">
                <Coords points="163,1747 833,1779 924,1771 926,1721 164,1705"/>
                <Baseline points="182,1743 218,1745 254,1745 290,1746 326,1748 362,1749 398,1750 435,1752 471,1753 507,1754 543,1755 579,1757 615,1758 651,1759 688,1760 724,1761 760,1762 796,1763 832,1763 868,1764 905,1764"/>
                <TextEquiv>
                    <Unicode>Schwierigkeiten bietet, so wachsen diese</Unicode>
                </TextEquiv>
            </TextLine>
            <TextLine id="r1l29" custom="readingOrder {index:28;}">
                <Coords points="917,1770 2036,1799 2061,1742 918,1724"/>
                <Baseline points="935,1766 990,1766 1045,1767 1100,1768 1155,1770 1211,1771 1266,1772 1321,1774 1376,1776 1431,1777 1487,1779 1542,1780 1597,1781 1652,1783 1707,1784 1763,1785 1818,1786 1873,1786 1928,1787 1983,1787 2039,1787"/>
                <TextEquiv>
                    <Unicode>voller Absicht kraus und verworren gehalten, und darüber</Unicode>
                </TextEquiv>
            </TextLine>
            <TextLine id="r1l30" custom="readingOrder {index:29;}">
                <Coords points="2056,1785 3180,1804 3219,1751 2057,1739"/>
                <Baseline points="2075,1783 2131,1782 2187,1783 2243,1783 2300,1784 2356,1784 2412,1785 2468,1786 2525,1787 2581,1789 2637,1789 2693,1791 2750,1792 2806,1793 2862,1793 2918,1794 2975,1794 3031,1795 3087,1795 3143,1794 3200,1794"/>
                <TextEquiv>
                    <Unicode>liegen. Man braucht nur irgend ein französisches Stück</Unicode>
                </TextEquiv>
            </TextLine>
            <TextLine id="r1l31" custom="readingOrder {index:30;}">
                <Coords points="155,1793 536,1810 575,1789 741,1825 837,1805 917,1820 919,1766 881,1757 157,1744"/>
                <Baseline points="174,1783 210,1785 246,1787 282,1789 319,1791 355,1792 391,1794 427,1796 464,1797 500,1798 536,1800 572,1801 609,1802 645,1803 681,1804 717,1805 754,1806 790,1806 826,1807 862,1808 899,1808"/>
                <TextEquiv>
                    <Unicode>Behandlung der dem krausen Hirn des</Unicode>
                </TextEquiv>
            </TextLine>
            <TextLine id="r1l32" custom="readingOrder {index:31;}">
                <Coords points="924,1813 2052,1839 2053,1790 1862,1775 925,1771"/>
                <Baseline points="943,1809 997,1810 1052,1811 1106,1812 1161,1814 1215,1815 1270,1817 1324,1818 1379,1819 1433,1820 1488,1821 1542,1822 1597,1823 1651,1824 1706,1825 1760,1826 1815,1827 1869,1828 1924,1829 1978,1829 2033,1830"/>
                <TextEquiv>
                    <Unicode>liegt ein ganz eigenartiger Zauber wehmütig=phantastischer</Unicode>
                </TextEquiv>
            </TextLine>
            <TextLine id="r1l33" custom="readingOrder {index:32;}">
                <Coords points="2047,1838 3183,1851 3217,1848 3218,1787 2048,1784"/>
                <Baseline points="2065,1824 2121,1825 2178,1826 2234,1827 2291,1828 2348,1829 2404,1829 2461,1830 2518,1831 2574,1832 2631,1832 2688,1833 2744,1834 2801,1834 2858,1835 2914,1835 2971,1836 3028,1836 3084,1837 3141,1837 3198,1837"/>
                <TextEquiv>
                    <Unicode>dieser Art mit seiner erkünstelten Angst und Leidenschaft und</Unicode>
                </TextEquiv>
            </TextLine>
            <TextLine id="r1l34" custom="readingOrder {index:33;}">
                <Coords points="122,1822 441,1856 925,1853 926,1815 755,1794 123,1792"/>
                <Baseline points="142,1828 180,1829 218,1830 256,1830 295,1831 333,1832 371,1834 409,1835 448,1837 486,1838 524,1840 562,1842 601,1843 639,1844 677,1845 715,1847 754,1848 792,1849 830,1850 868,1850 907,1851"/>
                <TextEquiv>
                    <Unicode>kancha entsprungenen Abenteuer ins Un¬</Unicode>
                </TextEquiv>
            </TextLine>
            <TextLine id="r1l35" custom="readingOrder {index:34;}">
                <Coords points="916,1855 2013,1884 2055,1881 2056,1832 917,1798"/>
                <Baseline points="934,1850 989,1852 1044,1854 1099,1856 1154,1858 1209,1859 1264,1861 1319,1862 1374,1863 1429,1864 1484,1865 1539,1866 1594,1867 1649,1867 1704,1868 1759,1869 1814,1870 1869,1871 1924,1872 1979,1873 2035,1874"/>
                <TextEquiv>
                    <Unicode>Melodien. Durch diese Auffassung gewient die Gestalt Don</Unicode>
                </TextEquiv>
            </TextLine>
            <TextLine id="r1l36" custom="readingOrder {index:35;}">
                <Coords points="2056,1878 3222,1876 3222,1838 3104,1833 2056,1829"/>
                <Baseline points="2073,1870 2129,1869 2185,1869 2242,1870 2298,1870 2355,1871 2411,1872 2467,1872 2524,1873 2580,1874 2637,1875 2693,1876 2749,1877 2806,1878 2862,1878 2919,1879 2975,1879 3031,1879 3088,1879 3144,1879 3201,1878"/>
                <TextEquiv>
                    <Unicode>mit seiner tändelnden Dialektik, heranzuziehen, um zu erken¬</Unicode>
                </TextEquiv>
            </TextLine>
            <TextLine id="r1l37" custom="readingOrder {index:36;}">
                <Coords points="136,1879 924,1906 926,1849 888,1844 138,1826"/>
                <Baseline points="154,1871 191,1872 229,1874 266,1875 304,1876 342,1878 379,1879 417,1880 454,1882 492,1883 530,1884 567,1885 605,1887 642,1887 680,1889 718,1889 755,1890 793,1891 830,1891 868,1891 906,1891"/>
                <TextEquiv>
                    <Unicode>iger Mäßigung hatte der Autor deshalb</Unicode>
                </TextEquiv>
            </TextLine>
            <TextLine id="r1l38" custom="readingOrder {index:37;}">
                <Coords points="920,1900 3214,1922 921,1839"/>
                <Baseline points="938,1893 1050,1897 1163,1901 1276,1904 1389,1907 1501,1908 1614,1910 1727,1912 1840,1913 1952,1914 2065,1914 2178,1915 2291,1916 2403,1916 2516,1917 2629,1918 2742,1919 2854,1920 2967,1921 3080,1923 3193,1925"/>
                <TextEquiv>
                    <Unicode>Quijotes bedeutend stärker an Interesse als etwa in Richard nen, mit welcher durchdringenden Konsequenz, die den wah¬</Unicode>
                </TextEquiv>
            </TextLine>
            <TextLine id="r1l39" custom="readingOrder {index:38;}">
                <Coords points="140,1925 662,1928 833,1956 932,1940 933,1905 141,1875"/>
                <Baseline points="158,1915 195,1917 233,1918 271,1919 309,1920 347,1921 384,1923 422,1924 460,1925 498,1927 536,1928 573,1929 611,1930 649,1931 687,1932 725,1933 762,1934 800,1934 838,1935 876,1935 914,1935"/>
                <TextEquiv>
                    <Unicode>e verschiedenen Taten Don Quijotes an</Unicode>
                </TextEquiv>
            </TextLine>
            <TextLine id="r1l40" custom="readingOrder {index:39;}">
                <Coords points="913,1945 3218,1966 3139,1911 914,1896"/>
                <Baseline points="932,1935 1045,1940 1158,1944 1272,1948 1385,1950 1498,1952 1612,1954 1725,1955 1838,1956 1952,1957 2065,1957 2178,1958 2292,1958 2405,1959 2518,1959 2632,1960 2745,1961 2858,1962 2972,1964 3085,1966 3199,1968"/>
                <TextEquiv>
                    <Unicode>Strauß' gleichnamiger sinsonischer Dichtung. Die Szenen cen Dichter zeigt, Schnitzler das oft behandelte Problem an¬</Unicode>
                </TextEquiv>
            </TextLine>
            <TextLine id="r1l41" custom="readingOrder {index:40;}">
                <Coords points="130,1972 3213,1962 131,1903"/>
                <Baseline points="148,1958 300,1964 452,1969 605,1974 757,1977 909,1981 1062,1985 1214,1988 1366,1991 1519,1994 1671,1996 1823,1998 1976,2000 2128,2001 2280,2003 2433,2004 2585,2005 2737,2005 2890,2006 3042,2006 3195,2007"/>
                <TextEquiv>
                    <Unicode>zu lassen, sondern konzentrierte sich auf Sancho Pansas dagegen sind auch musikalisch von einem son gepackt hat. Die Aufführung gehört zu den besten, die das</Unicode>
                </TextEquiv>
            </TextLine>
            <TextLine id="r1l42" custom="readingOrder {index:41;}">
                <Coords points="133,2010 3177,2068 3212,1996 134,1945"/>
                <Baseline points="152,1997 304,2004 456,2010 608,2016 760,2021 912,2025 1064,2029 1216,2032 1368,2035 1520,2037 1673,2039 1825,2041 1977,2042 2129,2043 2281,2044 2433,2045 2585,2046 2737,2047 2889,2048 3041,2049 3194,2050"/>
                <TextEquiv>
                    <Unicode>er, das den traurig=heiteren Wahn sei= nige, oft grotesken Humor umflossen, der nur stellenweike Residenztheater in letzter Zeit herausgebracht hat und fand</Unicode>
                </TextEquiv>
            </TextLine>
            <TextLine id="r1l43" custom="readingOrder {index:42;}">
                <Coords points="126,2048 3208,2104 127,1995"/>
                <Baseline points="144,2042 296,2049 448,2054 600,2059 753,2064 905,2067 1057,2071 1209,2074 1362,2076 1514,2079 1666,2080 1818,2082 1971,2084 2123,2085 2275,2086 2427,2087 2580,2088 2732,2089 2884,2090 3036,2091 3189,2092"/>
                <TextEquiv>
                    <Unicode>Ers plastisch hervortreten läßt und der etwas nüchtern erscheint. Die Aufführung wurde dieser Auf¬ namentlich in Frau v. Hagen (Genial und Herrn Stein¬</Unicode>
                </TextEquiv>
            </TextLine>
            <TextLine id="r1l44" custom="readingOrder {index:43;}">
                <Coords points="124,2100 822,2104 897,2125 920,2122 922,2073 126,2043"/>
                <Baseline points="144,2088 183,2089 223,2089 263,2090 303,2091 343,2092 383,2094 423,2095 463,2096 503,2098 543,2099 583,2101 623,2102 663,2103 703,2104 743,2105 783,2105 823,2106 863,2106 903,2106"/>
                <TextEquiv>
                    <Unicode>andlung fähig war. Doch minderte da¬</Unicode>
                </TextEquiv>
            </TextLine>
            <TextLine id="r1l45" custom="readingOrder {index:44;}">
                <Coords points="915,2112 2054,2133 2054,2095 2009,2086 915,2070"/>
                <Baseline points="932,2109 987,2111 1042,2112 1097,2113 1152,2115 1207,2116 1262,2118 1318,2119 1373,2121 1428,2122 1483,2123 1538,2124 1593,2125 1648,2126 1704,2127 1759,2127 1814,2128 1869,2128 1924,2128 1979,2127 2035,2127"/>
                <TextEquiv>
                    <Unicode>fassung des Komponisten völlig gerecht. Namentlich Fein¬</Unicode>
                </TextEquiv>
            </TextLine>
            <TextLine id="r1l46" custom="readingOrder {index:45;}">
                <Coords points="2042,2148 3120,2150 3185,2140 3186,2105 2043,2072"/>
                <Baseline points="2063,2125 2118,2126 2173,2127 2228,2128 2283,2128 2339,2129 2394,2130 2449,2130 2504,2131 2559,2132 2615,2133 2670,2133 2725,2134 2780,2134 2835,2135 2891,2136 2946,2137 3001,2137 3056,2138 3111,2139 3167,2139"/>
                <TextEquiv>
                    <Unicode>rück (Hofreiter) eine völlige Ausschöpfung des Problems.</Unicode>
                </TextEquiv>
            </TextLine>
            <TextLine id="r1l47" custom="readingOrder {index:46;}">
                <Coords points="130,2147 336,2131 911,2162 912,2112 829,2102 132,2078"/>
                <Baseline points="150,2131 187,2131 224,2130 261,2131 298,2131 335,2132 372,2133 409,2135 446,2136 483,2138 521,2140 558,2141 595,2143 632,2145 669,2147 706,2148 743,2149 780,2149 817,2150 854,2150 892,2149"/>
                <TextEquiv>
                    <Unicode>u reiches Episodenwerk, das die führen¬</Unicode>
                </TextEquiv>
            </TextLine>
            <TextLine id="r1l48" custom="readingOrder {index:47;}">
                <Coords points="905,2164 2059,2191 2060,2130 1965,2121 906,2107"/>
                <Baseline points="925,2153 980,2154 1036,2156 1092,2158 1148,2159 1203,2160 1259,2161 1315,2162 1371,2163 1426,2164 1482,2165 1538,2166 1594,2166 1649,2167 1705,2168 1761,2169 1817,2170 1872,2170 1928,2171 1984,2172 2040,2173"/>
                <TextEquiv>
                    <Unicode>hals schuf einen erschütternden Don Quijote: er erfüllte das</Unicode>
                </TextEquiv>
            </TextLine>
            <TextLine id="r1l49" custom="readingOrder {index:48;}">
                <Coords points="2064,2175 3211,2193 3204,2128 2065,2130"/>
                <Baseline points="2083,2168 2138,2168 2193,2169 2249,2169 2304,2170 2360,2170 2415,2171 2471,2172 2526,2172 2582,2173 2637,2174 2692,2174 2748,2175 2803,2175 2859,2175 2914,2176 2970,2176 3025,2176 3081,2177 3136,2177 3192,2177"/>
                <TextEquiv>
                    <Unicode>Im Schauspielhaus gastierte Suzanne Després</Unicode>
                </TextEquiv>
            </TextLine>
            <TextLine id="r1l50" custom="readingOrder {index:49;}">
                <Coords points="126,2173 644,2185 689,2206 793,2186 834,2207 914,2202 916,2156 641,2159 589,2126 569,2145 372,2123 127,2142"/>
                <Baseline points="147,2172 184,2172 221,2173 259,2174 296,2175 334,2177 371,2178 409,2179 446,2181 484,2183 521,2184 558,2185 596,2186 633,2188 671,2189 708,2190 746,2190 783,2191 821,2192 858,2192 896,2192"/>
                <TextEquiv>
                    <Unicode>Don Quijote und Sancho Pansa über¬</Unicode>
                </TextEquiv>
            </TextLine>
            <TextLine id="r1l51" custom="readingOrder {index:50;}">
                <Coords points="911,2203 2030,2234 2054,2173 911,2154"/>
                <Baseline points="930,2197 985,2198 1040,2200 1095,2201 1150,2202 1206,2203 1261,2204 1316,2205 1371,2206 1426,2207 1482,2208 1537,2209 1592,2210 1647,2211 1702,2212 1758,2213 1813,2214 1868,2214 1923,2215 1978,2215 2034,2216"/>
                <TextEquiv>
                    <Unicode>Zerrbild des Ritters von der traurigen Gestalt mit wahrer</Unicode>
                </TextEquiv>
            </TextLine>
            <TextLine id="r1l52" custom="readingOrder {index:51;}">
                <Coords points="2049,2220 3215,2240 3216,2183 2050,2148"/>
                <Baseline points="2070,2209 2126,2210 2182,2211 2238,2212 2295,2213 2351,2214 2407,2215 2464,2215 2520,2216 2576,2217 2633,2218 2689,2218 2745,2219 2801,2220 2858,2220 2914,2221 2970,2222 3027,2223 3083,2224 3139,2225 3196,2226"/>
                <TextEquiv>
                    <Unicode>mit ihrem Ensemble und riß durch ihre grandiose Leistung</Unicode>
                </TextEquiv>
            </TextLine>
            <TextLine id="r1l53" custom="readingOrder {index:52;}">
                <Coords points="149,2227 919,2243 920,2189 833,2179 150,2185"/>
                <Baseline points="170,2213 206,2215 242,2216 279,2218 315,2219 352,2220 388,2222 424,2223 461,2224 497,2225 534,2226 570,2228 606,2229 643,2230 679,2231 716,2232 752,2232 788,2233 825,2234 861,2235 898,2235"/>
                <TextEquiv>
                    <Unicode>g des Werkes, wenn schon die kraftvolle</Unicode>
                </TextEquiv>
            </TextLine>
            <TextLine id="r1l54" custom="readingOrder {index:53;}">
                <Coords points="905,2241 1804,2279 2051,2273 2053,2223 906,2203"/>
                <Baseline points="926,2236 981,2239 1036,2241 1092,2244 1147,2245 1202,2247 1258,2248 1313,2249 1368,2250 1424,2251 1479,2252 1534,2253 1590,2254 1645,2255 1700,2255 1756,2257 1811,2258 1866,2259 1922,2260 1977,2262 2033,2264"/>
                <TextEquiv>
                    <Unicode>Grandezza und überzeugte uns aufs tiefste von dem Adel,</Unicode>
                </TextEquiv>
            </TextLine>
            <TextLine id="r1l55" custom="readingOrder {index:54;}">
                <Coords points="2049,2259 3135,2276 3211,2254 3211,2212 2049,2213"/>
                <Baseline points="2067,2254 2123,2255 2179,2256 2235,2257 2291,2257 2348,2257 2404,2258 2460,2258 2516,2258 2572,2259 2629,2259 2685,2259 2741,2260 2797,2260 2853,2261 2910,2261 2966,2262 3022,2263 3078,2264 3134,2265 3191,2267"/>
                <TextEquiv>
                    <Unicode>eine gewählte Zuhörerschaft zu verientem Beifall hin. Dur</Unicode>
                </TextEquiv>
            </TextLine>
            <TextLine id="r1l56" custom="readingOrder {index:55;}">
                <Coords points="128,2269 441,2263 509,2285 532,2266 829,2299 905,2290 907,2244 187,2221 131,2196"/>
                <Baseline points="146,2257 183,2259 220,2260 257,2261 294,2262 331,2263 368,2264 405,2265 442,2267 479,2267 516,2268 553,2270 590,2271 627,2272 664,2273 701,2275 738,2276 775,2278 812,2279 849,2281 887,2282"/>
                <TextEquiv>
                    <Unicode>eer-Wallbrunas hohe Anerkennung fand.</Unicode>
                </TextEquiv>
            </TextLine>
            <TextLine id="r1l57" custom="readingOrder {index:56;}">
                <Coords points="904,2287 2055,2322 2056,2277 1987,2260 905,2241"/>
                <Baseline points="924,2283 979,2284 1035,2285 1090,2286 1146,2287 1202,2288 1257,2290 1313,2291 1368,2292 1424,2293 1480,2295 1535,2296 1591,2297 1646,2298 1702,2299 1758,2301 1813,2302 1869,2303 1924,2304 1980,2304 2036,2305"/>
                <TextEquiv>
                    <Unicode>den der Wahnverblendete in seinem Innern trägt. Die</Unicode>
                </TextEquiv>
            </TextLine>
            <TextLine id="r1l58" custom="readingOrder {index:57;}">
                <Coords points="2044,2309 3130,2319 3202,2312 3203,2262 2044,2259"/>
                <Baseline points="2064,2297 2120,2298 2176,2298 2232,2299 2288,2299 2344,2300 2400,2301 2456,2301 2512,2302 2568,2302 2624,2303 2680,2304 2736,2304 2792,2305 2848,2305 2904,2305 2960,2306 3016,2306 3072,2306 3128,2307 3184,2307"/>
                <TextEquiv>
                    <Unicode>hätte Frau Després bei der Wahl ihrer Stücke („La Rampe“.</Unicode>
                </TextEquiv>
            </TextLine>
            <TextLine id="r1l59" custom="readingOrder {index:58;}">
                <Coords points="128,2309 912,2331 913,2285 849,2276 129,2267"/>
                <Baseline points="148,2300 185,2302 222,2303 260,2305 297,2307 334,2308 372,2309 409,2310 446,2311 484,2312 521,2313 558,2314 596,2315 633,2316 670,2316 708,2317 745,2318 782,2319 820,2320 857,2321 895,2322"/>
                <TextEquiv>
                    <Unicode>rbeitung, die kürzlich im Hoftheater zur</Unicode>
                </TextEquiv>
            </TextLine>
            <TextLine id="r1l60" custom="readingOrder {index:59;}">
                <Coords points="904,2329 1501,2363 1681,2328 1955,2363 2050,2353 2051,2308 904,2283"/>
                <Baseline points="924,2325 979,2327 1034,2329 1090,2330 1145,2332 1200,2333 1256,2334 1311,2335 1366,2336 1422,2337 1477,2338 1532,2339 1588,2340 1643,2341 1698,2341 1754,2342 1809,2343 1864,2344 1920,2345 1975,2345 2031,2346"/>
                <TextEquiv>
                    <Unicode>stimmliche Bewältigung der gesanglich recht schwierigen</Unicode>
                </TextEquiv>
            </TextLine>
            <TextLine id="r1l61" custom="readingOrder {index:60;}">
                <Coords points="2044,2342 3092,2372 3210,2339 3211,2308 2045,2292"/>
                <Baseline points="2062,2340 2118,2340 2175,2341 2231,2341 2288,2342 2344,2342 2401,2343 2457,2344 2514,2345 2570,2346 2627,2346 2683,2347 2740,2348 2796,2348 2853,2349 2909,2349 2966,2350 3022,2350 3079,2350 3135,2350 3192,2349"/>
                <TextEquiv>
                    <Unicode>und „Marionettes“) doch nicht den Geschmack des deutschen</Unicode>
                </TextEquiv>
            </TextLine>
            <TextLine id="r1l62" custom="readingOrder {index:61;}">
                <Coords points="145,2329 201,2361 312,2369 689,2357 712,2380 914,2382 915,2329 832,2311 146,2303"/>
                <Baseline points="164,2346 200,2348 236,2349 273,2351 309,2352 346,2353 382,2355 419,2355 455,2356 492,2357 528,2358 564,2359 601,2360 637,2361 674,2361 710,2363 747,2364 783,2365 820,2367 856,2368 893,2370"/>
                <TextEquiv>
                    <Unicode>ist nun die Handlung noch stärker zu¬</Unicode>
                </TextEquiv>
            </TextLine>
            <TextLine id="r1l63" custom="readingOrder {index:62;}">
                <Coords points="898,2371 1869,2404 2045,2396 2046,2354 899,2325"/>
                <Baseline points="919,2368 974,2370 1029,2372 1085,2374 1140,2375 1196,2376 1251,2378 1306,2379 1362,2380 1417,2381 1473,2382 1528,2382 1583,2383 1639,2384 1694,2384 1750,2385 1805,2386 1860,2387 1916,2388 1971,2390 2027,2391"/>
                <TextEquiv>
                    <Unicode>Rolle stand auf gleicher Höhe. Das lustige Gegenspiel, des</Unicode>
                </TextEquiv>
            </TextLine>
            <TextLine id="r1l64" custom="readingOrder {index:63;}">
                <Coords points="2045,2390 3028,2409 3207,2384 3208,2338 2046,2336"/>
                <Baseline points="2066,2380 2122,2381 2178,2382 2234,2383 2290,2385 2347,2385 2403,2387 2459,2387 2515,2388 2571,2389 2628,2390 2684,2390 2740,2391 2796,2391 2852,2392 2909,2392 2965,2392 3021,2392 3077,2393 3133,2393 3190,2392"/>
                <TextEquiv>
                    <Unicode>Publikums derartig unterstützen dürfen. Sie sind das</Unicode>
                </TextEquiv>
            </TextLine>
            <TextLine id="r1l65" custom="readingOrder {index:64;}">
                <Coords points="140,2397 913,2415 914,2369 835,2359 183,2349 142,2325"/>
                <Baseline points="158,2388 194,2390 231,2392 268,2393 305,2394 342,2396 379,2397 415,2398 452,2399 489,2400 526,2401 563,2402 600,2403 637,2404 673,2405 710,2405 747,2406 784,2407 821,2408 858,2409 895,2409"/>
                <TextEquiv>
                    <Unicode>dadurch zu unmittelbarer Wirkung ge¬</Unicode>
                </TextEquiv>
            </TextLine>
            <TextLine id="r1l66" custom="readingOrder {index:65;}">
                <Coords points="893,2427 2036,2444 2011,2390 895,2367"/>
                <Baseline points="914,2409 969,2411 1024,2413 1079,2414 1135,2416 1190,2418 1245,2419 1300,2420 1356,2422 1411,2423 1466,2424 1521,2426 1577,2427 1632,2428 1687,2429 1742,2430 1798,2430 1853,2431 1908,2431 1963,2432 2019,2432"/>
                <TextEquiv>
                    <Unicode>Sancho Pansa unseres Sieglitz, wurde in derbem Kontrast</Unicode>
                </TextEquiv>
            </TextLine>
            <TextLine id="r1l67" custom="readingOrder {index:66;}">
                <Coords points="2048,2437 3203,2435 3203,2397 2994,2376 2936,2406 2049,2368"/>
                <Baseline points="2067,2426 2122,2427 2178,2428 2234,2429 2290,2430 2346,2431 2401,2431 2457,2432 2513,2432 2569,2432 2625,2433 2680,2433 2736,2433 2792,2434 2848,2434 2904,2434 2959,2435 3015,2435 3071,2436 3127,2437 3183,2437"/>
                <TextEquiv>
                    <Unicode>törichtste, was wohl je eine fremde Truppe aus ihrer Heimat</Unicode>
                </TextEquiv>
            </TextLine>
            <TextLine id="r1l68" custom="readingOrder {index:67;}">
                <Coords points="128,2436 760,2450 786,2474 908,2466 910,2412 129,2390"/>
                <Baseline points="146,2433 183,2434 220,2435 257,2437 294,2438 331,2439 368,2440 406,2441 443,2443 480,2444 517,2445 554,2446 591,2448 628,2449 666,2450 703,2450 740,2451 777,2452 814,2452 851,2453 889,2453"/>
                <TextEquiv>
                    <Unicode>Quijote zieht aus, um seine Herrin</Unicode>
                </TextEquiv>
            </TextLine>
            <TextLine id="r1l69" custom="readingOrder {index:68;}">
                <Coords points="897,2466 2048,2487 2049,2422 898,2417"/>
                <Baseline points="916,2456 971,2457 1027,2458 1083,2459 1138,2461 1194,2462 1250,2463 1305,2464 1361,2465 1417,2466 1473,2467 1528,2468 1584,2469 1640,2470 1695,2471 1751,2472 1807,2473 1862,2473 1918,2474 1974,2475 2030,2475"/>
                <TextEquiv>
                    <Unicode>zum Don Qujjote gehalten. Leider mußte das interessante</Unicode>
                </TextEquiv>
            </TextLine>
            <TextLine id="r1l70" custom="readingOrder {index:69;}">
                <Coords points="2048,2475 3203,2475 3203,2437 3058,2425 2049,2414"/>
                <Baseline points="2066,2469 2121,2471 2177,2472 2233,2473 2289,2474 2345,2475 2401,2476 2456,2477 2512,2477 2568,2478 2624,2478 2680,2478 2736,2478 2792,2479 2847,2479 2903,2479 2959,2478 3015,2478 3071,2478 3127,2478 3183,2478"/>
                <TextEquiv>
                    <Unicode>nach München brachte und nur auf eine Rolle hin aufge¬</Unicode>
                </TextEquiv>
            </TextLine>
            <TextLine id="r1l71" custom="readingOrder {index:70;}">
                <Coords points="140,2482 905,2506 907,2453 141,2436"/>
                <Baseline points="159,2477 195,2477 231,2477 267,2477 304,2478 340,2479 376,2481 413,2482 449,2484 485,2485 522,2487 558,2488 594,2490 630,2491 667,2492 703,2493 739,2494 776,2495 812,2495 848,2494 885,2494"/>
                <TextEquiv>
                    <Unicode>so zu entzaubern. Er benutzt dazu einen</Unicode>
                </TextEquiv>
            </TextLine>
            <TextLine id="r1l72" custom="readingOrder {index:71;}">
                <Coords points="900,2505 2046,2534 2047,2469 2009,2465 901,2456"/>
                <Baseline points="920,2497 975,2499 1030,2501 1086,2503 1141,2504 1196,2505 1252,2507 1307,2507 1362,2508 1418,2509 1473,2509 1528,2510 1584,2510 1639,2510 1694,2511 1750,2512 1805,2512 1860,2513 1916,2515 1971,2516 2027,2518"/>
                <TextEquiv>
                    <Unicode>Werk gleich nach der Erstaufführung wieder vom Repertoire</Unicode>
                </TextEquiv>
            </TextLine>
            <TextLine id="r1l73" custom="readingOrder {index:72;}">
                <Coords points="2034,2526 3162,2536 3205,2472 2035,2461"/>
                <Baseline points="2054,2511 2110,2513 2167,2514 2223,2515 2280,2517 2336,2518 2393,2519 2449,2520 2506,2520 2562,2521 2619,2522 2676,2522 2732,2522 2789,2523 2845,2523 2902,2523 2958,2523 3015,2523 3071,2522 3128,2522 3185,2522"/>
                <TextEquiv>
                    <Unicode>baut, die die Meisterschaft der Künstlerin allerdings recht</Unicode>
                </TextEquiv>
            </TextLine>
            <TextLine id="r1l74" custom="readingOrder {index:73;}">
                <Coords points="138,2528 800,2557 915,2538 917,2500 140,2471"/>
                <Baseline points="156,2516 193,2517 230,2518 267,2519 304,2520 341,2522 378,2523 415,2524 452,2526 489,2527 527,2529 564,2530 601,2532 638,2533 675,2534 712,2535 749,2536 786,2537 823,2537 860,2537 898,2538"/>
                <TextEquiv>
                    <Unicode>s mit seinem Sohn Fernando, der gegen</Unicode>
                </TextEquiv>
            </TextLine>
            <TextLine id="r1l75" custom="readingOrder {index:74;}">
                <Coords points="894,2543 1812,2560 1813,2503 895,2501"/>
                <Baseline points="914,2539 957,2541 1001,2543 1045,2544 1089,2545 1133,2546 1177,2548 1221,2548 1265,2549 1309,2550 1353,2551 1396,2552 1440,2552 1484,2553 1528,2553 1572,2554 1616,2555 1660,2555 1704,2556 1748,2556 1792,2557"/>
                <TextEquiv>
                    <Unicode>abgesetzt werden, da Sieglitz schwer erkrankt ist.</Unicode>
                </TextEquiv>
            </TextLine>
            <TextLine id="r1l76" custom="readingOrder {index:75;}">
                <Coords points="2031,2569 3075,2582 3216,2560 3216,2519 2031,2523"/>
                <Baseline points="2051,2557 2108,2557 2165,2558 2222,2559 2280,2559 2337,2560 2394,2561 2451,2562 2509,2562 2566,2563 2623,2564 2680,2564 2738,2565 2795,2565 2852,2565 2909,2565 2967,2565 3024,2564 3081,2563 3138,2562 3196,2560"/>
                <TextEquiv>
                    <Unicode>zeigt. Ferner gab es im Schauspielhaus die Erstaufführung¬</Unicode>
                </TextEquiv>
            </TextLine>
            <TextLine id="r1l77" custom="readingOrder {index:76;}">
                <Coords points="132,2573 608,2572 912,2601 914,2540 133,2516"/>
                <Baseline points="150,2559 187,2561 224,2562 261,2564 298,2565 335,2567 372,2568 409,2570 446,2571 483,2572 521,2573 558,2574 595,2575 632,2575 669,2577 706,2577 743,2579 780,2579 817,2580 854,2582 892,2583"/>
                <TextEquiv>
                    <Unicode>ers die schöne Luscinda heiraten will.</Unicode>
                </TextEquiv>
            </TextLine>
            <TextLine id="r1l78" custom="readingOrder {index:77;}">
                <Coords points="916,2582 2039,2618 2040,2542 916,2544"/>
                <Baseline points="933,2587 987,2587 1041,2588 1096,2589 1150,2590 1205,2591 1259,2592 1313,2593 1368,2595 1422,2596 1477,2597 1531,2598 1585,2599 1640,2600 1694,2601 1749,2602 1803,2603 1857,2604 1912,2604 1966,2605 2021,2605"/>
                <TextEquiv>
                    <Unicode>Als Hoffmann und Florestan (Fidelio) gastierte hier Herr</Unicode>
                </TextEquiv>
            </TextLine>
            <TextLine id="r1l79" custom="readingOrder {index:78;}">
                <Coords points="2039,2605 3209,2598 3209,2564 3114,2552 2040,2563"/>
                <Baseline points="2057,2601 2113,2601 2170,2602 2226,2602 2283,2603 2339,2604 2396,2605 2452,2606 2509,2607 2565,2608 2622,2608 2679,2609 2735,2609 2792,2610 2848,2610 2905,2610 2961,2609 3018,2609 3074,2608 3131,2606 3188,2605"/>
                <TextEquiv>
                    <Unicode>der „Hydra“ von Karl Ettlinger, dessen Humor uns</Unicode>
                </TextEquiv>
            </TextLine>
            <TextLine id="r1l80" custom="readingOrder {index:79;}">
                <Coords points="138,2614 907,2634 909,2585 139,2565"/>
                <Baseline points="158,2605 194,2606 230,2607 267,2607 303,2609 340,2610 376,2611 413,2612 449,2613 486,2614 522,2615 558,2616 595,2617 631,2618 668,2619 704,2620 741,2621 777,2621 814,2622 850,2622 887,2623"/>
                <TextEquiv>
                    <Unicode>die Hand Dulcineas gewinnen zu kön¬</Unicode>
                </TextEquiv>
            </TextLine>
            <TextLine id="r1l81" custom="readingOrder {index:80;}">
                <Coords points="892,2626 2019,2658 2047,2606 892,2588"/>
                <Baseline points="911,2626 966,2627 1022,2628 1078,2629 1134,2631 1190,2632 1246,2633 1301,2634 1357,2636 1413,2637 1469,2638 1525,2640 1581,2641 1637,2642 1692,2643 1748,2644 1804,2646 1860,2647 1916,2648 1972,2648 2028,2649"/>
                <TextEquiv>
                    <Unicode>Karl Erb aus Stuttgart dessen prachtvolle Tenor¬</Unicode>
                </TextEquiv>
            </TextLine>
            <TextLine id="r1l82" custom="readingOrder {index:81;}">
                <Coords points="2043,2645 3155,2661 3201,2650 3201,2597 2043,2603"/>
                <Baseline points="2060,2645 2116,2646 2172,2646 2228,2647 2284,2647 2340,2647 2396,2648 2452,2648 2508,2648 2564,2648 2621,2649 2677,2649 2733,2649 2789,2649 2845,2649 2901,2649 2957,2650 3013,2650 3069,2650 3125,2650 3182,2651"/>
                <TextEquiv>
                    <Unicode>in der Jugend“ schon so manche köstliche Stunde bereiter</Unicode>
                </TextEquiv>
            </TextLine>
            <TextLine id="r1l83" custom="readingOrder {index:82;}">
                <Coords points="125,2657 902,2682 904,2628 771,2609 629,2635 577,2607 279,2609 128,2581"/>
                <Baseline points="143,2644 181,2645 220,2648 259,2649 298,2651 337,2653 376,2654 415,2655 454,2656 493,2658 531,2659 570,2660 609,2661 648,2662 687,2663 726,2664 765,2665 804,2666 843,2667 882,2669"/>
                <TextEquiv>
                    <Unicode>ndo zum Verzicht zwingt. Er zieht nach</Unicode>
                </TextEquiv>
            </TextLine>
            <TextLine id="r1l84" custom="readingOrder {index:83;}">
                <Coords points="891,2683 2042,2708 2043,2654 1895,2643 893,2626"/>
                <Baseline points="911,2670 966,2671 1022,2673 1077,2674 1133,2675 1189,2677 1244,2678 1300,2680 1356,2681 1411,2682 1467,2683 1523,2684 1578,2685 1634,2686 1690,2687 1745,2688 1801,2690 1857,2691 1912,2692 1968,2693 2024,2694"/>
                <TextEquiv>
                    <Unicode>stimme uns schon von der vorjährigen Vereinsaufführung</Unicode>
                </TextEquiv>
            </TextLine>
            <TextLine id="r1l85" custom="readingOrder {index:84;}">
                <Coords points="2039,2698 3117,2707 3197,2695 3197,2642 2039,2645"/>
                <Baseline points="2058,2687 2116,2688 2175,2689 2234,2690 2293,2690 2352,2691 2411,2691 2470,2692 2529,2692 2588,2692 2646,2692 2705,2692 2764,2692 2823,2692 2882,2692 2941,2692 3000,2693 3059,2693 3118,2693 3177,2693"/>
                <TextEquiv>
                    <Unicode>hat. Aber ein anderes ist es in kurzen Versen und Skizzen</Unicode>
                </TextEquiv>
            </TextLine>
            <TextLine id="r1l86" custom="readingOrder {index:85;}">
                <Coords points="120,2694 1560,2752 2032,2748 2034,2695 122,2637"/>
                <Baseline points="140,2690 233,2693 327,2696 420,2699 514,2702 608,2704 701,2707 795,2709 889,2712 982,2714 1076,2716 1170,2719 1263,2721 1357,2723 1451,2725 1544,2727 1638,2729 1732,2731 1825,2733 1919,2735 2013,2737"/>
                <TextEquiv>
                    <Unicode>em Wirt einer armseligen Schenke, in des „Armen Heinrich“ im Prinzregententeater hier in an¬</Unicode>
                </TextEquiv>
            </TextLine>
            <TextLine id="r1l87" custom="readingOrder {index:86;}">
                <Coords points="2033,2745 3198,2753 3199,2696 2033,2699"/>
                <Baseline points="2053,2731 2109,2732 2165,2732 2221,2733 2278,2734 2334,2734 2390,2735 2447,2735 2503,2735 2559,2736 2616,2736 2672,2736 2728,2736 2784,2735 2841,2735 2897,2735 2953,2734 3010,2734 3066,2733 3122,2732 3179,2732"/>
                <TextEquiv>
                    <Unicode>zu unterhalten, ein anderes, einem abendfüllenden Lustspiel</Unicode>
                </TextEquiv>
            </TextLine>
            <TextLine id="r1l88" custom="readingOrder {index:87;}">
                <Coords points="126,2740 1778,2800 2038,2788 2039,2742 127,2686"/>
                <Baseline points="146,2731 239,2736 333,2739 426,2743 520,2746 613,2749 707,2752 800,2755 894,2757 987,2759 1081,2761 1175,2763 1268,2765 1362,2767 1455,2769 1549,2771 1642,2773 1736,2775 1829,2777 1923,2780 2017,2782"/>
                <TextEquiv>
                    <Unicode>erten Hüter Duleineas zu sehen meint, genehmer Erinnerung war. Sein Engagement nach Mün¬</Unicode>
                </TextEquiv>
            </TextLine>
            <TextLine id="r1l89" custom="readingOrder {index:88;}">
                <Coords points="2036,2777 3198,2785 3172,2736 2036,2735"/>
                <Baseline points="2056,2771 2112,2773 2168,2774 2224,2775 2280,2776 2337,2777 2393,2777 2449,2778 2505,2778 2561,2778 2618,2778 2674,2778 2730,2778 2786,2778 2842,2778 2899,2777 2955,2777 3011,2777 3067,2778 3123,2778 3180,2778"/>
                <TextEquiv>
                    <Unicode>inneren Gehalt zu verleihen. Den Inhalt des Stücks bildet</Unicode>
                </TextEquiv>
            </TextLine>
            <TextLine id="r1l90" custom="readingOrder {index:89;}">
                <Coords points="121,2789 2044,2833 2045,2787 1806,2769 122,2744"/>
                <Baseline points="140,2776 234,2779 328,2783 422,2785 517,2788 611,2791 705,2794 799,2796 894,2799 988,2801 1082,2804 1176,2806 1271,2808 1365,2811 1459,2813 1553,2815 1648,2818 1742,2820 1836,2822 1930,2825 2025,2827"/>
                <TextEquiv>
                    <Unicode>n, aber von Fernando im Zweikampf be= chen bedeutet für die Stuttaarter Oper einen großen Ver¬</Unicode>
                </TextEquiv>
            </TextLine>
            <TextLine id="r1l91" custom="readingOrder {index:90;}">
                <Coords points="2031,2825 2988,2812 3060,2846 3205,2812 3205,2767 2031,2775"/>
                <Baseline points="2052,2816 2108,2818 2165,2819 2221,2819 2278,2820 2335,2820 2391,2821 2448,2821 2504,2821 2561,2821 2618,2822 2674,2822 2731,2822 2787,2821 2844,2821 2901,2821 2957,2821 3014,2821 3070,2821 3127,2821 3184,2821"/>
                <TextEquiv>
                    <Unicode>(wie schon anläßlich der Nürnberger Aufführung erwähnt)</Unicode>
                </TextEquiv>
            </TextLine>
            <TextLine id="r1l92" custom="readingOrder {index:91;}">
                <Coords points="132,2831 1922,2883 2033,2878 2034,2829 133,2778"/>
                <Baseline points="150,2821 243,2825 336,2828 429,2831 522,2834 615,2837 708,2839 802,2842 895,2844 988,2846 1081,2848 1174,2850 1267,2852 1360,2854 1454,2856 1547,2858 1640,2860 1733,2863 1826,2865 1919,2868 2013,2871"/>
                <TextEquiv>
                    <Unicode>nzwischen die Einwilligung zur Heirat lust. für uns aber einen reichen Gewinn. In beiden Rollen</Unicode>
                </TextEquiv>
            </TextLine>
            <TextLine id="r1l93" custom="readingOrder {index:92;}">
                <Coords points="2031,2867 3178,2877 3201,2813 2031,2821"/>
                <Baseline points="2049,2862 2105,2862 2162,2862 2218,2862 2275,2863 2331,2863 2388,2863 2444,2863 2501,2863 2557,2864 2614,2864 2671,2864 2727,2864 2784,2864 2840,2865 2897,2865 2953,2865 3010,2865 3066,2864 3123,2864 3180,2864"/>
                <TextEquiv>
                    <Unicode>der Konfikt zweier Theaterdirektoren (durch Waldau und</Unicode>
                </TextEquiv>
            </TextLine>
            <TextLine id="r1l94" custom="readingOrder {index:93;}">
                <Coords points="125,2873 2041,2915 2042,2869 1700,2846 127,2823"/>
                <Baseline points="144,2864 237,2867 331,2871 425,2874 519,2877 613,2880 707,2882 800,2884 894,2887 988,2889 1082,2891 1176,2893 1270,2895 1364,2897 1457,2899 1551,2901 1645,2903 1739,2905 1833,2907 1927,2909 2021,2912"/>
                <TextEquiv>
                    <Unicode>; aber während der Trauung erscheint bestätigte sich der günstige Eindruck des damaligen Auf¬</Unicode>
                </TextEquiv>
            </TextLine>
            <TextLine id="r1l95" custom="readingOrder {index:94;}">
                <Coords points="2029,2911 3195,2917 3180,2859 2029,2865"/>
                <Baseline points="2049,2904 2105,2904 2161,2905 2217,2905 2274,2905 2330,2906 2386,2906 2443,2906 2499,2907 2555,2907 2612,2907 2668,2907 2724,2907 2780,2907 2837,2907 2893,2907 2949,2907 3006,2907 3062,2906 3118,2906 3175,2905"/>
                <TextEquiv>
                    <Unicode>Peppler köstlich verkörpert), von denen der eine den Spiel¬</Unicode>
                </TextEquiv>
            </TextLine>
            <TextLine id="r1l96" custom="readingOrder {index:95;}">
                <Coords points="118,2914 2014,2975 2035,2914 119,2850"/>
                <Baseline points="138,2904 231,2908 325,2912 419,2915 513,2918 606,2921 700,2924 794,2926 888,2928 981,2930 1075,2932 1169,2934 1263,2935 1356,2937 1450,2939 1544,2941 1638,2943 1731,2945 1825,2948 1919,2950 2013,2954"/>
                <TextEquiv>
                    <Unicode>nem zerschlagenen Kirchensenster über tretens, da es scheint, als ob sich die Stimme noch weiter</Unicode>
                </TextEquiv>
            </TextLine>
            <TextLine id="r1l97" custom="readingOrder {index:96;}">
                <Coords points="2034,2956 3204,2969 3204,2908 2034,2895"/>
                <Baseline points="2054,2947 2110,2947 2166,2948 2223,2948 2279,2949 2336,2949 2392,2949 2449,2949 2505,2949 2562,2949 2618,2949 2674,2949 2731,2949 2787,2949 2844,2949 2900,2949 2957,2949 3013,2949 3070,2949 3126,2950 3183,2950"/>
                <TextEquiv>
                    <Unicode>plan nach rein künstlerischen Zielen gestalten möchte, ohne</Unicode>
                </TextEquiv>
            </TextLine>
            <TextLine id="r1l98" custom="readingOrder {index:97;}">
                <Coords points="119,2959 900,2978 902,2932 773,2912 715,2930 122,2890"/>
                <Baseline points="140,2949 177,2949 214,2950 251,2951 288,2952 325,2953 362,2955 399,2956 436,2958 473,2959 511,2960 548,2962 585,2963 622,2965 659,2967 696,2967 733,2969 770,2969 807,2970 844,2971 882,2971"/>
                <TextEquiv>
                    <Unicode>chwolles Bild) und streckt Fernando zu</Unicode>
                </TextEquiv>
            </TextLine>
            <TextLine id="r1l99" custom="readingOrder {index:98;}">
                <Coords points="887,2983 959,2977 1012,2993 1028,2978 1100,2979 1226,2993 1275,2982 1276,2937 888,2930"/>
                <Baseline points="906,2971 931,2973 956,2974 981,2975 1006,2975 1031,2976 1056,2976 1082,2977 1107,2977 1132,2977 1157,2978 1182,2978 1207,2978 1232,2978 1258,2978"/>
                <TextEquiv>
                    <Unicode>durchgebildet hätte.</Unicode>
                </TextEquiv>
            </TextLine>
            <TextLine id="r1l100" custom="readingOrder {index:99;}">
                <Coords points="2017,2980 3202,2997 3202,2952 2017,2934"/>
                <Baseline points="2035,2992 2092,2992 2149,2992 2207,2992 2264,2993 2321,2993 2379,2993 2436,2993 2493,2993 2551,2993 2608,2994 2665,2994 2723,2994 2780,2994 2837,2994 2895,2994 2952,2994 3009,2994 3067,2994 3124,2994 3182,2994"/>
                <TextEquiv>
                    <Unicode>dabei an das allabendliche schwere Defizit zu denken, den</Unicode>
                </TextEquiv>
            </TextLine>
            <TextLine id="r1l101" custom="readingOrder {index:100;}">
                <Coords points="123,2997 355,3020 383,2994 439,3019 554,2996 736,3025 802,3001 904,3027 906,2962 876,2957 700,2971 125,2936"/>
                <Baseline points="142,2989 179,2991 216,2993 253,2994 290,2996 327,2997 364,2999 401,3001 438,3002 475,3003 513,3005 550,3006 587,3008 624,3009 661,3009 698,3011 735,3011 772,3012 809,3013 846,3013 884,3013"/>
                <TextEquiv>
                    <Unicode>kitsgesellschaft erkennt den Wahn des</Unicode>
                </TextEquiv>
            </TextLine>
            <TextLine id="r1l102" custom="readingOrder {index:101;}">
                <Coords points="899,3018 2000,3053 2032,3001 900,2973"/>
                <Baseline points="918,3014 972,3017 1027,3019 1081,3021 1136,3023 1191,3024 1245,3026 1300,3027 1355,3028 1409,3029 1464,3030 1519,3031 1573,3032 1628,3033 1683,3034 1737,3035 1792,3036 1847,3037 1901,3038 1956,3039 2011,3040"/>
                <TextEquiv>
                    <Unicode>Das Residenztheater brachte gleichzeitig mit Berlin die Ur¬</Unicode>
                </TextEquiv>
            </TextLine>
            <TextLine id="r1l103" custom="readingOrder {index:102;}">
                <Coords points="2029,3041 3203,3050 3203,2981 2029,2996"/>
                <Baseline points="2047,3037 2103,3036 2160,3036 2217,3036 2274,3036 2330,3036 2387,3036 2444,3037 2501,3037 2557,3038 2614,3038 2671,3038 2728,3038 2784,3039 2841,3039 2898,3038 2955,3038 3011,3037 3068,3036 3125,3035 3182,3033"/>
                <TextEquiv>
                    <Unicode>der andere durch derbere Kost aufbessern will. Eine einge¬</Unicode>
                </TextEquiv>
            </TextLine>
            <TextLine id="r1l104" custom="readingOrder {index:103;}">
                <Coords points="918,3050 944,3046 956,3049 960,3044 972,3051 982,3038 1001,3035 996,3001 977,3004 969,3001 966,3005 958,3002 955,3007 942,3001 912,3005"/>
                <Baseline points="936,3042 982,3036"/>
                <TextEquiv>
                    <Unicode>15</Unicode>
                </TextEquiv>
            </TextLine>
            <TextLine id="r1l105" custom="readingOrder {index:104;}">
                <Coords points="137,3041 2037,3092 2012,3041 138,3003"/>
                <Baseline points="155,3039 248,3041 341,3043 434,3045 527,3048 621,3050 714,3053 807,3056 900,3059 993,3062 1087,3065 1180,3068 1273,3071 1366,3073 1459,3076 1553,3078 1646,3080 1739,3081 1832,3082 1925,3082 2019,3082"/>
                <TextEquiv>
                    <Unicode>d beschließt, ihn mitleidsvoll durch seine aufführung des neuen Schnitzler heraus. „Das weite</Unicode>
                </TextEquiv>
            </TextLine>
            <TextLine id="r1l106" custom="readingOrder {index:105;}">
                <Coords points="2034,3092 3196,3084 3196,3026 2643,3052 2034,3023"/>
                <Baseline points="2052,3076 2108,3078 2164,3079 2220,3080 2277,3081 2333,3082 2389,3082 2446,3083 2502,3083 2558,3083 2615,3083 2671,3083 2727,3083 2783,3083 2840,3083 2896,3083 2952,3082 3009,3082 3065,3082 3121,3081 3178,3081"/>
                <TextEquiv>
                    <Unicode>schmuggelte Pikanterie bringt den gewünschten Kassenerfolg</Unicode>
                </TextEquiv>
            </TextLine>
            <TextLine id="r1l107" custom="readingOrder {index:106;}">
                <Coords points="1316,3075 1330,3076 1330,3111 1316,3110"/>
                <Baseline points="1316,3098 1330,3099"/>
                <TextEquiv>
                    <Unicode></Unicode>
                </TextEquiv>
            </TextLine>
            <TextLine id="r1l108" custom="readingOrder {index:107;}">
                <Coords points="123,3087 2039,3134 1880,3080 124,3049"/>
                <Baseline points="141,3082 239,3083 338,3085 437,3088 536,3091 635,3094 734,3097 833,3100 932,3103 1031,3106 1129,3110 1228,3113 1327,3116 1426,3118 1525,3120 1624,3122 1723,3124 1822,3125 1921,3126 2020,3125"/>
                <TextEquiv>
                    <Unicode>keilen. Fernando, als Zauberer Merlin Land, das der Dichter#uenist das Land der</Unicode>
                </TextEquiv>
            </TextLine>
            <TextLine id="r1l109" custom="readingOrder {index:108;}">
                <Coords points="2037,3128 3195,3133 3195,3080 3141,3073 2037,3082"/>
                <Baseline points="2054,3123 2110,3124 2166,3124 2222,3125 2278,3125 2334,3125 2390,3126 2446,3126 2502,3126 2558,3126 2615,3125 2671,3125 2727,3125 2783,3125 2839,3124 2895,3124 2951,3124 3007,3123 3063,3123 3119,3122 3176,3122"/>
                <TextEquiv>
                    <Unicode>un nun treibt das „Goethetheater“ in diesem kukrativem</Unicode>
                </TextEquiv>
            </TextLine>
            <TextLine id="r1l110" custom="readingOrder {index:109;}">
                <Coords points="128,3132 2037,3179 2038,3122 130,3083"/>
                <Baseline points="149,3123 242,3126 335,3129 429,3132 522,3135 616,3137 709,3140 802,3143 896,3145 989,3148 1083,3150 1176,3152 1269,3154 1363,3157 1456,3159 1550,3161 1643,3163 1736,3164 1830,3166 1923,3167 2017,3169"/>
                <TextEquiv>
                    <Unicode>Qujote eine Buße auf, nach deren Er= Seele, in dem etwa ein Dußend Personen ihre Liebesfreuden</Unicode>
                </TextEquiv>
            </TextLine>
            <TextLine id="r1l111" custom="readingOrder {index:110;}">
                <Coords points="2032,3168 3202,3161 3171,3119 2032,3122"/>
                <Baseline points="2051,3166 2107,3167 2164,3168 2220,3168 2277,3169 2334,3169 2390,3170 2447,3170 2503,3170 2560,3170 2617,3169 2673,3169 2730,3169 2786,3168 2843,3168 2900,3167 2956,3167 3013,3166 3069,3165 3126,3165 3183,3164"/>
                <TextEquiv>
                    <Unicode>Fahrwasser weiter, bis es schließ ich mit großem Pomp sein</Unicode>
                </TextEquiv>
            </TextLine>
            <TextLine id="r1l112" custom="readingOrder {index:111;}">
                <Coords points="120,3180 3196,3165 121,3119"/>
                <Baseline points="141,3168 292,3172 444,3176 596,3181 747,3185 899,3189 1051,3193 1202,3196 1354,3200 1506,3203 1658,3206 1809,3208 1961,3210 2113,3212 2264,3213 2416,3214 2568,3214 2719,3213 2871,3212 3023,3211 3175,3208"/>
                <TextEquiv>
                    <Unicode>ka in einem fernen Schloß des Herzoas und ihren Liebesschmerz umhertummeln. In ihnen allen fünfjähriges Jubiläum feiern kann In diese etwas dürftige</Unicode>
                </TextEquiv>
            </TextLine>
            <TextLine id="r1l113" custom="readingOrder {index:112;}">
                <Coords points="146,3213 1719,3266 1804,3211 147,3152"/>
                <Baseline points="167,3210 247,3213 328,3215 409,3217 490,3220 571,3222 652,3224 732,3226 813,3228 894,3230 975,3232 1056,3234 1137,3236 1218,3238 1298,3239 1379,3241 1460,3243 1541,3245 1622,3247 1703,3249 1784,3251"/>
                <TextEquiv>
                    <Unicode>Quijote reitet mit Sancho Pansa berrscht eite Sehrsucht nach dauernder Liebe</Unicode>
                </TextEquiv>
            </TextLine>
            <TextLine id="r1l114" custom="readingOrder {index:113;}">
                <Coords points="1779,3245 3150,3266 3196,3205 1779,3207"/>
                <Baseline points="1798,3250 1867,3250 1936,3251 2005,3252 2074,3253 2143,3254 2212,3254 2281,3255 2350,3255 2419,3256 2488,3256 2557,3256 2626,3256 2695,3256 2764,3256 2833,3255 2902,3255 2971,3254 3040,3253 3109,3251 3178,3249"/>
                <TextEquiv>
                    <Unicode>Die einen und oberflächlich charakterisierte Handlung sind aber eine so</Unicode>
                </TextEquiv>
            </TextLine>
            <TextLine id="r1l115" custom="readingOrder {index:114;}">
                <Coords points="117,3254 2033,3313 2034,3256 1909,3241 119,3197"/>
                <Baseline points="136,3247 230,3251 324,3255 418,3258 512,3261 606,3264 700,3267 794,3269 888,3272 982,3275 1076,3277 1170,3279 1264,3282 1358,3284 1452,3285 1546,3287 1640,3289 1734,3290 1828,3292 1922,3293 2016,3295"/>
                <TextEquiv>
                    <Unicode>bird durch ein plastisch=orchestrales Zwi= können sie nicht festhalten, die andern sie nicht erreichen;</Unicode>
                </TextEquiv>
            </TextLine>
            <TextLine id="r1l116" custom="readingOrder {index:115;}">
                <Coords points="2024,3303 3198,3303 3197,3245 3140,3238 2024,3254"/>
                <Baseline points="2045,3293 2101,3295 2158,3297 2214,3297 2271,3298 2328,3299 2384,3299 2441,3299 2498,3299 2554,3299 2611,3298 2668,3298 2724,3297 2781,3297 2838,3296 2894,3295 2951,3294 3008,3294 3064,3293 3121,3293 3178,3292"/>
                <TextEquiv>
                    <Unicode>große Anzahl treffender und amüsanter Witze über. Theater¬</Unicode>
                </TextEquiv>
            </TextLine>
            <TextLine id="r1l117" custom="readingOrder {index:116;}">
                <Coords points="128,3300 2036,3358 1962,3299 130,3254"/>
                <Baseline points="146,3290 239,3295 333,3298 426,3301 520,3304 613,3307 707,3310 800,3312 894,3314 987,3316 1081,3318 1175,3320 1268,3322 1362,3324 1455,3326 1549,3328 1642,3330 1736,3333 1829,3335 1923,3338 2017,3341"/>
                <TextEquiv>
                    <Unicode>fiert) und wird von Luscinda=Dulcinea toll wirbein sie wie Blätter durcheinander, die ein wilder</Unicode>
                </TextEquiv>
            </TextLine>
            <TextLine id="r1l118" custom="readingOrder {index:117;}">
                <Coords points="2023,3342 3063,3353 3204,3319 3204,3277 2023,3300"/>
                <Baseline points="2043,3338 2100,3338 2157,3338 2214,3339 2271,3339 2328,3339 2385,3340 2443,3340 2500,3340 2557,3341 2614,3341 2671,3341 2728,3341 2785,3341 2843,3341 2900,3341 2957,3340 3014,3339 3071,3338 3128,3337 3186,3336"/>
                <TextEquiv>
                    <Unicode>direktoren, Schauspieler, Autoxen und nicht zuletzt über das</Unicode>
                </TextEquiv>
            </TextLine>
            <TextLine id="r1l119" custom="readingOrder {index:118;}">
                <Coords points="123,3347 3198,3380 124,3294"/>
                <Baseline points="143,3337 294,3342 446,3347 598,3352 750,3357 901,3361 1053,3366 1205,3370 1357,3373 1508,3377 1660,3379 1812,3382 1964,3383 2115,3385 2267,3386 2419,3386 2571,3385 2722,3384 2874,3382 3026,3379 3178,3375"/>
                <TextEquiv>
                    <Unicode>ittertum zu entsagen. Tief erschüttert Sturm durch die Lüfte jagt. Liebe quilli auf und erlischt, liebe Publikum eingestreut, daß das Stück sicher eine recht</Unicode>
                </TextEquiv>
            </TextLine>
            <TextLine id="r1l120" custom="readingOrder {index:119;}">
                <Coords points="127,3421 2890,3441 129,3341"/>
                <Baseline points="147,3382 283,3386 419,3390 555,3394 691,3398 828,3402 964,3405 1100,3409 1236,3412 1372,3415 1509,3418 1645,3421 1781,3423 1917,3425 2053,3427 2189,3428 2326,3429 2462,3430 2598,3430 2734,3430 2871,3429"/>
                <TextEquiv>
                    <Unicode>der Gelieben zu Füßen und zieht voll Haß tritt an ihre Stelle. Verrat und Ehebruch, Lüge und bedeutende Aufführungszifser erleben wird.</Unicode>
                </TextEquiv>
            </TextLine>
            <TextLine id="r1l121" custom="readingOrder {index:120;}">
                <Coords points="2728,4149 2758,4149 2777,4164 2823,4153 2850,4168 2877,4168 2877,4092 2819,4084 2808,4096 2785,4096 2770,4107 2755,4100 2728,4100"/>
                <Baseline points="2746,4141 2773,4142 2801,4142 2828,4142 2856,4141"/>
                <TextEquiv>
                    <Unicode></Unicode>
                </TextEquiv>
            </TextLine>
            <TextEquiv>
                <Unicode>W (
24. Das seite Land
box 28/5
rtreiungen
istiania, Cenf, Kopen¬
8
Nd. MAhzHALS PEapolli, rieu-Vorh,
Petersburg.
ncisco,t####
 t

ener Theaterbrief.
Entsagung von dannen, in der festen Zuversicht, daß seine! Feindschaft treiben ihr Spiel: es ist halt das Schicksal der
Herrin ihn dereinst zu neuen Taten berufen wird. Die Monschen, daß ihre Urtriebe sich nicht bändigen lassen,
6. Okt. Die hiesige Uraufführung der
Musik Wallbrunns legt ihren Schwerpunkt in die Charakte= mögen sie auch eine Zeitlang durch Moral, Konvention und
komödie „Don Quijote“ von Georg
risierung der tragischen Seite des Don Quijote=Problems.
soziale Erwägungen zurückgedämmt werden. Aus dem
Anion Beer=Wallbrunn, die im
Sie ist der musikolische Ausdruck eines Wahngebildes das Chaos der Gestalten steigen zwei Personen, Hofreiter und
and, stand damals unter einem wenig
sich selbst sehr ernst nimmt und auch von andern ernst ge¬
seine Frau Genia herauf, die am trotzigsten gegen die Ge¬
Wenn schon jeder epischen Stoff der Dra¬
nommen zu werden verlangt. Die Orchesterführung ist
walt des Sturmes ankämpfen, bis auch sie schließlich unter¬
Schwierigkeiten bietet, so wachsen diese
voller Absicht kraus und verworren gehalten, und darüber
liegen. Man braucht nur irgend ein französisches Stück
Behandlung der dem krausen Hirn des
liegt ein ganz eigenartiger Zauber wehmütig=phantastischer
dieser Art mit seiner erkünstelten Angst und Leidenschaft und
kancha entsprungenen Abenteuer ins Un¬
Melodien. Durch diese Auffassung gewient die Gestalt Don
mit seiner tändelnden Dialektik, heranzuziehen, um zu erken¬
iger Mäßigung hatte der Autor deshalb
Quijotes bedeutend stärker an Interesse als etwa in Richard nen, mit welcher durchdringenden Konsequenz, die den wah¬
e verschiedenen Taten Don Quijotes an
Strauß' gleichnamiger sinsonischer Dichtung. Die Szenen cen Dichter zeigt, Schnitzler das oft behandelte Problem an¬
zu lassen, sondern konzentrierte sich auf Sancho Pansas dagegen sind auch musikalisch von einem son gepackt hat. Die Aufführung gehört zu den besten, die das
er, das den traurig=heiteren Wahn sei= nige, oft grotesken Humor umflossen, der nur stellenweike Residenztheater in letzter Zeit herausgebracht hat und fand
Ers plastisch hervortreten läßt und der etwas nüchtern erscheint. Die Aufführung wurde dieser Auf¬ namentlich in Frau v. Hagen (Genial und Herrn Stein¬
andlung fähig war. Doch minderte da¬
fassung des Komponisten völlig gerecht. Namentlich Fein¬
rück (Hofreiter) eine völlige Ausschöpfung des Problems.
u reiches Episodenwerk, das die führen¬
hals schuf einen erschütternden Don Quijote: er erfüllte das
Im Schauspielhaus gastierte Suzanne Després
Don Quijote und Sancho Pansa über¬
Zerrbild des Ritters von der traurigen Gestalt mit wahrer
mit ihrem Ensemble und riß durch ihre grandiose Leistung
g des Werkes, wenn schon die kraftvolle
Grandezza und überzeugte uns aufs tiefste von dem Adel,
eine gewählte Zuhörerschaft zu verientem Beifall hin. Dur
eer-Wallbrunas hohe Anerkennung fand.
den der Wahnverblendete in seinem Innern trägt. Die
hätte Frau Després bei der Wahl ihrer Stücke („La Rampe“.
rbeitung, die kürzlich im Hoftheater zur
stimmliche Bewältigung der gesanglich recht schwierigen
und „Marionettes“) doch nicht den Geschmack des deutschen
ist nun die Handlung noch stärker zu¬
Rolle stand auf gleicher Höhe. Das lustige Gegenspiel, des
Publikums derartig unterstützen dürfen. Sie sind das
dadurch zu unmittelbarer Wirkung ge¬
Sancho Pansa unseres Sieglitz, wurde in derbem Kontrast
törichtste, was wohl je eine fremde Truppe aus ihrer Heimat
Quijote zieht aus, um seine Herrin
zum Don Qujjote gehalten. Leider mußte das interessante
nach München brachte und nur auf eine Rolle hin aufge¬
so zu entzaubern. Er benutzt dazu einen
Werk gleich nach der Erstaufführung wieder vom Repertoire
baut, die die Meisterschaft der Künstlerin allerdings recht
s mit seinem Sohn Fernando, der gegen
abgesetzt werden, da Sieglitz schwer erkrankt ist.
zeigt. Ferner gab es im Schauspielhaus die Erstaufführung¬
ers die schöne Luscinda heiraten will.
Als Hoffmann und Florestan (Fidelio) gastierte hier Herr
der „Hydra“ von Karl Ettlinger, dessen Humor uns
die Hand Dulcineas gewinnen zu kön¬
Karl Erb aus Stuttgart dessen prachtvolle Tenor¬
in der Jugend“ schon so manche köstliche Stunde bereiter
ndo zum Verzicht zwingt. Er zieht nach
stimme uns schon von der vorjährigen Vereinsaufführung
hat. Aber ein anderes ist es in kurzen Versen und Skizzen
em Wirt einer armseligen Schenke, in des „Armen Heinrich“ im Prinzregententeater hier in an¬
zu unterhalten, ein anderes, einem abendfüllenden Lustspiel
erten Hüter Duleineas zu sehen meint, genehmer Erinnerung war. Sein Engagement nach Mün¬
inneren Gehalt zu verleihen. Den Inhalt des Stücks bildet
n, aber von Fernando im Zweikampf be= chen bedeutet für die Stuttaarter Oper einen großen Ver¬
(wie schon anläßlich der Nürnberger Aufführung erwähnt)
nzwischen die Einwilligung zur Heirat lust. für uns aber einen reichen Gewinn. In beiden Rollen
der Konfikt zweier Theaterdirektoren (durch Waldau und
; aber während der Trauung erscheint bestätigte sich der günstige Eindruck des damaligen Auf¬
Peppler köstlich verkörpert), von denen der eine den Spiel¬
nem zerschlagenen Kirchensenster über tretens, da es scheint, als ob sich die Stimme noch weiter
plan nach rein künstlerischen Zielen gestalten möchte, ohne
chwolles Bild) und streckt Fernando zu
durchgebildet hätte.
dabei an das allabendliche schwere Defizit zu denken, den
kitsgesellschaft erkennt den Wahn des
Das Residenztheater brachte gleichzeitig mit Berlin die Ur¬
der andere durch derbere Kost aufbessern will. Eine einge¬
15
d beschließt, ihn mitleidsvoll durch seine aufführung des neuen Schnitzler heraus. „Das weite
schmuggelte Pikanterie bringt den gewünschten Kassenerfolg

keilen. Fernando, als Zauberer Merlin Land, das der Dichter#uenist das Land der
un nun treibt das „Goethetheater“ in diesem kukrativem
Qujote eine Buße auf, nach deren Er= Seele, in dem etwa ein Dußend Personen ihre Liebesfreuden
Fahrwasser weiter, bis es schließ ich mit großem Pomp sein
ka in einem fernen Schloß des Herzoas und ihren Liebesschmerz umhertummeln. In ihnen allen fünfjähriges Jubiläum feiern kann In diese etwas dürftige
Quijote reitet mit Sancho Pansa berrscht eite Sehrsucht nach dauernder Liebe
Die einen und oberflächlich charakterisierte Handlung sind aber eine so
bird durch ein plastisch=orchestrales Zwi= können sie nicht festhalten, die andern sie nicht erreichen;
große Anzahl treffender und amüsanter Witze über. Theater¬
fiert) und wird von Luscinda=Dulcinea toll wirbein sie wie Blätter durcheinander, die ein wilder
direktoren, Schauspieler, Autoxen und nicht zuletzt über das
ittertum zu entsagen. Tief erschüttert Sturm durch die Lüfte jagt. Liebe quilli auf und erlischt, liebe Publikum eingestreut, daß das Stück sicher eine recht
der Gelieben zu Füßen und zieht voll Haß tritt an ihre Stelle. Verrat und Ehebruch, Lüge und bedeutende Aufführungszifser erleben wird.
</Unicode>
            </TextEquiv>
        </TextRegion>
    </Page>
</PcGts>
