<?xml version="1.0" encoding="UTF-8" standalone="yes"?>
<PcGts xmlns="http://schema.primaresearch.org/PAGE/gts/pagecontent/2013-07-15" xmlns:xsi="http://www.w3.org/2001/XMLSchema-instance" xsi:schemaLocation="http://schema.primaresearch.org/PAGE/gts/pagecontent/2013-07-15 http://schema.primaresearch.org/PAGE/gts/pagecontent/2013-07-15/pagecontent.xsd">
    <Metadata>
        <Creator>prov=University of Rostock/Institute of Mathematics/CITlab/Gundram Leifert/gundram.leifert@uni-rostock.de:name=ONB_Newseye_GT_M1+(htr_id=10810)::::v=2.4.2
prov=University of Rostock/Institute of Mathematics/CITlab/Tobias Gruening/tobias.gruening@uni-rostock.de:name=de.uros.citlab.module.baseline2polygon.B2PSeamMultiOriented:v=2.4.2
prov=University of Rostock/Institute of Mathematics/CITlab/Tobias Gruening/tobias.gruening@uni-rostock.de:name=/mnt/transkribus/LA/DEA/URO/LA_news_onb_att.pb:de.uros.citlab.segmentation.CITlab_LA_ML:v=2.4.2
Transkribus</Creator>
        <Created>2019-10-07T11:14:08.019+02:00</Created>
        <LastChange>2019-10-08T03:25:37.077+02:00</LastChange>
        <TranskribusMetadata docId="223964" pageId="9496702" pageNr="440" tsid="16500021" status="IN_PROGRESS" userId="40391" imgUrl="https://files.transkribus.eu/Get?id=VXJEXUXBHXCESIIFNGRUZWMC&amp;fileType=view" xmlUrl="https://files.transkribus.eu/Get?id=CLKFYFPHJURSKTXLGOYDJDPE" imageId="6186929"/>
    </Metadata>
    <Page imageFilename="223964_0440.jpeg" imageWidth="3344" imageHeight="4384">
        <ReadingOrder>
            <OrderedGroup id="ro_1711441820042" caption="Regions reading order">
                <RegionRefIndexed index="0" regionRef="r1"/>
                <RegionRefIndexed index="1" regionRef="r2"/>
            </OrderedGroup>
        </ReadingOrder>
        <TextRegion orientation="0.0" id="r1" custom="readingOrder {index:0;}">
            <Coords points="183,269 183,3260 2211,3260 2211,269"/>
            <TextLine id="r1l1" custom="readingOrder {index:0;}">
                <Coords points="940,303 954,303 959,307 1018,304 1017,242 983,243 978,248 939,246"/>
                <Baseline points="952,300 979,300 1007,299"/>
                <TextEquiv>
                    <Unicode>I.</Unicode>
                </TextEquiv>
            </TextLine>
            <TextLine id="r1l2" custom="readingOrder {index:1;}">
                <Coords points="1028,307 1050,304 1094,310 1103,302 1117,309 1133,308 1131,263 1120,263 1113,256 1104,264 1097,264 1093,259 1083,262 1072,253 1063,253 1056,258 1042,254 1026,257"/>
                <Baseline points="1039,302 1066,301 1093,300 1121,300"/>
                <TextEquiv>
                    <Unicode>1 II C</Unicode>
                </TextEquiv>
            </TextLine>
            <TextLine id="r1l3" custom="readingOrder {index:2;}">
                <Coords points="1318,327 1460,333 1563,311 1649,335 1730,314 1773,332 1774,252 1699,245 1671,267 1612,244 1465,267 1427,248 1363,247 1319,267"/>
                <Baseline points="1331,302 1356,301 1381,300 1406,300 1432,300 1457,301 1482,301 1508,302 1533,303 1558,304 1583,305 1609,305 1634,305 1659,306 1685,305 1710,304 1735,304 1761,301"/>
                <TextEquiv>
                    <Unicode>box 29/1</Unicode>
                </TextEquiv>
            </TextLine>
            <TextLine id="r1l4" custom="readingOrder {index:3;}">
                <Coords points="210,327 345,302 431,338 954,349 1302,322 1234,289 953,301 819,246 632,272 212,244"/>
                <Baseline points="222,289 275,294 328,299 382,303 435,307 489,310 542,313 596,315 649,316 703,318 756,318 809,319 863,319 916,319 970,319 1023,319 1077,319 1130,318 1184,318 1237,317 1291,317"/>
                <TextEquiv>
                    <Unicode>24. Das GeiteAa</Unicode>
                </TextEquiv>
            </TextLine>
            <TextLine id="r1l5" custom="readingOrder {index:4;}">
                <Coords points="267,1464 635,1503 742,1488 788,1512 853,1495 972,1525 1077,1503 1080,1467 272,1396"/>
                <Baseline points="280,1448 319,1451 358,1454 397,1457 437,1460 476,1463 515,1466 554,1469 594,1472 633,1475 672,1478 711,1481 751,1485 790,1488 829,1491 868,1494 908,1497 947,1501 986,1503 1025,1507 1065,1509"/>
                <TextEquiv>
                    <Unicode>Märlascher Sprecher, Bochun</Unicode>
                </TextEquiv>
            </TextLine>
            <TextLine id="r1l6" custom="readingOrder {index:5;}">
                <Coords points="541,1660 612,1665 650,1703 1052,1725 1058,1645 972,1659 929,1647 901,1663 829,1613 546,1598"/>
                <Baseline points="554,1650 579,1657 605,1663 631,1668 656,1672 682,1676 708,1679 734,1682 759,1685 785,1687 811,1687 837,1689 862,1690 888,1691 914,1691 940,1692 965,1693 991,1693 1017,1694 1043,1695"/>
                <TextEquiv>
                    <Unicode>16 10 1911 —</Unicode>
                </TextEquiv>
            </TextLine>
            <TextLine id="r1l7" custom="readingOrder {index:6;}">
                <Coords points="1794,1733 1830,1738 1849,1736 1853,1739 1863,1735 1883,1736 1887,1677 1875,1676 1856,1657 1849,1661 1840,1660 1825,1669 1823,1666 1798,1669"/>
                <Baseline points="1806,1711 1840,1713 1874,1715"/>
                <TextEquiv>
                    <Unicode></Unicode>
                </TextEquiv>
            </TextLine>
            <TextLine id="r1l8" custom="readingOrder {index:7;}">
                <Coords points="1957,1742 2129,1741 2130,1674 2109,1672 2084,1683 2055,1662 2018,1670 2011,1665 1995,1674 1988,1667 1974,1676 1958,1676"/>
                <Baseline points="1969,1718 1998,1717 2028,1718 2057,1718 2087,1719 2117,1720"/>
                <TextEquiv>
                    <Unicode>—</Unicode>
                </TextEquiv>
            </TextLine>
            <TextLine id="r1l9" custom="readingOrder {index:8;}">
                <Coords points="1217,1767 2213,1795 2213,1756 2161,1741 1218,1723"/>
                <Baseline points="1228,1761 1276,1762 1325,1763 1373,1764 1422,1765 1471,1765 1519,1766 1568,1766 1617,1767 1665,1767 1714,1768 1763,1768 1811,1768 1860,1769 1909,1770 1957,1771 2006,1772 2055,1773 2103,1774 2152,1776 2201,1778"/>
                <TextEquiv>
                    <Unicode>klamieren: es sind alles Komödien der Seele.</Unicode>
                </TextEquiv>
            </TextLine>
            <TextLine id="r1l10" custom="readingOrder {index:9;}">
                <Coords points="399,1804 460,1831 548,1806 634,1824 797,1813 857,1843 930,1845 1016,1820 1018,1745 954,1734 865,1754 827,1732 648,1727 591,1750 455,1714 402,1728"/>
                <Baseline points="412,1795 441,1797 471,1798 500,1800 530,1802 560,1803 589,1805 619,1806 648,1807 678,1809 708,1810 737,1811 767,1812 796,1812 826,1813 856,1813 885,1813 915,1813 944,1813 974,1812 1004,1812"/>
                <TextEquiv>
                    <Unicode>Feuilleton.</Unicode>
                </TextEquiv>
            </TextLine>
            <TextLine id="r1l11" custom="readingOrder {index:10;}">
                <Coords points="1217,1807 2208,1829 2209,1785 2161,1780 1218,1766"/>
                <Baseline points="1228,1799 1276,1800 1324,1801 1373,1802 1421,1803 1470,1804 1518,1805 1567,1806 1615,1806 1664,1808 1712,1808 1760,1809 1809,1810 1857,1811 1906,1812 1954,1813 2003,1814 2051,1815 2100,1816 2148,1817 2197,1818"/>
                <TextEquiv>
                    <Unicode>Und auch im „Weiten Land“ will uns der Wie¬</Unicode>
                </TextEquiv>
            </TextLine>
            <TextLine id="r1l12" custom="readingOrder {index:11;}">
                <Coords points="1216,1844 2219,1874 2215,1803 2176,1826 1217,1807"/>
                <Baseline points="1229,1840 1280,1842 1332,1843 1383,1844 1435,1846 1486,1847 1538,1848 1589,1849 1641,1850 1692,1851 1744,1852 1795,1853 1847,1854 1898,1854 1950,1855 2001,1856 2053,1857 2104,1858 2156,1859 2208,1860"/>
                <TextEquiv>
                    <Unicode>ner Arzt wiederum psychologisch kommen. Mit der</Unicode>
                </TextEquiv>
            </TextLine>
            <TextLine id="r1l13" custom="readingOrder {index:12;}">
                <Coords points="1214,1881 2214,1901 2215,1856 1215,1845"/>
                <Baseline points="1225,1881 1273,1880 1322,1881 1371,1881 1420,1882 1469,1883 1518,1884 1566,1885 1615,1886 1664,1888 1713,1889 1762,1890 1811,1892 1860,1893 1908,1894 1957,1895 2006,1895 2055,1896 2104,1896 2153,1896 2202,1895"/>
                <TextEquiv>
                    <Unicode>weichen, feinnervigen Hand tastet er die Psyche der</Unicode>
                </TextEquiv>
            </TextLine>
            <TextLine id="r1l14" custom="readingOrder {index:13;}">
                <Coords points="321,1898 1074,1939 1076,1873 974,1858 323,1843"/>
                <Baseline points="332,1887 368,1890 405,1893 441,1896 478,1898 514,1899 551,1901 587,1903 624,1904 660,1905 697,1906 733,1907 770,1908 806,1908 843,1909 879,1910 916,1911 952,1912 989,1912 1025,1914 1062,1915"/>
                <TextEquiv>
                    <Unicode>Neues Stadttheater Bochum.</Unicode>
                </TextEquiv>
            </TextLine>
            <TextLine id="r1l15" custom="readingOrder {index:14;}">
                <Coords points="1208,1927 1938,1947 2010,1921 2219,1956 2221,1899 1209,1877"/>
                <Baseline points="1219,1916 1268,1917 1317,1918 1367,1918 1416,1919 1466,1921 1515,1922 1565,1924 1614,1925 1664,1927 1713,1929 1762,1930 1812,1932 1861,1933 1911,1934 1960,1935 2010,1935 2059,1936 2109,1936 2158,1936 2208,1935"/>
                <TextEquiv>
                    <Unicode>Menschen ab, die, da sie Kinder dieser Zeit sind,</Unicode>
                </TextEquiv>
            </TextLine>
            <TextLine id="r1l16" custom="readingOrder {index:15;}">
                <Coords points="491,1964 612,1959 669,1978 911,1973 912,1939 885,1947 828,1924 666,1927 617,1909 581,1929 543,1906 492,1934"/>
                <Baseline points="504,1951 530,1953 556,1955 583,1957 609,1957 636,1959 662,1960 688,1962 715,1962 741,1963 768,1964 794,1964 820,1965 847,1966 873,1967 900,1967"/>
                <TextEquiv>
                    <Unicode>Eine Uraufführung.</Unicode>
                </TextEquiv>
            </TextLine>
            <TextLine id="r1l17" custom="readingOrder {index:16;}">
                <Coords points="1211,1961 2207,1984 2192,1922 1954,1948 1212,1922"/>
                <Baseline points="1223,1954 1271,1955 1320,1955 1368,1956 1417,1958 1466,1960 1514,1962 1563,1963 1612,1965 1660,1967 1709,1969 1758,1970 1806,1971 1855,1973 1904,1974 1952,1975 2001,1975 2050,1975 2098,1975 2147,1974 2196,1973"/>
                <TextEquiv>
                    <Unicode>nichts natürliches und ursprüngliches mehr haben</Unicode>
                </TextEquiv>
            </TextLine>
            <TextLine id="r1l18" custom="readingOrder {index:17;}">
                <Coords points="1219,1998 1906,2039 2034,2007 2139,2035 2206,2015 2184,1976 1220,1962"/>
                <Baseline points="1230,1993 1278,1994 1326,1995 1374,1996 1422,1997 1471,1999 1519,2000 1567,2001 1615,2003 1663,2004 1712,2005 1760,2007 1808,2008 1856,2009 1904,2010 1953,2011 2001,2011 2049,2012 2097,2012 2145,2011 2194,2011"/>
                <TextEquiv>
                    <Unicode>und von einer außerordentlichen Krausheit des Ge¬</Unicode>
                </TextEquiv>
            </TextLine>
            <TextLine id="r1l19" custom="readingOrder {index:18;}">
                <Coords points="244,1986 339,2016 1203,2013 1204,1981 1147,1975 245,1957"/>
                <Baseline points="256,1990 302,1993 349,1997 396,1999 443,2002 490,2004 536,2005 583,2007 630,2008 677,2009 724,2010 770,2011 817,2011 864,2012 911,2012 958,2013 1004,2013 1051,2014 1098,2014 1145,2015 1192,2015"/>
                <TextEquiv>
                    <Unicode>Nirgends ließ sich der Beweis besser führen als</Unicode>
                </TextEquiv>
            </TextLine>
            <TextLine id="r1l20" custom="readingOrder {index:19;}">
                <Coords points="1217,2049 1301,2044 1367,2059 1395,2044 1431,2054 1447,2043 1550,2050 1551,2006 1506,1998 1487,2007 1341,2004 1300,1989 1282,2002 1218,1998"/>
                <Baseline points="1228,2033 1253,2033 1279,2033 1305,2034 1331,2035 1357,2035 1383,2036 1408,2037 1434,2037 1460,2038 1486,2039 1512,2039 1538,2039"/>
                <TextEquiv>
                    <Unicode>fühlslebens sind.</Unicode>
                </TextEquiv>
            </TextLine>
            <TextLine id="r1l21" custom="readingOrder {index:20;}">
                <Coords points="191,2032 1134,2075 1200,2063 1202,2017 193,1989"/>
                <Baseline points="202,2029 251,2031 300,2034 350,2037 399,2039 448,2041 498,2043 547,2044 596,2046 646,2048 695,2049 744,2050 794,2052 843,2052 892,2054 942,2054 991,2055 1040,2056 1090,2057 1139,2057 1189,2058"/>
                <TextEquiv>
                    <Unicode>an der Bochumer Bühne: Man soll keine fünfaktigen</Unicode>
                </TextEquiv>
            </TextLine>
            <TextLine id="r1l22" custom="readingOrder {index:21;}">
                <Coords points="1279,2084 1304,2084 1316,2093 1339,2079 1352,2086 1362,2081 1378,2090 1387,2081 1419,2076 1428,2085 1442,2085 1441,2046 1396,2049 1373,2058 1359,2052 1341,2054 1334,2047 1311,2047 1307,2052 1300,2045 1279,2048"/>
                <Baseline points="1291,2079 1319,2077 1347,2077 1375,2077 1403,2077 1431,2077"/>
                <TextEquiv>
                    <Unicode>„„</Unicode>
                </TextEquiv>
            </TextLine>
            <TextLine id="r1l23" custom="readingOrder {index:22;}">
                <Coords points="1433,2079 2223,2092 2224,2051 2094,2039 1434,2042"/>
                <Baseline points="1445,2076 1483,2077 1521,2078 1559,2079 1598,2081 1636,2082 1674,2084 1713,2085 1751,2086 1789,2087 1828,2088 1866,2089 1904,2090 1942,2090 1981,2091 2019,2091 2057,2091 2096,2090 2134,2090 2172,2089 2211,2088"/>
                <TextEquiv>
                    <Unicode>was für komplizierte Subjekte wir Men¬</Unicode>
                </TextEquiv>
            </TextLine>
            <TextLine id="r1l24" custom="readingOrder {index:23;}">
                <Coords points="194,2072 1200,2106 1201,2065 194,2049"/>
                <Baseline points="205,2072 254,2074 303,2076 352,2077 401,2080 450,2081 499,2083 549,2085 598,2087 647,2089 696,2090 745,2092 794,2093 843,2094 893,2094 942,2095 991,2095 1040,2095 1089,2095 1138,2094 1188,2093"/>
                <TextEquiv>
                    <Unicode>Schauspiele schreiben. Als Irthur Schnitzler es</Unicode>
                </TextEquiv>
            </TextLine>
            <TextLine id="r1l25" custom="readingOrder {index:24;}">
                <Coords points="1219,2118 1651,2118 1776,2150 2208,2129 2208,2095 1220,2065"/>
                <Baseline points="1230,2113 1278,2114 1326,2115 1375,2116 1423,2117 1471,2119 1520,2120 1568,2122 1616,2123 1665,2124 1713,2126 1761,2127 1810,2128 1858,2130 1906,2130 1955,2131 2003,2131 2051,2131 2100,2131 2148,2130 2197,2129"/>
                <TextEquiv>
                    <Unicode>schen im Grunde sind! So vieles hat zugleich Raum</Unicode>
                </TextEquiv>
            </TextLine>
            <TextLine id="r1l26" custom="readingOrder {index:25;}">
                <Coords points="189,2111 1054,2142 1195,2136 1196,2097 190,2069"/>
                <Baseline points="199,2110 248,2112 297,2114 346,2115 396,2118 445,2119 494,2121 543,2123 593,2125 642,2127 691,2128 740,2129 790,2131 839,2132 888,2132 937,2133 987,2133 1036,2132 1085,2132 1134,2130 1184,2129"/>
                <TextEquiv>
                    <Unicode>tat, dachte er gewiß nicht an einen primitiben west¬</Unicode>
                </TextEquiv>
            </TextLine>
            <TextLine id="r1l27" custom="readingOrder {index:26;}">
                <Coords points="1213,2156 2152,2179 2212,2146 1214,2119"/>
                <Baseline points="1226,2148 1274,2149 1323,2151 1371,2152 1420,2154 1469,2156 1517,2157 1566,2159 1615,2161 1663,2162 1712,2163 1761,2165 1809,2166 1858,2167 1907,2167 1955,2168 2004,2168 2053,2168 2101,2168 2150,2167 2199,2166"/>
                <TextEquiv>
                    <Unicode>in uns —! Liebe und Trug . . . . Treue und Treu¬</Unicode>
                </TextEquiv>
            </TextLine>
            <TextLine id="r1l28" custom="readingOrder {index:27;}">
                <Coords points="195,2159 1195,2191 1176,2133 196,2115"/>
                <Baseline points="206,2151 254,2152 303,2154 352,2156 401,2158 450,2159 499,2161 547,2162 596,2164 645,2165 694,2166 743,2167 792,2169 841,2169 889,2170 938,2171 987,2171 1036,2172 1085,2172 1134,2172 1183,2172"/>
                <TextEquiv>
                    <Unicode>fälischen Kulissenbau, dem er dennoch unter zwölf</Unicode>
                </TextEquiv>
            </TextLine>
            <TextLine id="r1l29" custom="readingOrder {index:28;}">
                <Coords points="1214,2197 1319,2211 1452,2178 1583,2215 2207,2215 2208,2165 1215,2154"/>
                <Baseline points="1226,2188 1274,2189 1322,2190 1371,2191 1419,2192 1468,2194 1516,2196 1565,2198 1613,2199 1662,2201 1710,2203 1758,2204 1807,2205 1855,2207 1904,2207 1952,2208 2001,2208 2049,2208 2098,2207 2146,2205 2195,2204"/>
                <TextEquiv>
                    <Unicode>losigkeit Anbetung für die eine und Verlangen</Unicode>
                </TextEquiv>
            </TextLine>
            <TextLine id="r1l30" custom="readingOrder {index:29;}">
                <Coords points="197,2195 1101,2228 1197,2221 1199,2171 198,2157"/>
                <Baseline points="208,2189 256,2190 305,2192 354,2194 403,2195 452,2197 501,2199 550,2200 599,2201 648,2202 697,2203 745,2205 794,2206 843,2207 892,2208 941,2208 990,2209 1039,2210 1088,2210 1137,2211 1186,2212"/>
                <TextEquiv>
                    <Unicode>anderen Bühnen dann die Gunst der Uraufführung</Unicode>
                </TextEquiv>
            </TextLine>
            <TextLine id="r1l31" custom="readingOrder {index:30;}">
                <Coords points="1210,2231 2206,2241 2206,2209 1211,2195"/>
                <Baseline points="1221,2229 1269,2230 1318,2230 1367,2231 1415,2232 1464,2233 1513,2235 1561,2236 1610,2238 1659,2240 1708,2241 1756,2242 1805,2244 1854,2244 1902,2245 1951,2245 2000,2246 2048,2245 2097,2244 2146,2243 2195,2241"/>
                <TextEquiv>
                    <Unicode>nach einer anderen oder nach mehreren. Wir ver¬</Unicode>
                </TextEquiv>
            </TextLine>
            <TextLine id="r1l32" custom="readingOrder {index:31;}">
                <Coords points="192,2227 1196,2264 1197,2220 1154,2214 193,2196"/>
                <Baseline points="204,2229 253,2230 302,2231 351,2232 400,2233 449,2234 498,2236 547,2237 596,2239 645,2240 694,2241 743,2242 792,2243 841,2245 890,2246 939,2247 988,2248 1037,2249 1086,2250 1135,2251 1185,2252"/>
                <TextEquiv>
                    <Unicode>seines neuen Werkes „Das weite Land“ zu teil</Unicode>
                </TextEquiv>
            </TextLine>
            <TextLine id="r1l33" custom="readingOrder {index:32;}">
                <Coords points="1215,2281 2064,2303 2206,2290 2207,2242 2044,2269 2002,2240 1216,2233"/>
                <Baseline points="1226,2268 1274,2269 1323,2270 1371,2272 1420,2273 1468,2274 1517,2275 1565,2276 1614,2277 1662,2279 1711,2280 1759,2281 1808,2282 1856,2283 1905,2283 1953,2284 2002,2284 2050,2284 2099,2284 2147,2284 2196,2283"/>
                <TextEquiv>
                    <Unicode>suchen wohl Ordnung in ums zu schaffen, so gut</Unicode>
                </TextEquiv>
            </TextLine>
            <TextLine id="r1l34" custom="readingOrder {index:33;}">
                <Coords points="189,2271 1202,2306 1204,2253 190,2227"/>
                <Baseline points="200,2267 249,2268 299,2269 348,2271 398,2272 448,2273 497,2275 547,2276 596,2277 646,2278 696,2279 745,2281 795,2282 844,2283 894,2284 944,2285 993,2286 1043,2287 1092,2288 1142,2289 1192,2289"/>
                <TextEquiv>
                    <Unicode>werden ließ: Man wußte diesen Gnadenbeweis einer</Unicode>
                </TextEquiv>
            </TextLine>
            <TextLine id="r1l35" custom="readingOrder {index:34;}">
                <Coords points="1206,2307 1899,2343 2210,2326 2211,2285 1206,2284"/>
                <Baseline points="1217,2307 1266,2308 1315,2308 1364,2309 1413,2310 1462,2311 1511,2312 1561,2314 1610,2315 1659,2316 1708,2317 1757,2318 1806,2319 1855,2320 1905,2321 1954,2322 2003,2323 2052,2323 2101,2323 2150,2323 2200,2322"/>
                <TextEquiv>
                    <Unicode>es geht, aber diese Ordnung ist doch nur etwas</Unicode>
                </TextEquiv>
            </TextLine>
            <TextLine id="r1l36" custom="readingOrder {index:35;}">
                <Coords points="194,2311 972,2344 1174,2335 1193,2295 195,2267"/>
                <Baseline points="205,2305 253,2306 302,2307 351,2308 400,2309 449,2310 497,2312 546,2313 595,2315 644,2317 693,2318 741,2321 790,2322 839,2324 888,2325 937,2326 985,2327 1034,2327 1083,2328 1132,2328 1181,2328"/>
                <TextEquiv>
                    <Unicode>literarischen Größe indes nicht zu schätzen, und so</Unicode>
                </TextEquiv>
            </TextLine>
            <TextLine id="r1l37" custom="readingOrder {index:36;}">
                <Coords points="1203,2346 1337,2377 1351,2370 1362,2377 1422,2340 1454,2357 1518,2353 1518,2333 1482,2334 1425,2317 1418,2324 1393,2309 1365,2323 1354,2313 1336,2322 1320,2312 1204,2305"/>
                <Baseline points="1214,2345 1240,2346 1267,2346 1293,2347 1320,2348 1347,2348 1373,2349 1400,2349 1427,2350 1453,2351 1480,2351 1507,2352"/>
                <TextEquiv>
                    <Unicode>künstliches</Unicode>
                </TextEquiv>
            </TextLine>
            <TextLine id="r1l38" custom="readingOrder {index:37;}">
                <Coords points="1510,2352 2202,2386 2203,2331 2169,2326 1975,2317 1876,2341 1605,2313 1511,2329"/>
                <Baseline points="1523,2348 1556,2349 1589,2350 1623,2351 1656,2352 1690,2353 1723,2354 1757,2355 1790,2355 1824,2356 1857,2357 1890,2357 1924,2358 1957,2358 1991,2359 2024,2359 2058,2360 2091,2360 2125,2360 2158,2361 2192,2361"/>
                <TextEquiv>
                    <Unicode>Das Natürliche ... ist das Chaos.</Unicode>
                </TextEquiv>
            </TextLine>
            <TextLine id="r1l39" custom="readingOrder {index:38;}">
                <Coords points="185,2357 1206,2376 1207,2324 186,2314"/>
                <Baseline points="197,2346 246,2346 296,2347 346,2348 396,2348 446,2350 496,2351 545,2353 595,2354 645,2356 695,2357 745,2359 795,2360 845,2361 894,2363 944,2364 994,2364 1044,2365 1094,2365 1144,2365 1194,2364"/>
                <TextEquiv>
                    <Unicode>wird Bochum unter besagtem Dutzend wenigstens</Unicode>
                </TextEquiv>
            </TextLine>
            <TextLine id="r1l40" custom="readingOrder {index:39;}">
                <Coords points="1201,2413 1212,2412 1215,2415 1226,2409 1233,2414 1239,2406 1264,2405 1262,2353 1246,2353 1241,2349 1234,2349 1198,2354"/>
                <Baseline points="1210,2388 1252,2386"/>
                <TextEquiv>
                    <Unicode>Jc</Unicode>
                </TextEquiv>
            </TextLine>
            <TextLine id="r1l41" custom="readingOrder {index:40;}">
                <Coords points="1350,2393 1900,2408 1957,2397 1958,2365 1458,2361 1424,2340 1350,2366"/>
                <Baseline points="1362,2386 1391,2386 1420,2387 1449,2388 1479,2389 1508,2389 1537,2390 1566,2391 1596,2391 1625,2392 1654,2393 1683,2393 1713,2394 1742,2394 1771,2395 1800,2395 1830,2395 1859,2395 1888,2395 1917,2396 1947,2396"/>
                <TextEquiv>
                    <Unicode>die Seele ist ein weites Land</Unicode>
                </TextEquiv>
            </TextLine>
            <TextLine id="r1l42" custom="readingOrder {index:41;}">
                <Coords points="190,2387 1202,2413 1173,2371 191,2353"/>
                <Baseline points="202,2385 251,2386 300,2387 350,2388 399,2389 449,2390 498,2392 547,2393 597,2394 646,2396 696,2397 745,2398 794,2400 844,2401 893,2402 943,2403 992,2404 1041,2405 1091,2405 1140,2406 1190,2406"/>
                <TextEquiv>
                    <Unicode>den Ruhm eingeheimst haben, daß es allein ein</Unicode>
                </TextEquiv>
            </TextLine>
            <TextLine id="r1l43" custom="readingOrder {index:42;}">
                <Coords points="1258,2426 2128,2455 2215,2432 2216,2390 1259,2389"/>
                <Baseline points="1270,2422 1316,2424 1363,2425 1410,2426 1456,2427 1503,2428 1550,2429 1596,2430 1643,2431 1690,2432 1737,2433 1783,2434 1830,2435 1877,2435 1923,2436 1970,2437 2017,2437 2063,2438 2110,2438 2157,2439 2204,2439"/>
                <TextEquiv>
                    <Unicode>Diese Erkenntnis der modernen Menschen gibt</Unicode>
                </TextEquiv>
            </TextLine>
            <TextLine id="r1l44" custom="readingOrder {index:43;}">
                <Coords points="185,2423 1166,2455 1190,2407 185,2391"/>
                <Baseline points="195,2423 244,2423 293,2425 342,2426 391,2427 440,2429 489,2430 539,2431 588,2433 637,2434 686,2436 735,2437 784,2438 833,2439 883,2440 932,2440 981,2441 1030,2441 1079,2441 1128,2440 1178,2440"/>
                <TextEquiv>
                    <Unicode>leeres Haus bestellte. Auch eine Tragikomödie!</Unicode>
                </TextEquiv>
            </TextLine>
            <TextLine id="r1l45" custom="readingOrder {index:44;}">
                <Coords points="1210,2467 2210,2486 2211,2431 1211,2428"/>
                <Baseline points="1221,2462 1272,2462 1324,2463 1375,2463 1427,2464 1478,2465 1530,2467 1581,2468 1633,2470 1684,2471 1736,2473 1787,2474 1839,2475 1890,2476 1942,2476 1993,2476 2045,2476 2096,2475 2148,2474 2200,2472"/>
                <TextEquiv>
                    <Unicode>uns Schnitzler in seiner neuen Tragikomödie. Er</Unicode>
                </TextEquiv>
            </TextLine>
            <TextLine id="r1l46" custom="readingOrder {index:45;}">
                <Coords points="187,2462 1189,2498 1190,2453 1135,2447 188,2426"/>
                <Baseline points="198,2462 247,2463 296,2464 345,2465 394,2466 443,2467 492,2468 541,2470 590,2471 639,2473 688,2474 737,2475 786,2476 835,2478 884,2479 933,2480 982,2480 1031,2481 1080,2481 1129,2481 1178,2481"/>
                <TextEquiv>
                    <Unicode>Die andere ist die Schnitzler'sche selber, das neue</Unicode>
                </TextEquiv>
            </TextLine>
            <TextLine id="r1l47" custom="readingOrder {index:46;}">
                <Coords points="1198,2507 2208,2522 2208,2484 2113,2468 1199,2466"/>
                <Baseline points="1211,2504 1260,2504 1309,2504 1358,2504 1408,2504 1457,2504 1506,2505 1555,2506 1605,2507 1654,2508 1703,2509 1752,2510 1802,2511 1851,2512 1900,2513 1949,2514 1999,2514 2048,2515 2097,2515 2146,2515 2196,2515"/>
                <TextEquiv>
                    <Unicode>legt sie einem der Helden in den Mund. Es klingt</Unicode>
                </TextEquiv>
            </TextLine>
            <TextLine id="r1l48" custom="readingOrder {index:47;}">
                <Coords points="176,2500 1064,2532 1173,2527 1197,2487 176,2461"/>
                <Baseline points="188,2499 237,2500 287,2502 337,2503 387,2505 437,2507 487,2509 536,2510 586,2511 636,2512 686,2514 736,2515 786,2516 836,2517 885,2517 935,2518 985,2518 1035,2518 1085,2518 1135,2517 1185,2517"/>
                <TextEquiv>
                    <Unicode>Werk, also klassifiziert. Nachdem man nun in Bo¬</Unicode>
                </TextEquiv>
            </TextLine>
            <TextLine id="r1l49" custom="readingOrder {index:48;}">
                <Coords points="1198,2543 2139,2569 2203,2554 2204,2524 1199,2524"/>
                <Baseline points="1210,2542 1259,2542 1308,2542 1357,2543 1406,2543 1455,2544 1504,2545 1553,2546 1602,2547 1651,2548 1700,2549 1749,2550 1798,2551 1847,2552 1896,2553 1945,2553 1994,2554 2043,2554 2092,2554 2141,2554 2191,2554"/>
                <TextEquiv>
                    <Unicode>etwas wie Resignation hindurch, wie wehmütiges</Unicode>
                </TextEquiv>
            </TextLine>
            <TextLine id="r1l50" custom="readingOrder {index:49;}">
                <Coords points="189,2543 1189,2569 1162,2522 189,2511"/>
                <Baseline points="201,2540 249,2541 298,2542 347,2543 396,2544 445,2545 493,2545 542,2547 591,2547 640,2549 689,2550 737,2550 786,2551 835,2552 884,2553 933,2554 981,2555 1030,2556 1079,2556 1128,2557 1177,2557"/>
                <TextEquiv>
                    <Unicode>chum Schnitzlers „dernier eri“ als erstes Lebenszei¬</Unicode>
                </TextEquiv>
            </TextLine>
            <TextLine id="r1l51" custom="readingOrder {index:50;}">
                <Coords points="1203,2586 2208,2593 2183,2556 1204,2542"/>
                <Baseline points="1215,2576 1264,2577 1313,2578 1362,2579 1411,2580 1460,2581 1509,2582 1558,2583 1607,2584 1656,2584 1705,2586 1754,2586 1803,2587 1852,2589 1901,2589 1950,2590 1999,2591 2048,2592 2097,2593 2146,2594 2196,2594"/>
                <TextEquiv>
                    <Unicode>Sinnieren. Und das ist ganz Schnitzler. Man muß</Unicode>
                </TextEquiv>
            </TextLine>
            <TextLine id="r1l52" custom="readingOrder {index:51;}">
                <Coords points="175,2591 1184,2614 1185,2568 176,2539"/>
                <Baseline points="188,2578 237,2579 286,2581 335,2582 385,2583 434,2585 483,2586 533,2587 582,2588 631,2589 681,2590 730,2591 779,2593 828,2594 878,2594 927,2595 976,2595 1026,2596 1075,2596 1124,2596 1174,2596"/>
                <TextEquiv>
                    <Unicode>chen vernommen, müßte man sich hernach, um die</Unicode>
                </TextEquiv>
            </TextLine>
            <TextLine id="r1l53" custom="readingOrder {index:52;}">
                <Coords points="1205,2621 2170,2646 2200,2642 2201,2603 1205,2584"/>
                <Baseline points="1217,2618 1265,2618 1314,2619 1362,2619 1411,2620 1460,2620 1508,2621 1557,2622 1606,2622 1654,2623 1703,2624 1752,2625 1800,2625 1849,2626 1898,2627 1946,2628 1995,2629 2044,2630 2092,2631 2141,2633 2190,2634"/>
                <TextEquiv>
                    <Unicode>ihn, den neuen Gesellschaftskritiker, dem anderen,</Unicode>
                </TextEquiv>
            </TextLine>
            <TextLine id="r1l54" custom="readingOrder {index:53;}">
                <Coords points="179,2620 1096,2649 1192,2640 1193,2601 179,2588"/>
                <Baseline points="190,2613 239,2616 289,2617 338,2619 388,2620 437,2622 487,2623 536,2625 586,2626 635,2627 685,2628 734,2629 784,2630 833,2631 883,2632 932,2633 982,2634 1031,2634 1081,2635 1130,2636 1180,2636"/>
                <TextEquiv>
                    <Unicode>Zufalls=Bekanntschaft zu befestigen, zu seinen ersten</Unicode>
                </TextEquiv>
            </TextLine>
            <TextLine id="r1l55" custom="readingOrder {index:54;}">
                <Coords points="1206,2666 2149,2684 2199,2671 2200,2642 1206,2620"/>
                <Baseline points="1218,2657 1266,2658 1315,2659 1363,2660 1412,2661 1460,2662 1509,2663 1557,2663 1606,2664 1654,2664 1703,2664 1751,2665 1800,2665 1848,2665 1897,2666 1945,2666 1994,2667 2042,2668 2091,2669 2139,2670 2188,2671"/>
                <TextEquiv>
                    <Unicode>Ibsen, gegenüberstellen, um den Kontrast vollends zu</Unicode>
                </TextEquiv>
            </TextLine>
            <TextLine id="r1l56" custom="readingOrder {index:55;}">
                <Coords points="174,2665 1060,2692 1188,2681 1189,2637 175,2619"/>
                <Baseline points="186,2653 235,2655 285,2656 334,2658 384,2659 433,2661 483,2662 532,2664 582,2665 631,2667 681,2668 731,2669 780,2670 830,2671 879,2672 929,2672 978,2673 1028,2673 1077,2674 1127,2674 1177,2674"/>
                <TextEquiv>
                    <Unicode>Spuren zurückfinden. Wir entheben uns fast die¬</Unicode>
                </TextEquiv>
            </TextLine>
            <TextLine id="r1l57" custom="readingOrder {index:56;}">
                <Coords points="1199,2706 2195,2714 2195,2678 2131,2674 1200,2661"/>
                <Baseline points="1210,2692 1258,2694 1307,2695 1355,2697 1404,2698 1453,2700 1501,2701 1550,2701 1599,2703 1647,2704 1696,2704 1745,2705 1793,2706 1842,2706 1891,2707 1939,2707 1988,2708 2037,2708 2085,2709 2134,2709 2183,2710"/>
                <TextEquiv>
                    <Unicode>erfassen. Ibsen ist hart, streng, herb, wahr und</Unicode>
                </TextEquiv>
            </TextLine>
            <TextLine id="r1l58" custom="readingOrder {index:57;}">
                <Coords points="189,2707 781,2701 1093,2731 1188,2692 190,2659"/>
                <Baseline points="200,2695 248,2695 297,2696 346,2697 395,2698 443,2700 492,2701 541,2703 590,2705 638,2706 687,2708 736,2710 785,2711 833,2712 882,2713 931,2714 980,2715 1028,2715 1077,2714 1126,2713 1175,2712"/>
                <TextEquiv>
                    <Unicode>ser Pflicht, um den Rahmen nicht zu weit span¬</Unicode>
                </TextEquiv>
            </TextLine>
            <TextLine id="r1l59" custom="readingOrder {index:58;}">
                <Coords points="1196,2726 1380,2755 2195,2764 2196,2720 1196,2698"/>
                <Baseline points="1208,2732 1256,2733 1305,2734 1354,2735 1403,2736 1452,2737 1500,2738 1549,2740 1598,2740 1647,2741 1696,2742 1744,2743 1793,2744 1842,2745 1891,2746 1940,2747 1988,2748 2037,2749 2086,2749 2135,2750 2184,2751"/>
                <TextEquiv>
                    <Unicode>mannhaft: Schnitzler weichlich, klügelnd, erotisch,</Unicode>
                </TextEquiv>
            </TextLine>
            <TextLine id="r1l60" custom="readingOrder {index:59;}">
                <Coords points="180,2738 1116,2766 1185,2753 1186,2721 181,2701"/>
                <Baseline points="192,2734 241,2735 290,2736 339,2737 388,2738 437,2739 486,2741 535,2742 584,2743 633,2745 683,2746 732,2747 781,2749 830,2749 879,2750 928,2751 977,2751 1026,2752 1075,2751 1124,2751 1174,2750"/>
                <TextEquiv>
                    <Unicode>nen zu müssen. Schon ward er groß genug in die¬</Unicode>
                </TextEquiv>
            </TextLine>
            <TextLine id="r1l61" custom="readingOrder {index:60;}">
                <Coords points="1202,2779 2196,2787 2112,2751 1203,2738"/>
                <Baseline points="1215,2774 1263,2774 1311,2774 1360,2774 1408,2775 1457,2776 1505,2777 1554,2778 1602,2779 1651,2780 1699,2781 1747,2782 1796,2783 1844,2784 1893,2785 1941,2786 1990,2786 2038,2787 2087,2787 2135,2787 2184,2786"/>
                <TextEquiv>
                    <Unicode>feminin. Er ist mehr Lyriker, freilich des Welt¬</Unicode>
                </TextEquiv>
            </TextLine>
            <TextLine id="r1l62" custom="readingOrder {index:61;}">
                <Coords points="181,2783 1186,2801 1186,2753 182,2740"/>
                <Baseline points="192,2774 241,2774 290,2775 339,2776 388,2777 437,2778 486,2779 535,2781 584,2782 633,2783 683,2784 732,2785 781,2786 830,2787 879,2787 928,2788 977,2788 1026,2789 1075,2789 1124,2789 1174,2789"/>
                <TextEquiv>
                    <Unicode>sem #sm Schauspiel, in dem der Dichter in ein</Unicode>
                </TextEquiv>
            </TextLine>
            <TextLine id="r1l63" custom="readingOrder {index:62;}">
                <Coords points="1201,2812 2132,2840 2196,2837 2197,2793 1201,2780"/>
                <Baseline points="1213,2813 1261,2813 1310,2814 1358,2814 1407,2815 1456,2815 1504,2816 1553,2817 1602,2817 1650,2818 1699,2819 1748,2820 1796,2821 1845,2822 1894,2823 1942,2823 1991,2824 2040,2825 2088,2826 2137,2826 2186,2827"/>
                <TextEquiv>
                    <Unicode>schmerzes, als Dramatiker. Und bei aller Tragik,</Unicode>
                </TextEquiv>
            </TextLine>
            <TextLine id="r1l64" custom="readingOrder {index:63;}">
                <Coords points="182,2816 1166,2843 1181,2797 182,2795"/>
                <Baseline points="194,2813 242,2814 291,2815 340,2816 389,2817 437,2817 486,2819 535,2820 584,2821 632,2822 681,2823 730,2824 779,2825 827,2826 876,2827 925,2828 974,2829 1022,2830 1071,2831 1120,2832 1169,2832"/>
                <TextEquiv>
                    <Unicode>gar „weites Land“ entführt. Der Titel ist viel¬</Unicode>
                </TextEquiv>
            </TextLine>
            <TextLine id="r1l65" custom="readingOrder {index:64;}">
                <Coords points="1195,2853 2184,2876 2198,2840 1196,2810"/>
                <Baseline points="1207,2850 1255,2850 1304,2851 1353,2852 1402,2853 1451,2854 1500,2855 1549,2856 1598,2857 1647,2858 1696,2859 1744,2859 1793,2860 1842,2861 1891,2862 1940,2862 1989,2863 2038,2863 2087,2863 2136,2864 2185,2864"/>
                <TextEquiv>
                    <Unicode>die er in Poesien um seine Figuren webt, huscht</Unicode>
                </TextEquiv>
            </TextLine>
            <TextLine id="r1l66" custom="readingOrder {index:65;}">
                <Coords points="181,2864 1181,2888 1182,2840 1009,2823 182,2816"/>
                <Baseline points="193,2850 241,2852 290,2853 339,2855 388,2856 437,2857 485,2858 534,2859 583,2860 632,2861 681,2861 729,2862 778,2863 827,2864 876,2865 925,2866 973,2868 1022,2869 1071,2871 1120,2873 1169,2875"/>
                <TextEquiv>
                    <Unicode>deutig und wirbt zu krausen Gedanken. Versuchen</Unicode>
                </TextEquiv>
            </TextLine>
            <TextLine id="r1l67" custom="readingOrder {index:66;}">
                <Coords points="1193,2887 2196,2905 2196,2873 1943,2857 1193,2857"/>
                <Baseline points="1204,2892 1253,2892 1302,2893 1351,2893 1400,2893 1449,2894 1498,2894 1547,2895 1596,2896 1645,2896 1694,2897 1743,2897 1792,2898 1841,2899 1890,2900 1939,2900 1988,2901 2037,2901 2086,2901 2135,2902 2185,2902"/>
                <TextEquiv>
                    <Unicode>ein wenig Spott und Lachen mit unter. So ward</Unicode>
                </TextEquiv>
            </TextLine>
            <TextLine id="r1l68" custom="readingOrder {index:67;}">
                <Coords points="182,2901 246,2898 274,2919 358,2897 612,2906 678,2927 785,2906 786,2867 320,2853 277,2875 183,2860"/>
                <Baseline points="195,2893 225,2893 255,2893 286,2894 316,2895 347,2896 377,2896 408,2897 438,2898 469,2898 499,2899 530,2900 560,2900 591,2901 621,2901 652,2901 682,2901 713,2901 743,2900 774,2899"/>
                <TextEquiv>
                    <Unicode>wir, uns Klarheit zu schaffen!</Unicode>
                </TextEquiv>
            </TextLine>
            <TextLine id="r1l69" custom="readingOrder {index:68;}">
                <Coords points="1201,2940 2196,2954 2197,2908 1201,2894"/>
                <Baseline points="1212,2929 1260,2930 1309,2931 1357,2932 1406,2932 1455,2933 1503,2933 1552,2934 1601,2935 1649,2935 1698,2936 1747,2936 1795,2937 1844,2937 1893,2938 1941,2938 1990,2939 2039,2939 2087,2940 2136,2941 2185,2942"/>
                <TextEquiv>
                    <Unicode>ihm die Neigung zur Tragikomödie, die in unseren</Unicode>
                </TextEquiv>
            </TextLine>
            <TextLine id="r1l70" custom="readingOrder {index:69;}">
                <Coords points="330,2957 588,2947 780,2968 867,2946 867,2907 835,2900 698,2912 677,2928 637,2906 331,2907"/>
                <Baseline points="342,2941 367,2943 393,2944 418,2946 444,2947 470,2948 495,2949 521,2949 547,2949 572,2950 598,2950 624,2950 649,2950 675,2950 701,2950 726,2950 752,2950 778,2950 803,2950 829,2950 855,2950"/>
                <TextEquiv>
                    <Unicode>Also spielen wir Theater</Unicode>
                </TextEquiv>
            </TextLine>
            <TextLine id="r1l71" custom="readingOrder {index:70;}">
                <Coords points="1202,2972 2081,3000 2194,2955 1203,2940"/>
                <Baseline points="1213,2972 1261,2971 1310,2971 1358,2971 1407,2971 1455,2971 1504,2972 1552,2972 1601,2973 1649,2974 1698,2975 1746,2976 1795,2976 1843,2977 1892,2978 1940,2978 1989,2979 2037,2979 2086,2979 2134,2978 2183,2977"/>
                <TextEquiv>
                    <Unicode>Zeiten fast zur literarischen Notwendigkeit gewor¬</Unicode>
                </TextEquiv>
            </TextLine>
            <TextLine id="r1l72" custom="readingOrder {index:71;}">
                <Coords points="334,2985 672,2991 704,3010 795,2988 879,3013 971,2987 972,2948 335,2957"/>
                <Baseline points="346,2984 376,2984 407,2985 438,2986 468,2987 499,2988 530,2988 560,2989 591,2990 622,2991 653,2992 683,2993 714,2993 745,2994 775,2994 806,2994 837,2995 867,2994 898,2994 929,2993 960,2992"/>
                <TextEquiv>
                    <Unicode>Spielen unstre eig'nen Stücke,</Unicode>
                </TextEquiv>
            </TextLine>
            <TextLine id="r1l73" custom="readingOrder {index:72;}">
                <Coords points="1199,3005 2196,3033 2197,2978 2078,3000 1199,2973"/>
                <Baseline points="1210,3006 1258,3007 1307,3008 1356,3009 1405,3010 1454,3011 1502,3012 1551,3013 1600,3013 1649,3014 1698,3015 1746,3015 1795,3016 1844,3016 1893,3017 1942,3018 1990,3018 2039,3019 2088,3020 2137,3020 2186,3021"/>
                <TextEquiv>
                    <Unicode>den: bei Schnitzler ist sie überdies psychologisch. Mit</Unicode>
                </TextEquiv>
            </TextLine>
            <TextLine id="r1l74" custom="readingOrder {index:73;}">
                <Coords points="341,3023 713,3042 880,3026 982,3065 1065,3034 1065,2993 949,2980 921,3004 704,3009 652,2990 341,2989"/>
                <Baseline points="352,3024 387,3025 422,3026 457,3027 492,3027 527,3028 562,3029 597,3030 632,3031 667,3031 703,3032 738,3033 773,3033 808,3034 843,3034 878,3035 913,3035 948,3036 983,3036 1018,3036 1054,3036"/>
                <TextEquiv>
                    <Unicode>Früh gereift und zart und traurig</Unicode>
                </TextEquiv>
            </TextLine>
            <TextLine id="r1l75" custom="readingOrder {index:74;}">
                <Coords points="1204,3046 2161,3060 2207,3084 2207,3025 2103,3016 1205,3010"/>
                <Baseline points="1216,3042 1267,3044 1319,3046 1370,3048 1422,3049 1473,3050 1525,3051 1576,3052 1628,3053 1679,3053 1731,3054 1782,3054 1834,3054 1885,3055 1937,3055 1988,3056 2040,3057 2091,3057 2143,3059 2195,3060"/>
                <TextEquiv>
                    <Unicode>Gefühlsstimmung und nachdenklicher Lyrik baut er</Unicode>
                </TextEquiv>
            </TextLine>
            <TextLine id="r1l76" custom="readingOrder {index:75;}">
                <Coords points="342,3062 422,3079 913,3081 914,3040 882,3028 747,3041 462,3023 441,3039 343,3023"/>
                <Baseline points="354,3060 381,3061 408,3062 436,3062 463,3063 491,3065 518,3065 545,3066 573,3067 600,3068 628,3069 655,3070 682,3071 710,3071 737,3071 765,3072 792,3072 819,3071 847,3071 874,3070 902,3069"/>
                <TextEquiv>
                    <Unicode>Die Komödie uns'rer Seele!</Unicode>
                </TextEquiv>
            </TextLine>
            <TextLine id="r1l77" custom="readingOrder {index:76;}">
                <Coords points="1201,3094 2167,3109 2200,3063 1202,3044"/>
                <Baseline points="1214,3083 1262,3084 1311,3085 1359,3085 1408,3086 1457,3087 1505,3088 1554,3089 1603,3090 1651,3090 1700,3091 1749,3092 1797,3093 1846,3093 1895,3094 1943,3095 1992,3095 2041,3096 2089,3096 2138,3096 2187,3097"/>
                <TextEquiv>
                    <Unicode>seine Szenen auf, die meist einen geistvollen und</Unicode>
                </TextEquiv>
            </TextLine>
            <TextLine id="r1l78" custom="readingOrder {index:77;}">
                <Coords points="255,3116 773,3107 816,3144 997,3116 1090,3141 1179,3127 1181,3070 456,3082 256,3048"/>
                <Baseline points="266,3109 311,3108 356,3108 401,3107 446,3107 491,3108 536,3109 582,3109 627,3111 672,3112 717,3114 762,3115 807,3116 852,3118 898,3119 943,3120 988,3121 1033,3122 1078,3122 1123,3122 1169,3122"/>
                <TextEquiv>
                    <Unicode>Das Leben ist Theater! sagt Hugo v. Hoff¬</Unicode>
                </TextEquiv>
            </TextLine>
            <TextLine id="r1l79" custom="readingOrder {index:78;}">
                <Coords points="1201,3126 2093,3153 2189,3136 2190,3109 1201,3091"/>
                <Baseline points="1213,3122 1261,3121 1309,3121 1357,3122 1406,3122 1454,3123 1502,3124 1551,3125 1599,3125 1647,3127 1696,3128 1744,3129 1792,3130 1840,3131 1889,3132 1937,3133 1985,3134 2034,3134 2082,3135 2130,3135 2179,3136"/>
                <TextEquiv>
                    <Unicode>anmutigen Dialog nach französischem Muster aufwei¬</Unicode>
                </TextEquiv>
            </TextLine>
            <TextLine id="r1l80" custom="readingOrder {index:79;}">
                <Coords points="170,3151 921,3181 1150,3171 1183,3126 171,3121"/>
                <Baseline points="183,3147 232,3147 281,3147 331,3147 380,3148 430,3148 479,3149 528,3150 578,3151 627,3153 677,3154 726,3155 775,3156 825,3158 874,3159 924,3159 973,3160 1022,3161 1072,3161 1121,3161 1171,3161"/>
                <TextEquiv>
                    <Unicode>mannsthal in den hier zitierten Versen, die er Ar¬</Unicode>
                </TextEquiv>
            </TextLine>
            <TextLine id="r1l81" custom="readingOrder {index:80;}">
                <Coords points="1199,3167 2190,3176 2190,3141 1199,3126"/>
                <Baseline points="1210,3161 1258,3162 1306,3162 1355,3162 1403,3163 1452,3164 1500,3164 1548,3165 1597,3166 1645,3167 1694,3168 1742,3169 1790,3170 1839,3170 1887,3171 1936,3172 1984,3173 2032,3174 2081,3174 2129,3175 2178,3175"/>
                <TextEquiv>
                    <Unicode>sen. Ein wirkliches Drama ist selten daraus ent¬</Unicode>
                </TextEquiv>
            </TextLine>
            <TextLine id="r1l82" custom="readingOrder {index:81;}">
                <Coords points="184,3187 1111,3214 1194,3167 184,3151"/>
                <Baseline points="195,3185 244,3187 293,3188 343,3189 392,3190 441,3192 491,3193 540,3195 589,3196 639,3197 688,3198 737,3199 787,3200 836,3201 885,3201 935,3202 984,3202 1033,3202 1083,3202 1132,3202 1182,3202"/>
                <TextEquiv>
                    <Unicode>thur Schnitzlers „Anatol“ voransetzte. Man könnte</Unicode>
                </TextEquiv>
            </TextLine>
            <TextLine id="r1l83" custom="readingOrder {index:82;}">
                <Coords points="1191,3209 1921,3209 2195,3243 2196,3195 1191,3164"/>
                <Baseline points="1202,3199 1251,3201 1300,3203 1349,3204 1398,3206 1447,3206 1496,3207 1546,3208 1595,3209 1644,3209 1693,3210 1742,3210 1791,3210 1840,3211 1890,3212 1939,3212 1988,3213 2037,3214 2086,3215 2135,3217 2185,3218"/>
                <TextEquiv>
                    <Unicode>standen, dazu fehlt diesem Poeten der Erotik und</Unicode>
                </TextEquiv>
            </TextLine>
            <TextLine id="r1l84" custom="readingOrder {index:83;}">
                <Coords points="179,3248 1974,3272 2030,3218 180,3191"/>
                <Baseline points="192,3224 283,3226 374,3228 465,3230 557,3231 648,3232 739,3233 831,3235 922,3236 1013,3236 1105,3237 1196,3238 1287,3239 1378,3240 1470,3241 1561,3242 1652,3243 1744,3245 1835,3246 1926,3248 2018,3250"/>
                <TextEquiv>
                    <Unicode>die Strophe für alle Schnitzler'schen Schauspiele re= der feelischen Gemütsbewegungen die Kraft.</Unicode>
                </TextEquiv>
            </TextLine>
            <TextEquiv>
                <Unicode>I.
1 II C
box 29/1
24. Das GeiteAa
Märlascher Sprecher, Bochun
16 10 1911 —

—
klamieren: es sind alles Komödien der Seele.
Feuilleton.
Und auch im „Weiten Land“ will uns der Wie¬
ner Arzt wiederum psychologisch kommen. Mit der
weichen, feinnervigen Hand tastet er die Psyche der
Neues Stadttheater Bochum.
Menschen ab, die, da sie Kinder dieser Zeit sind,
Eine Uraufführung.
nichts natürliches und ursprüngliches mehr haben
und von einer außerordentlichen Krausheit des Ge¬
Nirgends ließ sich der Beweis besser führen als
fühlslebens sind.
an der Bochumer Bühne: Man soll keine fünfaktigen
„„
was für komplizierte Subjekte wir Men¬
Schauspiele schreiben. Als Irthur Schnitzler es
schen im Grunde sind! So vieles hat zugleich Raum
tat, dachte er gewiß nicht an einen primitiben west¬
in uns —! Liebe und Trug . . . . Treue und Treu¬
fälischen Kulissenbau, dem er dennoch unter zwölf
losigkeit Anbetung für die eine und Verlangen
anderen Bühnen dann die Gunst der Uraufführung
nach einer anderen oder nach mehreren. Wir ver¬
seines neuen Werkes „Das weite Land“ zu teil
suchen wohl Ordnung in ums zu schaffen, so gut
werden ließ: Man wußte diesen Gnadenbeweis einer
es geht, aber diese Ordnung ist doch nur etwas
literarischen Größe indes nicht zu schätzen, und so
künstliches
Das Natürliche ... ist das Chaos.
wird Bochum unter besagtem Dutzend wenigstens
Jc
die Seele ist ein weites Land
den Ruhm eingeheimst haben, daß es allein ein
Diese Erkenntnis der modernen Menschen gibt
leeres Haus bestellte. Auch eine Tragikomödie!
uns Schnitzler in seiner neuen Tragikomödie. Er
Die andere ist die Schnitzler'sche selber, das neue
legt sie einem der Helden in den Mund. Es klingt
Werk, also klassifiziert. Nachdem man nun in Bo¬
etwas wie Resignation hindurch, wie wehmütiges
chum Schnitzlers „dernier eri“ als erstes Lebenszei¬
Sinnieren. Und das ist ganz Schnitzler. Man muß
chen vernommen, müßte man sich hernach, um die
ihn, den neuen Gesellschaftskritiker, dem anderen,
Zufalls=Bekanntschaft zu befestigen, zu seinen ersten
Ibsen, gegenüberstellen, um den Kontrast vollends zu
Spuren zurückfinden. Wir entheben uns fast die¬
erfassen. Ibsen ist hart, streng, herb, wahr und
ser Pflicht, um den Rahmen nicht zu weit span¬
mannhaft: Schnitzler weichlich, klügelnd, erotisch,
nen zu müssen. Schon ward er groß genug in die¬
feminin. Er ist mehr Lyriker, freilich des Welt¬
sem #sm Schauspiel, in dem der Dichter in ein
schmerzes, als Dramatiker. Und bei aller Tragik,
gar „weites Land“ entführt. Der Titel ist viel¬
die er in Poesien um seine Figuren webt, huscht
deutig und wirbt zu krausen Gedanken. Versuchen
ein wenig Spott und Lachen mit unter. So ward
wir, uns Klarheit zu schaffen!
ihm die Neigung zur Tragikomödie, die in unseren
Also spielen wir Theater
Zeiten fast zur literarischen Notwendigkeit gewor¬
Spielen unstre eig'nen Stücke,
den: bei Schnitzler ist sie überdies psychologisch. Mit
Früh gereift und zart und traurig
Gefühlsstimmung und nachdenklicher Lyrik baut er
Die Komödie uns'rer Seele!
seine Szenen auf, die meist einen geistvollen und
Das Leben ist Theater! sagt Hugo v. Hoff¬
anmutigen Dialog nach französischem Muster aufwei¬
mannsthal in den hier zitierten Versen, die er Ar¬
sen. Ein wirkliches Drama ist selten daraus ent¬
thur Schnitzlers „Anatol“ voransetzte. Man könnte
standen, dazu fehlt diesem Poeten der Erotik und
die Strophe für alle Schnitzler'schen Schauspiele re= der feelischen Gemütsbewegungen die Kraft.</Unicode>
            </TextEquiv>
        </TextRegion>
        <TextRegion orientation="0.0" id="r2" custom="readingOrder {index:1;}">
            <Coords points="2196,1701 2196,3276 3263,3276 3263,1701"/>
            <TextLine id="r2l1" custom="readingOrder {index:0;}">
                <Coords points="2426,1750 2465,1741 2554,1751 2725,1747 2725,1679 2636,1694 2598,1682 2575,1691 2543,1673 2504,1693 2454,1679 2426,1693"/>
                <Baseline points="2438,1721 2463,1723 2488,1723 2513,1723 2538,1724 2563,1724 2588,1724 2613,1724 2638,1724 2663,1724 2688,1724 2714,1725"/>
                <TextEquiv>
                    <Unicode> </Unicode>
                </TextEquiv>
            </TextLine>
            <TextLine id="r2l2" custom="readingOrder {index:1;}">
                <Coords points="3134,1751 3157,1754 3162,1749 3235,1749 3235,1674 3217,1674 3208,1683 3198,1683 3185,1694 3164,1692 3153,1681 3134,1683"/>
                <Baseline points="3147,1728 3172,1727 3197,1727 3223,1728"/>
                <TextEquiv>
                    <Unicode></Unicode>
                </TextEquiv>
            </TextLine>
            <TextLine id="r2l3" custom="readingOrder {index:2;}">
                <Coords points="2288,1782 2939,1804 3044,1782 3233,1815 3234,1748 2289,1745"/>
                <Baseline points="2299,1781 2345,1781 2391,1782 2437,1782 2483,1783 2530,1783 2576,1784 2622,1784 2668,1784 2714,1785 2761,1785 2807,1786 2853,1787 2899,1787 2945,1788 2992,1789 3038,1790 3084,1790 3130,1792 3176,1792 3223,1794"/>
                <TextEquiv>
                    <Unicode>Auch im „Weiten Land“ ist Tragisches und Ko¬</Unicode>
                </TextEquiv>
            </TextLine>
            <TextLine id="r2l4" custom="readingOrder {index:3;}">
                <Coords points="2226,1827 3192,1836 3238,1826 3238,1775 3199,1802 2226,1784"/>
                <Baseline points="2237,1818 2286,1819 2336,1820 2385,1821 2435,1821 2484,1822 2534,1822 2583,1823 2633,1823 2682,1824 2732,1824 2781,1825 2831,1825 2880,1826 2930,1827 2979,1828 3029,1829 3078,1830 3128,1831 3177,1833 3227,1835"/>
                <TextEquiv>
                    <Unicode>misches bunt untermischt. Ueber der heiteren Sin¬</Unicode>
                </TextEquiv>
            </TextLine>
            <TextLine id="r2l5" custom="readingOrder {index:4;}">
                <Coords points="2220,1859 3220,1885 3241,1831 2220,1832"/>
                <Baseline points="2231,1858 2280,1858 2330,1859 2380,1859 2430,1859 2480,1860 2530,1860 2580,1861 2630,1861 2680,1862 2730,1862 2779,1863 2829,1863 2879,1864 2929,1865 2979,1866 3029,1866 3079,1867 3129,1869 3179,1870 3229,1871"/>
                <TextEquiv>
                    <Unicode>nenwelt, zu der das Wiener Milieu dem Dich¬</Unicode>
                </TextEquiv>
            </TextLine>
            <TextLine id="r2l6" custom="readingOrder {index:5;}">
                <Coords points="2230,1900 3185,1919 3235,1897 3236,1855 3192,1878 2231,1861"/>
                <Baseline points="2241,1895 2290,1895 2339,1896 2388,1896 2437,1897 2486,1898 2535,1899 2584,1899 2633,1900 2682,1901 2732,1903 2781,1903 2830,1905 2879,1905 2928,1906 2977,1907 3026,1907 3075,1907 3124,1907 3173,1907 3223,1907"/>
                <TextEquiv>
                    <Unicode>ter immer wieder den Rahmen leiht, lagern die un¬</Unicode>
                </TextEquiv>
            </TextLine>
            <TextLine id="r2l7" custom="readingOrder {index:6;}">
                <Coords points="2230,1940 3084,1938 3113,1966 3235,1938 3235,1897 2230,1899"/>
                <Baseline points="2241,1934 2290,1934 2339,1934 2388,1934 2437,1935 2486,1936 2535,1937 2585,1938 2634,1940 2683,1941 2732,1943 2781,1944 2830,1945 2879,1946 2929,1947 2978,1948 3027,1948 3076,1948 3125,1948 3174,1948 3224,1947"/>
                <TextEquiv>
                    <Unicode>heimlichen Schatten des Letzten nach allem Sorg¬</Unicode>
                </TextEquiv>
            </TextLine>
            <TextLine id="r2l8" custom="readingOrder {index:7;}">
                <Coords points="2223,1974 3233,1993 3233,1936 2224,1944"/>
                <Baseline points="2234,1972 2283,1972 2332,1973 2382,1974 2431,1974 2481,1975 2530,1976 2579,1977 2629,1979 2678,1980 2728,1981 2777,1982 2826,1983 2876,1984 2925,1984 2975,1985 3024,1985 3073,1984 3123,1984 3172,1983 3222,1981"/>
                <TextEquiv>
                    <Unicode>losen und Spielerischen: des Todes. Wir sind wie¬</Unicode>
                </TextEquiv>
            </TextLine>
            <TextLine id="r2l9" custom="readingOrder {index:8;}">
                <Coords points="2223,2021 3125,2042 3234,2032 3235,1986 2223,1982"/>
                <Baseline points="2234,2011 2283,2013 2332,2014 2382,2015 2431,2015 2481,2016 2530,2016 2580,2017 2629,2017 2679,2017 2728,2018 2777,2018 2827,2018 2876,2019 2926,2019 2975,2020 3025,2021 3074,2021 3124,2023 3173,2024 3223,2026"/>
                <TextEquiv>
                    <Unicode>der in der Wiener leichtlebigen Gesellschaft. Hugo</Unicode>
                </TextEquiv>
            </TextLine>
            <TextLine id="r2l10" custom="readingOrder {index:9;}">
                <Coords points="2220,2061 3133,2052 3208,2076 3225,2022 2220,2019"/>
                <Baseline points="2231,2051 2280,2051 2329,2052 2378,2052 2427,2053 2476,2054 2525,2054 2574,2055 2623,2056 2672,2056 2722,2057 2771,2058 2820,2059 2869,2059 2918,2060 2967,2061 3016,2061 3065,2062 3114,2062 3163,2063 3213,2063"/>
                <TextEquiv>
                    <Unicode>v. Hoffmannsthal schnitt aus der Altwiener Zeit</Unicode>
                </TextEquiv>
            </TextLine>
            <TextLine id="r2l11" custom="readingOrder {index:10;}">
                <Coords points="2225,2105 2869,2092 3001,2120 3204,2109 3228,2068 2225,2053"/>
                <Baseline points="2236,2089 2285,2090 2334,2090 2383,2091 2432,2092 2481,2093 2530,2094 2579,2095 2628,2096 2677,2097 2726,2098 2775,2099 2824,2100 2873,2100 2922,2101 2971,2102 3020,2102 3069,2102 3118,2102 3167,2102 3216,2101"/>
                <TextEquiv>
                    <Unicode>jüngst ein Kulturbildchen, als er Strauß das Buch</Unicode>
                </TextEquiv>
            </TextLine>
            <TextLine id="r2l12" custom="readingOrder {index:11;}">
                <Coords points="2216,2139 2581,2151 2615,2126 3232,2166 3232,2107 3105,2094 2216,2095"/>
                <Baseline points="2228,2129 2277,2129 2327,2129 2376,2130 2426,2130 2476,2131 2525,2132 2575,2133 2624,2133 2674,2135 2724,2135 2773,2136 2823,2137 2872,2138 2922,2139 2972,2139 3021,2140 3071,2140 3120,2140 3170,2140 3220,2139"/>
                <TextEquiv>
                    <Unicode>zum „Rosenkavalier“ schrieb. Schnitzler macht uns</Unicode>
                </TextEquiv>
            </TextLine>
            <TextLine id="r2l13" custom="readingOrder {index:12;}">
                <Coords points="2213,2162 3083,2199 3227,2171 3209,2146 2798,2131 2213,2137"/>
                <Baseline points="2225,2168 2274,2168 2324,2168 2373,2168 2423,2168 2472,2169 2522,2169 2571,2170 2621,2170 2670,2171 2720,2172 2769,2173 2819,2173 2868,2174 2918,2175 2967,2176 3017,2177 3066,2178 3116,2179 3165,2180 3215,2180"/>
                <TextEquiv>
                    <Unicode>mit der modernen Wiener Gesellschaft bekannt, der</Unicode>
                </TextEquiv>
            </TextLine>
            <TextLine id="r2l14" custom="readingOrder {index:13;}">
                <Coords points="2214,2208 2842,2210 2926,2236 3219,2215 3219,2185 3137,2177 3082,2199 2214,2162"/>
                <Baseline points="2224,2205 2273,2205 2322,2206 2371,2206 2420,2207 2469,2208 2518,2209 2568,2210 2617,2211 2666,2212 2715,2213 2764,2214 2813,2214 2862,2215 2912,2216 2961,2216 3010,2216 3059,2216 3108,2216 3157,2215 3207,2215"/>
                <TextEquiv>
                    <Unicode>er mit seinem leisen satirischen Lächeln den Spie¬</Unicode>
                </TextEquiv>
            </TextLine>
            <TextLine id="r2l15" custom="readingOrder {index:14;}">
                <Coords points="2222,2261 2300,2237 2843,2270 3154,2256 3154,2222 3092,2214 2222,2213"/>
                <Baseline points="2234,2245 2279,2245 2324,2245 2370,2245 2415,2246 2461,2246 2506,2247 2551,2248 2597,2249 2642,2250 2688,2251 2733,2251 2778,2252 2824,2253 2869,2254 2915,2255 2960,2255 3005,2255 3051,2255 3096,2255 3142,2255"/>
                <TextEquiv>
                    <Unicode>gel vorhält. Der Geist ist derselbe geblieben;</Unicode>
                </TextEquiv>
            </TextLine>
            <TextLine id="r2l16" custom="readingOrder {index:15;}">
                <Coords points="2217,2293 3192,2306 3226,2300 3227,2256 2217,2261"/>
                <Baseline points="2228,2284 2277,2284 2326,2284 2375,2284 2425,2285 2474,2285 2523,2286 2573,2287 2622,2288 2671,2289 2721,2290 2770,2291 2819,2292 2868,2292 2918,2293 2967,2294 3016,2294 3066,2294 3115,2294 3164,2294 3214,2294"/>
                <TextEquiv>
                    <Unicode>ist die Decadence. Wir lernen einen Fabrikanten</Unicode>
                </TextEquiv>
            </TextLine>
            <TextLine id="r2l17" custom="readingOrder {index:16;}">
                <Coords points="2211,2323 3223,2335 3205,2298 2212,2285"/>
                <Baseline points="2223,2324 2272,2324 2321,2324 2371,2324 2420,2324 2470,2325 2519,2325 2568,2326 2618,2327 2667,2328 2717,2329 2766,2329 2815,2330 2865,2331 2914,2332 2964,2332 3013,2333 3062,2333 3112,2333 3161,2332 3211,2332"/>
                <TextEquiv>
                    <Unicode>Hofreiter kennen, Herrenmenschen, Welt= und Lebe¬</Unicode>
                </TextEquiv>
            </TextLine>
            <TextLine id="r2l18" custom="readingOrder {index:17;}">
                <Coords points="2216,2364 3227,2385 3228,2351 2591,2319 2216,2339"/>
                <Baseline points="2228,2361 2277,2362 2326,2362 2376,2363 2425,2364 2474,2365 2524,2365 2573,2366 2622,2366 2672,2367 2721,2368 2770,2368 2820,2369 2869,2369 2918,2370 2968,2371 3017,2372 3066,2373 3116,2374 3165,2375 3215,2376"/>
                <TextEquiv>
                    <Unicode>mann. Siegernatur. Er streckt die Hände nach allem</Unicode>
                </TextEquiv>
            </TextLine>
            <TextLine id="r2l19" custom="readingOrder {index:18;}">
                <Coords points="2215,2408 3201,2427 3218,2384 2215,2364"/>
                <Baseline points="2226,2398 2275,2400 2324,2401 2373,2402 2422,2404 2471,2404 2520,2405 2569,2406 2618,2406 2667,2407 2716,2407 2765,2408 2814,2408 2863,2408 2912,2409 2961,2409 3010,2410 3059,2411 3108,2411 3157,2412 3207,2413"/>
                <TextEquiv>
                    <Unicode>aus. aber gefällt sich dabei in der Rolle des arg¬</Unicode>
                </TextEquiv>
            </TextLine>
            <TextLine id="r2l20" custom="readingOrder {index:19;}">
                <Coords points="2215,2436 3229,2463 3218,2417 2215,2405"/>
                <Baseline points="2226,2437 2275,2438 2325,2440 2374,2441 2424,2442 2474,2443 2523,2443 2573,2444 2622,2445 2672,2446 2722,2446 2771,2447 2821,2447 2870,2448 2920,2449 2970,2449 3019,2450 3069,2451 3118,2452 3168,2453 3218,2454"/>
                <TextEquiv>
                    <Unicode>wöhnischen Ehemanns. Die Gattin, Frau Genia,</Unicode>
                </TextEquiv>
            </TextLine>
            <TextLine id="r2l21" custom="readingOrder {index:20;}">
                <Coords points="2213,2489 3220,2502 3220,2454 2213,2445"/>
                <Baseline points="2224,2475 2273,2477 2322,2479 2371,2480 2420,2481 2470,2483 2519,2484 2568,2485 2617,2485 2666,2486 2716,2487 2765,2487 2814,2488 2863,2488 2912,2488 2962,2489 3011,2489 3060,2489 3109,2489 3158,2489 3208,2489"/>
                <TextEquiv>
                    <Unicode>ist komplizierter; gereifte kluge Frau mit perfekter</Unicode>
                </TextEquiv>
            </TextLine>
            <TextLine id="r2l22" custom="readingOrder {index:21;}">
                <Coords points="2210,2527 3190,2541 3225,2487 2211,2484"/>
                <Baseline points="2222,2516 2271,2516 2321,2517 2370,2517 2420,2518 2469,2519 2519,2520 2568,2522 2618,2523 2667,2524 2717,2525 2766,2526 2816,2527 2865,2528 2915,2528 2964,2529 3014,2529 3063,2529 3113,2528 3162,2527 3212,2525"/>
                <TextEquiv>
                    <Unicode>gesellschaftlicher Haltung; man muß den Schleier</Unicode>
                </TextEquiv>
            </TextLine>
            <TextLine id="r2l23" custom="readingOrder {index:22;}">
                <Coords points="2213,2553 3231,2585 3232,2521 2213,2528"/>
                <Baseline points="2224,2553 2273,2554 2323,2555 2373,2556 2423,2557 2473,2558 2523,2559 2572,2560 2622,2561 2672,2562 2722,2563 2772,2564 2822,2565 2872,2565 2921,2566 2971,2567 3021,2567 3071,2567 3121,2567 3171,2567 3221,2566"/>
                <TextEquiv>
                    <Unicode>lüften. um ihr Sinnenleben zu enthüllen. Die bei¬</Unicode>
                </TextEquiv>
            </TextLine>
            <TextLine id="r2l24" custom="readingOrder {index:23;}">
                <Coords points="2218,2593 3221,2626 3221,2573 2219,2557"/>
                <Baseline points="2229,2592 2278,2593 2327,2594 2376,2595 2425,2597 2474,2598 2523,2598 2572,2599 2621,2600 2670,2601 2719,2602 2768,2602 2817,2603 2866,2604 2915,2604 2964,2604 3013,2605 3062,2605 3111,2605 3160,2605 3209,2605"/>
                <TextEquiv>
                    <Unicode>den Ehegatten lieben sich, aber sie leben ob der ver¬</Unicode>
                </TextEquiv>
            </TextLine>
            <TextLine id="r2l25" custom="readingOrder {index:24;}">
                <Coords points="2223,2636 3138,2657 3225,2647 3226,2606 2223,2597"/>
                <Baseline points="2234,2629 2285,2630 2337,2632 2388,2633 2440,2634 2491,2635 2543,2636 2594,2637 2646,2638 2697,2639 2749,2640 2800,2641 2852,2642 2903,2643 2955,2643 3006,2644 3058,2644 3109,2644 3161,2644 3213,2644"/>
                <TextEquiv>
                    <Unicode>derbten Wiener Sitten nebeneinander her. Sie spie¬</Unicode>
                </TextEquiv>
            </TextLine>
            <TextLine id="r2l26" custom="readingOrder {index:25;}">
                <Coords points="2214,2678 3231,2681 3231,2647 2215,2637"/>
                <Baseline points="2225,2672 2274,2672 2324,2672 2374,2672 2424,2672 2473,2672 2523,2673 2573,2673 2623,2674 2672,2674 2722,2675 2772,2676 2822,2677 2871,2678 2921,2678 2971,2680 3021,2681 3070,2682 3120,2683 3170,2684 3220,2685"/>
                <TextEquiv>
                    <Unicode>len eine Art Vergeltungspartie, und dieses Moment</Unicode>
                </TextEquiv>
            </TextLine>
            <TextLine id="r2l27" custom="readingOrder {index:26;}">
                <Coords points="2213,2715 3195,2733 3218,2678 2213,2679"/>
                <Baseline points="2225,2709 2274,2710 2323,2710 2372,2710 2421,2711 2470,2711 2519,2712 2568,2713 2617,2713 2666,2714 2716,2715 2765,2716 2814,2716 2863,2717 2912,2718 2961,2719 3010,2720 3059,2721 3108,2722 3157,2723 3207,2724"/>
                <TextEquiv>
                    <Unicode>ist so stark in unserer Dichtung hier, daß wir ihr</Unicode>
                </TextEquiv>
            </TextLine>
            <TextLine id="r2l28" custom="readingOrder {index:27;}">
                <Coords points="2208,2752 3226,2774 3227,2715 2208,2718"/>
                <Baseline points="2220,2749 2269,2748 2319,2747 2369,2747 2418,2747 2468,2747 2518,2748 2567,2749 2617,2750 2667,2752 2717,2753 2766,2754 2816,2755 2866,2757 2915,2757 2965,2758 3015,2759 3064,2759 3114,2759 3164,2758 3214,2757"/>
                <TextEquiv>
                    <Unicode>lieber den klareren Titel „Revanche“ gegönnt hät¬</Unicode>
                </TextEquiv>
            </TextLine>
            <TextLine id="r2l29" custom="readingOrder {index:28;}">
                <Coords points="2209,2790 3225,2801 3196,2764 2694,2739 2209,2751"/>
                <Baseline points="2221,2788 2270,2788 2320,2788 2369,2788 2419,2788 2469,2789 2518,2789 2568,2790 2617,2790 2667,2791 2717,2792 2766,2793 2816,2793 2865,2794 2915,2795 2965,2796 3014,2797 3064,2797 3113,2798 3163,2799 3213,2799"/>
                <TextEquiv>
                    <Unicode>ten. Nun diese Revanchepartie ist von tragischen Ge¬</Unicode>
                </TextEquiv>
            </TextLine>
            <TextLine id="r2l30" custom="readingOrder {index:29;}">
                <Coords points="2222,2833 3215,2857 3216,2805 2222,2791"/>
                <Baseline points="2234,2826 2282,2826 2331,2827 2379,2827 2428,2828 2476,2828 2525,2829 2573,2830 2622,2830 2670,2831 2719,2832 2767,2832 2816,2833 2864,2834 2913,2835 2961,2836 3010,2837 3058,2838 3107,2839 3155,2840 3204,2840"/>
                <TextEquiv>
                    <Unicode>schehnissen umhüllt. Gleich zu Beginn erfahren wir,</Unicode>
                </TextEquiv>
            </TextLine>
            <TextLine id="r2l31" custom="readingOrder {index:30;}">
                <Coords points="2203,2867 2246,2869 2253,2876 2269,2869 2310,2874 2317,2867 2351,2876 2367,2869 2383,2876 2431,2871 2431,2833 2415,2830 2358,2830 2342,2844 2308,2844 2285,2830 2255,2837 2203,2833"/>
                <Baseline points="2215,2866 2240,2864 2266,2863 2291,2864 2317,2864 2342,2865 2368,2865 2393,2865 2419,2862"/>
                <TextEquiv>
                    <Unicode>daß sich</Unicode>
                </TextEquiv>
            </TextLine>
            <TextLine id="r2l32" custom="readingOrder {index:31;}">
                <Coords points="2423,2856 2778,2891 3028,2868 3114,2894 3222,2882 3209,2839 2423,2837"/>
                <Baseline points="2434,2867 2472,2867 2511,2867 2550,2867 2589,2868 2628,2868 2666,2869 2705,2869 2744,2870 2783,2871 2822,2872 2860,2872 2899,2873 2938,2874 2977,2874 3016,2875 3054,2876 3093,2876 3132,2877 3171,2878 3210,2878"/>
                <TextEquiv>
                    <Unicode>ein dem Hofreiterschen Ehepaar</Unicode>
                </TextEquiv>
            </TextLine>
            <TextLine id="r2l33" custom="readingOrder {index:32;}">
                <Coords points="2209,2904 2736,2927 2784,2899 3067,2936 3245,2923 3246,2884 2209,2870"/>
                <Baseline points="2220,2905 2270,2904 2321,2903 2372,2903 2423,2903 2473,2903 2524,2904 2575,2905 2626,2906 2676,2908 2727,2909 2778,2911 2829,2912 2879,2913 2930,2915 2981,2916 3032,2917 3082,2917 3133,2917 3184,2917 3235,2916"/>
                <TextEquiv>
                    <Unicode>befreundeter Klaviervirtuose erschoffen hat; der</Unicode>
                </TextEquiv>
            </TextLine>
            <TextLine id="r2l34" custom="readingOrder {index:33;}">
                <Coords points="2208,2942 3222,2970 3223,2917 2209,2905"/>
                <Baseline points="2220,2942 2269,2942 2319,2942 2368,2942 2418,2942 2467,2943 2517,2943 2566,2944 2616,2945 2665,2946 2715,2947 2765,2948 2814,2949 2864,2950 2913,2951 2963,2952 3012,2953 3062,2954 3111,2955 3161,2955 3211,2956"/>
                <TextEquiv>
                    <Unicode>Schatten dieses Toten lagert zwei Akte</Unicode>
                </TextEquiv>
            </TextLine>
            <TextLine id="r2l35" custom="readingOrder {index:34;}">
                <Coords points="2212,2985 3184,3008 3213,2960 2212,2941"/>
                <Baseline points="2223,2984 2271,2983 2320,2982 2369,2982 2418,2982 2467,2982 2516,2983 2564,2984 2613,2984 2662,2986 2711,2986 2760,2988 2809,2988 2858,2990 2906,2991 2955,2991 3004,2992 3053,2993 3102,2993 3151,2993 3200,2993"/>
                <TextEquiv>
                    <Unicode>hindurch über der Handlung, dann tritt</Unicode>
                </TextEquiv>
            </TextLine>
            <TextLine id="r2l36" custom="readingOrder {index:35;}">
                <Coords points="2213,3024 3167,3042 3215,3026 3216,2992 2213,2983"/>
                <Baseline points="2224,3019 2273,3019 2322,3020 2371,3021 2420,3022 2469,3023 2518,3024 2567,3025 2616,3026 2665,3027 2714,3027 2763,3028 2812,3029 2861,3029 2910,3030 2959,3030 3008,3030 3057,3029 3106,3029 3155,3028 3204,3027"/>
                <TextEquiv>
                    <Unicode>der Lebende in sein Recht: ein junger Marineleut¬</Unicode>
                </TextEquiv>
            </TextLine>
            <TextLine id="r2l37" custom="readingOrder {index:36;}">
                <Coords points="2213,3064 3220,3080 3203,3025 2807,3048 2744,3022 2214,3025"/>
                <Baseline points="2225,3058 2274,3060 2323,3060 2372,3061 2421,3062 2471,3063 2520,3064 2569,3065 2618,3066 2667,3066 2717,3067 2766,3067 2815,3068 2864,3068 2913,3069 2963,3069 3012,3069 3061,3069 3110,3070 3159,3070 3209,3070"/>
                <TextEquiv>
                    <Unicode>nant, den Frau Genia erhört. Hofreiter, der kein</Unicode>
                </TextEquiv>
            </TextLine>
            <TextLine id="r2l38" custom="readingOrder {index:37;}">
                <Coords points="2208,3094 3060,3129 3215,3113 3216,3079 2209,3067"/>
                <Baseline points="2219,3097 2268,3097 2317,3098 2366,3098 2416,3099 2465,3100 2514,3100 2564,3102 2613,3102 2662,3103 2712,3105 2761,3105 2810,3106 2859,3107 2909,3108 2958,3109 3007,3109 3057,3110 3106,3110 3155,3111 3205,3111"/>
                <TextEquiv>
                    <Unicode>Ehetrottel sein will, entdeckt es zufällig, stellt den</Unicode>
                </TextEquiv>
            </TextLine>
            <TextLine id="r2l39" custom="readingOrder {index:38;}">
                <Coords points="2209,3138 3175,3163 3212,3150 3213,3109 3057,3129 2210,3096"/>
                <Baseline points="2220,3135 2269,3135 2318,3135 2367,3136 2416,3136 2465,3136 2514,3137 2563,3137 2612,3138 2661,3139 2710,3140 2759,3141 2808,3142 2857,3143 2906,3144 2955,3145 3004,3146 3053,3147 3102,3149 3151,3150 3200,3151"/>
                <TextEquiv>
                    <Unicode>Gegner und knallt ihn im Duell nieder. Nach</Unicode>
                </TextEquiv>
            </TextLine>
            <TextLine id="r2l40" custom="readingOrder {index:39;}">
                <Coords points="2199,3174 3213,3187 3200,3151 2199,3137"/>
                <Baseline points="2210,3175 2259,3175 2309,3175 2358,3176 2408,3176 2458,3177 2507,3177 2557,3178 2606,3178 2656,3179 2706,3180 2755,3180 2805,3181 2854,3182 2904,3183 2954,3184 3003,3184 3053,3185 3102,3186 3152,3186 3202,3187"/>
                <TextEquiv>
                    <Unicode>heiteren Lustspielszenen umfängt uns wieder die Tra¬</Unicode>
                </TextEquiv>
            </TextLine>
            <TextLine id="r2l41" custom="readingOrder {index:40;}">
                <Coords points="2198,3224 3113,3246 3207,3229 3208,3186 2198,3174"/>
                <Baseline points="2208,3216 2257,3217 2306,3218 2356,3218 2405,3219 2454,3220 2504,3221 2553,3221 2602,3222 2652,3223 2701,3224 2750,3225 2800,3226 2849,3226 2898,3227 2948,3228 2997,3229 3046,3230 3096,3230 3145,3231 3195,3232"/>
                <TextEquiv>
                    <Unicode>gir. Friedrich, der alternde Herrenmensch, schoß in</Unicode>
                </TextEquiv>
            </TextLine>
            <TextLine id="r2l42" custom="readingOrder {index:41;}">
                <Coords points="2184,3278 3273,3295 3274,3236 2185,3219"/>
                <Baseline points="2196,3252 2249,3253 2302,3254 2356,3255 2409,3256 2462,3257 2516,3258 2569,3259 2622,3259 2676,3260 2729,3261 2782,3262 2836,3263 2889,3263 2942,3264 2996,3265 3049,3265 3102,3265 3156,3266 3209,3266 3263,3266"/>
                <TextEquiv>
                    <Unicode>dem Liebhaber seiner Frau die Jugend nieder, die tr</Unicode>
                </TextEquiv>
            </TextLine>
            <TextEquiv>
                <Unicode> 

Auch im „Weiten Land“ ist Tragisches und Ko¬
misches bunt untermischt. Ueber der heiteren Sin¬
nenwelt, zu der das Wiener Milieu dem Dich¬
ter immer wieder den Rahmen leiht, lagern die un¬
heimlichen Schatten des Letzten nach allem Sorg¬
losen und Spielerischen: des Todes. Wir sind wie¬
der in der Wiener leichtlebigen Gesellschaft. Hugo
v. Hoffmannsthal schnitt aus der Altwiener Zeit
jüngst ein Kulturbildchen, als er Strauß das Buch
zum „Rosenkavalier“ schrieb. Schnitzler macht uns
mit der modernen Wiener Gesellschaft bekannt, der
er mit seinem leisen satirischen Lächeln den Spie¬
gel vorhält. Der Geist ist derselbe geblieben;
ist die Decadence. Wir lernen einen Fabrikanten
Hofreiter kennen, Herrenmenschen, Welt= und Lebe¬
mann. Siegernatur. Er streckt die Hände nach allem
aus. aber gefällt sich dabei in der Rolle des arg¬
wöhnischen Ehemanns. Die Gattin, Frau Genia,
ist komplizierter; gereifte kluge Frau mit perfekter
gesellschaftlicher Haltung; man muß den Schleier
lüften. um ihr Sinnenleben zu enthüllen. Die bei¬
den Ehegatten lieben sich, aber sie leben ob der ver¬
derbten Wiener Sitten nebeneinander her. Sie spie¬
len eine Art Vergeltungspartie, und dieses Moment
ist so stark in unserer Dichtung hier, daß wir ihr
lieber den klareren Titel „Revanche“ gegönnt hät¬
ten. Nun diese Revanchepartie ist von tragischen Ge¬
schehnissen umhüllt. Gleich zu Beginn erfahren wir,
daß sich
ein dem Hofreiterschen Ehepaar
befreundeter Klaviervirtuose erschoffen hat; der
Schatten dieses Toten lagert zwei Akte
hindurch über der Handlung, dann tritt
der Lebende in sein Recht: ein junger Marineleut¬
nant, den Frau Genia erhört. Hofreiter, der kein
Ehetrottel sein will, entdeckt es zufällig, stellt den
Gegner und knallt ihn im Duell nieder. Nach
heiteren Lustspielszenen umfängt uns wieder die Tra¬
gir. Friedrich, der alternde Herrenmensch, schoß in
dem Liebhaber seiner Frau die Jugend nieder, die tr</Unicode>
            </TextEquiv>
        </TextRegion>
    </Page>
</PcGts>
