3392 4352
1373 126 1860 228 box 28/4
260 122 1243 250 24. Das weiteLand
305 423 2422 629 beleuchten will. Es ist aber anzunehmen, daß der= Snobs sitzen, dürfte „Das weite Land“ glatt ab
314 501 1357 590 gleichen erklügelte Charaktere auch in dieser Ge¬
1351 549 1740 638 gelehnt werden.“
309 541 1361 656 sellschaft nicht typisch sind. Es mag ja junge
306 600 1369 710 Mädchen geben wie diese Erna Wahl mit ihren
1739 607 2002 707 —
306 648 1368 765 pervertierten Gefühlchen, die bei einer schwierigen
301 692 1373 788 Gipfelersteigung in den Dokomiten nur daran
312 735 1364 860 denkt, sich Hofreiter zu erobern der ihr nach über¬
299 797 1362 909 standener Gefahr prompt den Gefallen tut. Aber
301 828 1364 960 typisch ist Erna ebensowenig wie Hofreiter, der
298 881 1357 992 schon beim Lesen eines Briefes über das einfache
290 950 1346 1052 Wort Treue stolpert und erklärt, das einzig Lang¬
295 986 1355 1108 weilige im Leben seien die Pausen zwischen einer
293 1037 1355 1168 Geliebten und ihrer Nachfolgerin. In diesen
292 1081 1351 1192 Pausen gründe der eine Fabriken, der andere kom¬
290 1142 1350 1247 poniere Symphonien, ein dritter baue Paläste.
291 1198 1355 1297 Nur die Liebe, das heißt die Erotik, mache das
283 1236 1361 1364 Leben lebenswert. Auf solchen Ansichten von Neu¬
280 1284 1361 1401 rasthenikern und Hysterischen ist das ganze Spiel
279 1348 1342 1458 aufgebaut; endlose Diskussionen über erotische
283 1388 1347 1518 Probleme gehen schließlich jedem auf die Nerven.
281 1444 1346 1564 Solche Sachen tut man, aber sagt sie nicht, würde
275 1495 1331 1582 Hofreiter sagen, der sich auch, allzu häufig leider,
270 1529 1338 1655 in Gemeinplätzen bewegt, wie man sie einem
270 1580 1336 1674 Schriftsteller von Schnitzlers Rang nicht zutrauen
276 1639 1325 1746 würde. Genias Ausspruch im vierten Akt, sie ver¬
269 1692 1337 1801 stehe alles gar nicht mehr, was um sie her vor¬
265 1741 1339 1844 gehe, wirkt wie der Aufschrei eines Gesunden in
270 1789 1338 1895 einem Narrenhaus. Die Darstellung rettete, was
263 1848 1327 1954 zu retten war. Allen voran Hoinz Mennard, der
265 1891 1327 2001 Hofreiters aus lauter Widersprüchen zusammen¬
280 1940 1320 2043 gesotzten Charakter glänzend nachschuf. Irone
270 1989 1329 2113 Triesch gab seine Frau, ihror Wirkung sicher, wenn
264 2037 1323 2137 sie müde um ihr Lebensglück betrogene Frauen zu
265 2093 1328 2182 spielen hat. In schwächerer Darstellung und vor
272 2142 1314 2272 einem Parkett, in dem nicht zu neun Zehnteln
3095 2278 3342 2360 e
1487 2206 3040 2366 Selsenen enenen en 1     e e sese veren
2651 2356 3341 2398 und Dein“ im Völkerleben abgestunk
1496 2336 2647 2410 Die Herrn Lentnants als Oberzensoren der Bausseli¬
308 2339 1496 2420 r#bangelischen werden uns mit aller Macht dagegen
1486 2390 3330 2473 schen Geistlichkeit — ein krasses Bild, aber wohl nur in das eigene Interesse handelt, zeigt
316 2403 1489 2461 wvehren, daß unsere Pfarrer den Rekruten gleichgestellt
2646 2435 3340 2492 zeigt der Begessterungstaumel
318 2444 1882 2496 tverden und daß das militärische Unterordnungsgefühl Preußen möglich.
1498 2539 2637 2595 Freiheit, genoß sie ausgiebigst und hatte deswegen seine
1124 2541 1443 2647 12e0
2649 2571 3339 2639 glatten Spiegel ihrer Seele gesehen
1494 2577 2641 2632 Frau und seinen Haushafen, von den bunten Ausflügen
708 2543 1099 2657 Feuilleton.
2640 2617 3342 2677 Selbstmord um ihretwillen aufgewi
1491 2620 2653 2677 heimkehrend, aufrichtig gern. Und Genia rang sich aus
2653 2654 3347 2721 geworden. Einsam, ohne Halt, mich
1082 2641 1437 2739 MNachhrück verbolen.)
1496 2670 2643 2729 tiefer Anhänglichkeit zu der Entwicklung durch, die einmal
2649 2706 3328 2769 freudlosen Gegenwart und ihren
1498 2698 2649 2779 im Stück so ausgesprochen wird: es kommt für Frauen
372 2724 1417 2827 Berliner Theater- und Kunstbriefe.
2647 2760 3330 2810 neu aufgerührten Frauenwünschen
1484 2755 2642 2814 die Zeit, wo sie auch für ihre Männer Mütter werden.
2644 2792 3330 2863 Stunde, einer Situation. Und der
1488 2797 2642 2860 Nun kommt auch in dies scheinbar so ruhevolle Verhältnis
660 2787 1162 2880 Von Felix Poppenberg.
2651 2824 3330 2893 die Person des Mannes, sondern
1492 2844 2639 2910 die Zersetzung. Hofreiter erfährt gerade in einem Stadium
414 2850 1406 2945 Artur Schnitzler: „Das weite Land“.
2646 2881 3343 2952 sucht nach Wärme unb Zärtlichkeit,
1488 2878 2646 2952 der inneren Leere von Unotkupiertheit, dem Vakuum¬
2645 2923 3338 2986 nie an Untreue gedacht, jetzt in de
398 2910 1479 2983 Die Tragikon ihre Buchausgabe erschien bei
1494 2938 2637 2993 stadium nach der Lösung von einer Frau, daß sich ein
2714 2965 3337 3043 Heikler liegt der Fall Hofr#
398 2969 1493 3043 Fischer — wurde im Lessing=Theater vom Berliner
1491 2977 2638 3036 Pianist Genias wegen erschossen. Sie selbst zeigt ihm den
301 3019 1481 3083 k Publikum anteilsvall und empfänglich ausgenommen. Dr.
2638 3011 3324 3090 lebenshungrige, naturhafte Erna ¬
1491 3023 2641 3082 Abschiedsbrief. Der spricht von hoffnungsloser Liebe und
333 3068 1487 3123 Brahm konnte für den abwesenden Dichter danken. „Das
2638 3060 3327 3126 Wangels — sich ihm nach dem
1490 3065 2637 3128 bestätigt das Unbeteiligtsein Genigs. In dem Mann
328 3101 1494 3164 weite Land“ das Schnitzler meint, ist die Seele mit ihrer
2635 3097 3333 3170 lebten Höhenrausch der Dolomiten
1483 3100 2634 3175 jedoch, dem erfahrenen Kenner aller Fußangeln und
333 3150 1492 3208 chaotischen Möglichkeitsfülle, ihren quälerischen und be¬
2638 3137 3335 3214 weiter erklärt zu werden. Schlan
1492 3155 2635 3211 Schleichwege des Gefühls, sitzt der Haken fest und bohrt
331 3191 1493 3269 glückenden überraschungen, ihren Widersprüchen und ihren
2644 3186 3338 3256 ger mit dem Fluidum und Charm
1483 3196 2645 3255 weiter. Nicht Eisersucht, nicht Liebe ist's, abei ein Nagen¬
329 3218 1487 3299 ewigen gefährlichen und doch so lockenden Ungewißheiten.
2646 3238 3311 3305 sind Favoris für junge Mädchen.
1486 3228 2644 3302 des, ein Nervenkribbeln, die böse Lust, die Seele seiner
329 3279 1490 3329 Und der Dichter, der herbstlich erkenntnisvoll gewordene
2651 3273 3068 3351 hübsche Einrichtung.
1498 3289 2645 3344 Frau, an die er kaum mehr gedacht und die jetzt durch das
329 3321 1483 3393 Anatol=Mann von 50 Jahren, dichtet nun mit melancholi¬
2718 3304 3345 3393 Nachdenklicher aber scheint ein
1490 3334 2648 3390 Totenopfer in neuem besonderen Licht erscheint, sich zu ent¬
330 3359 1492 3447 schèrem Unterklang alte Weise auf der neu gestimmten
2643 3357 3337 3435 von Schnitzler nur gegeben und un
1492 3371 2646 3445 blößen. Und die Gedankenmühle dreht sich zermürbend in
322 3413 522 3486 Zither:
2644 3421 3326 3472 ausgeliefert wird. Hofreiter reist
1493 3423 2640 3497 ihm und mahlt Tag und Nacht an dem Problem: was
519 3434 1153 3519 Die Komödie unserer Seele,
2645 3447 3345 3515 schaftlich begehrten Nacht — Stend
1486 3457 1959 3536 wäre geschehen, wenn .
510 3491 1270 3566 Unseres Fühlens heut und gestern.
2638 3509 3343 3558 len Begleiterscheinungen übergroße
2516 3480 2644 3566 zur
1555 3498 2528 3575 Das wohltemperierte Nebeneinander wird
2635 3549 3329 3605 ohne sein Glück auszukosten. Er ke
1492 3548 2639 3624 Quälerei Hofreiter geht. um sich davon frei zu machen,
401 3536 1482 3606 Schicksalsreigen schlingt er mit wechselnder Durchein¬
2637 3593 3334 3663 Hause zurück, entdeckt das Verhältn
1489 3592 2636 3654 einige Wochen aufs Land. Dies Trennungs=Intermezzo
326 3582 1488 3659 ander=Verstrickung Fr Männer und Frauen im jungen und
2644 3635 3342 3708 den Fähnrich im Duell. Und bi
1494 3640 2648 3707 schürzt den Schicksalsknoten. Hofreiter hat in dem Gebirgs¬
325 3645 1487 3715 im späten Zeitalter der Gesühle. Und es reizt ihn vor
2634 3684 3331 3748 Lichtstreifen fallen. Diese Rache ist
1487 3682 2630 3752 hotel ein leidenschaftliches Erlebnis mit einer Zwanzig¬
329 3673 1495 3754 allem die Gestalt des Mannes, der, dem Abstieg des Lebens
2628 3725 3329 3794 Eitelkeit mag gewiß im Spiel sein
322 3728 1476 3798 und Genießens nahe, fröstelnd dem einsamen Weg entlang¬
1484 3731 2635 3801 jährigen, und Genia gibt sich inzwischen einem jungen
2778 3757 3332 3820 das sagen Hofreiters Wert
1487 3777 1831 3854 Marinefähnrich.
325 3782 1490 3852 geht. In der kritischen Zeit wanken die unbesangenen
2629 3785 3334 3871 lichen Gegenüberstehen Auge in Al
1561 3795 2634 3884 Schnitzlers Psychologie geht in diesen beiden Parallel¬
331 3825 1496 3878 Sicherheiten, Gedankengifte wirken stärker, Grübelei frißt
2646 3857 3328 3913 wütenden Haß des Alternden, A
1489 3849 2629 3925 sällen sehr diskret und wortlarg vor und überläßt moti¬
316 3849 767 3936 sich zerstörerisch ein.
2631 3894 3336 3957 Jugend, die ihn aus dem frischen
410 3899 1483 3977 Friedrich Hofreiters Ehe mit Frau Genia schien beiden
1483 3898 2638 3969 vierende Erklärung der Vorgönge unserem Einfühlen.
356 3948 3343 4007 ukerordentlich ruhig und fest verankert. Er hatte seine! Wir können das ungezwungen leisten. Bei Genia liegt es! gängergesicht seines Gegners herau
