3392 4608
1336 129 1777 223 box 28/4
635 159 766 225 We
215 153 1180 265 24. DasteLand
1425 1017 2323 1082 geschoben. Sie handeln nicht aus innerlicher
474 1010 1411 1088 Ooer soll er so etwas wie eine Rechtsertigung
1422 1070 2339 1127 Notwendigkeit, sie bewegen sich vielmehr inso¬
484 1079 1403 1131 für die äußerst gewagte Problemstellung sein?
1414 1114 2340 1174 weit der Problemsteller hinter den Kulissen es
481 1131 1410 1179 „Das weite Land“ soll die menschliche Seele,
1426 1151 2331 1210 will und just nur dahin, wohin dieser sie haben
481 1163 1414 1219 insbesondere wohl doch die Weiberseele, sein.
1412 1202 2324 1257 will, um das willkürlich ersonnene Problem
476 1210 1406 1266 Das ist nun allerdings ein weites Land, ein sehr
1666 1241 2337 1304 Droben im Hochgebirge ver¬
1409 1246 1677 1315 zu lösen.
487 1249 1411 1306 weites, ein unendliches sogar und ein labyrinthisch
1429 1281 2330 1342 liert sich das Triebleben Hofreiters an eines
474 1297 1412 1354 verschlungenes obenein. Ein widerstandslos
1555 1331 2336 1389 modernsten Mädchen, die vorzeitig
1427 1338 1547 1394 jener
485 1341 1406 1404 seinem Empfindungsleben hingegebener russischer
2218 1371 2328 1424 Er¬
1422 1366 2218 1425 von allen schlechten Früchten des
487 1383 1411 1437 Musiker Korssakoff hat die Gemahlin des Fabri¬
1430 1407 2337 1477 kenninisbaumes genossen und darüber verderbt
480 1435 1410 1491 kanten Hofreiter, Genia, hoffnungslos geliebt
1422 1458 2327 1512 worden bis auf das letzte Blutkügelchen. Als
475 1467 1408 1528 und ist deshalb ans dem Leben geschieden. Der
1426 1484 2338 1556 Gegenstück hierzu spinnt sich ein Liebeshandel
483 1515 1405 1571 weichherzige Künstler ist der echt weiblichen, edel¬
1432 1545 2337 1614 gemütvollerer Natur zwischen dem Sohne der
483 1561 1404 1619 denkenden Frau nicht gleichgültig geblieben;
1429 1588 2341 1654 geschiedenen Schauspielerin, dem Marinefähnrich.
485 1606 1406 1661 aber sie ist in dem Seelenkonflikt Siegerin
1423 1635 2326 1689 Otto Aigner, und der Gemahlin Hofreiters an.
485 1643 1413 1695 geblieben. Der tragische Ausgang hat ihr
1418 1672 2338 1729 Der von seinem Gebirgsausfluge zurückkehrende
476 1683 1411 1753 Innerstes erschütiert und ihre Seele dem Gatten
1424 1727 2336 1788 Hausherr hat gerade noch Gelegenheit, zu sehen,
486 1734 1415 1787 entfremdet. Freilich hatte die Ehe schon ohne¬
1435 1762 2336 1823 wie der Liebhaber seiner Frau nachts aus dem
486 1776 1403 1825 hin einen klaffenden Riß erhalten. Mit diesem
1428 1801 2333 1864 Fenster steigt. Hofreiter handelt indessen nicht
489 1821 1408 1881 Zwiespalt der Gatten setzt das Stück ein. Gleich
1420 1852 2332 1908 nach der Vorschrift des jüngeren Alexander
487 1859 1416 1919 die erste Szene, unmittelbar nach der Veerdi¬
1427 1880 2346 1959 Dumas „tue-1a“ Ganz und gar nicht. Er
485 1909 1418 1965 gung des russischen Musikers, führt uns mitten
1433 1920 2343 1998 überschläft vielmehr in des Wortes eigent¬
483 1954 1409 2007 hinein in die Stimmung der beiden Eheleute.
1420 1968 2339 2042 lichster Bedeutung die Geschichte, und als
481 1991 1414 2049 Der Gatte zweifelt leise an der Treue seiner
1422 2007 2347 2086 am anderen Morgen die ganze Gesellschaft
477 2032 1415 2097 Frau, die ihm versichert, Korssakoffs Geliebte
1430 2059 2337 2138 in seinem Landhause versammelt ist, schleudert
477 2086 1417 2152 nicht gewesen zu sein; „leider“ nicht, wie sie
1430 2107 2342 2175 er dem jungen Manne eine brutale Beleidigung
482 2125 1411 2199 hinzufügt. Nun ist der Stein ins Rollen ge¬
1435 2158 2337 2217 ins Antlitz. Eine Herausforderung ist unaus¬
487 2168 1416 2240 bracht. Mit Spannung erwartet man die Ent¬
1426 2191 2341 2271 bleiblich. Der Fähnrich wird niedergeknallt.
492 2211 1411 2267 wicklung aus dieser Problemsstellung; sie er¬
1432 2238 2337 2299 Genia verläßt ihren Gemahl, der wenigstens
490 2257 1411 2317 scheint allerdings von Haus aus mehr novellistisch
1420 2285 2339 2355 den guten Geschmack behält, jenes verwahrloste
497 2299 1409 2364 als im eigentlichen Sinne dramatisch. Paul
1433 2312 2348 2387 Geschöpf, das sich ihm an den Hals wirft, von
484 2346 1405 2408 Heyse könnte das Problem aufgestellt haben.
1438 2362 2348 2434 sich abzuschütteln. In diesem Augenblick taucht
490 2388 1411 2464 In Hofreiters Seele ist der Stachel tief stecken
1428 2417 2347 2492 der dreizehnjährige Sohn der Hofreiterschen
483 2431 1412 2485 geblieben. Die Frau, die er trotz aller
1437 2478 2351 2519 Eheleute plötzlich auf und ruft überselig, aus
492 2475 1413 2534 seiner Herumliebeleien mit einem gewissen
1424 2508 2346 2575 seiner Pension ins Elternhaus zu den Ferien
494 2516 1411 2589 Leidenschaftlichkeit liebt, hat einem andern in
1426 2554 2342 2614 zurückgekehrt, die Worte „Vater“ — „Mutter!“
485 2559 1411 2617 ihrem Gemüte angehört, das nagt an ihm.
1435 2586 2345 2650 Wer hat nun diese szenische Schachpartie ge¬
497 2606 1416 2660 Der Schatten Korssakoffs steht zwischen ihm und
1427 2637 2344 2705 wonnen? Denn es handelt sich tatsächlich nur
496 2649 1420 2710 seiner Frau, die ihm die eheliche Treue gewahrt
1422 2681 2350 2746 um eine solche. Wir sind unseres bescheidenen!
489 2694 1411 2755 hat. Die Atmosphäre in dem Landhause Hof¬
1432 2708 2351 2792 Teiles der Ansicht, daß sie mit einem „Remis“
495 2737 1419 2802 reiters wird unerträglich schwül; er entflieht
1436 2754 2351 2838 geendet. Unverkennbar sind einzelne Wendungen
496 2770 1411 2832 ihr und er begibt sich ins Hochgebirge, um zu
1430 2816 2347 2878 in dem Spiele von einer verblüssenden
494 2835 1408 2881 vergessen. Dort findet er einen älteren Freund,
1994 2840 2346 2914 sich ihrer nur
1424 2848 2002 2925 Geistreichigkeit, wie man
495 2872 1419 2930 einen rücksichtslosen Frauenereberer, den Doktor
1440 2900 2354 2972 von einem so gewandten Schachspieler wie
494 2909 1420 2974 Aigner. Dieser steht nun in dem entgegen¬
1426 2939 2350 3006 Arthur Schnitzler versehen konnte. Dahin
482 2959 1411 3015 geietzten Falle zu Hofreiter. Er hat seiner
1441 2990 2346 3054 gehört die außerordentlich seine Szene
488 2995 1419 3077 ebenfalls von ihm heißgeliebten Frau die ehe¬
1434 3026 2344 3095 zwischen den beiden Frauen Anna Meinhold¬
495 3041 1419 3103 liche Treue wirklich gebrochen und diese
1437 3064 2344 3135 Aigner und Genia im zweiten Akte. Aber es
490 3085 1412 3147 hat das eheliche Band gelöst. Sie hat sich
1437 3120 2342 3185 muß trotzdem gesagt werden, daß all die vielen
483 3129 1414 3185 dem Künstlerberuse hingegeben, eine geachtete
1432 3164 2349 3225 Blender und Blitzer nur dazu beitrugen, das
495 3180 1414 3236 Stellung als Schauspielerin errungen und ihren
1436 3215 2343 3275 eigentlich Undramatische des Ganzen um so
483 3206 1429 3275 Sohn Otto zu einem tüchtigen Menschen er¬
1432 3246 2342 3313 schonungsloser zu enthüllen. Die Schilderung
480 3274 1424 3343 zogen. Diese beiden Personengruppen werden
496 3295 2388 3373 vom Dichter wie Schachfiauren gegeneinander! der Wiener Gesellschaftszustände ist mit unüber=1
2348 1007 3263 1066 trefflicher Meisterschaft durchgeführt, und wenn
2344 1060 3265 1116 Herr Schnitzler mit seiner Tragikomödie be¬
2348 1098 3265 1159 namsten Dichtung eine Satire im Stile
2345 1140 3262 1207 Juvenals hat schreiben wollen, so wäre
2348 1192 3258 1247 ihm dieser Vorsatz besser gelungen, wenn
2347 1229 3266 1299 er auf die szenische Form hätte Verzicht leisten
2342 1277 3266 1330 wollen oder Verzicht leisten können. Das ewige
2348 1326 3267 1377 blasierte geistreichelnde Plaudern und philoso¬
2350 1358 3266 1424 phelnde Pessimisteln, das unaufhörliche Kokettieren!
2352 1408 3264 1462 mit der Salomonischen Weisheit, daß alles eitel
2342 1453 3268 1509 sei, ermüdete auf die Dauer sogar die dem
2350 1486 3260 1553 Dichter vielfach seelisch verwandte Zuschauer¬
2339 1534 3265 1599 schar des Lessingtheaters. Die Darstellung,
2345 1593 3271 1638 die besonders in der Wiedergabe der vielen
2351 1622 3272 1677 nebenfigürlichen Elemente hervorragte, vermochte
2351 1672 3260 1728 über die dramatische Schwächlichket des Werkes
3081 1709 3223 1774 J. K.
2355 1716 2795 1775 nicht hinwegzutänschen.
2395 1752 2916 1822 Berlin, 16. Oktober 1911.
