3344 4256
674 67 752 125 W
269 45 1218 165 24. basite Land
1377 68 1823 173 box 29/6
1041 949 1188 1020 1004
1036 1038 2456 1146 gesellschaftlichen Vergnügungen, unserer Offentlichkeit, unserer
1048 1104 2447 1202 Literatur den Stempel aufdrückt; das in allen Errungenschaften“
1033 1156 2456 1250 des modernen Lebens, also auch in seelischen Verzwicktheiten zu
1036 1207 2453 1283 Hause ist. Ein Geschlecht, das zwar gern von seinen Nerven spricht,
1036 1257 2456 1348 dem aber seine verseinerte Empfänglichkeit auch für schwierige und
1031 1299 2446 1396 rätselvolle Dinge doch nur zu einer argen Unempfindlichkeit im
1039 1342 2442 1433 ganzen verholfen hat und das gerade dann, wenn der schlichte
1036 1395 2445 1491 Mensch aufheult wie ein verwundetes Tier, keine Spur von
1038 1451 2446 1541 Nervosität verrät; ein Geschlecht, dem zwar, bei seiner intellektuellen
1030 1499 2426 1595 Ausbildung und seiner seelischen Gewandtheit, alles das „passieren“
1025 1548 2445 1622 kann, was einen Faust und einen Hamlet, einen Lear und einen
1019 1607 2439 1694 Othello zum Trübsinn oder zur Raserei bringt, das aber nichts
1032 1654 2441 1744 Großes erlebt, das nie trübsinnig und nie rasend wird, das kein
1030 1709 2445 1777 ungeheures Schicksal kennt, dem die unerträglichsten Geheimnisse
1022 1737 2438 1842 für eine interessante Zeitungsnachricht, ein amüsantes Jourgespräch,
1025 1807 2450 1895 ein erfolgreiches Theaterstück sehr willkommen sind. Ein Geschlecht
1027 1850 2436 1943 mit viel Kopf und wenig Herz; mit dem rechnerischen Auge des
1021 1902 2432 1988 Industrialismus, aus dem es hervorgegangen und den es nun
1021 1961 2427 2040 einsig ausbaut, ringsum im weiten Lande, im flachen Lande, in
1021 2007 2429 2088 einem Lande ohne Höhenluft = trotz der sashionablen Alpenhotels!
1146 2048 2424 2115 Es ist nicht das geistige Klima eines Ibsen oder Haupt¬
1013 2110 2421 2184 mann oder Schönherr, was uns aus der Schnitzler'schen „Tragi¬
1019 2143 2422 2237 komödie“ anweht; wenngleich eine Betrachtung des technischen
1007 2194 2424 2291 Gesüges manche Ahnlichkeit finden würde. Den Schnitzler'schen
1010 2237 2411 2334 Figuren fehlt der Hauch des Tragischen, so viele Ansätze zu
1004 2282 2418 2365 Gewissenskonflikten und zu bedeutsamer Charakterentwicklung im
999 2347 2418 2442 Stoffe auch gegeben wären; und der Formung des Stoffes durch
1003 2394 2404 2467 den Dichter mangelt jede so naheliegende Satire, die die Wind¬
996 2447 2409 2523 beutelei dieser halbschlächtigen modernen Menschen hohnlachend an
994 2490 2406 2585 den Pranger stellen würde. Und so bewährt sich die Echtheit und
1005 2535 2412 2637 Ehrlichkeit des Schnitzler'schen Schaffens. Der Dichter steht den
999 2596 2412 2684 Kreisen, die er schildert, nahe und hat in seinem eigenen Schauen
1003 2649 2404 2727 und Denken einen verwandten Zug. Mit überlegener Künstlichkeit
992 2696 2402 2766 gestaltet er ein „Chaos“ der Leidenschaften und bringt alles ohne
989 2729 2403 2822 Pose, ohne Übernehmen seiner Kraft und ohne erheucheltes Pathos.
990 2790 2403 2871 Er hat das, was jene Kreise die „feinste Kultur“ nennen: ein
992 2839 2401 2926 kühles Behagen an den Dingen, eine vornehme Gelassenheit auch
990 2891 2401 2971 in verzweifelten Fällen, und dann eine unfehlbare Sicherheit in
980 2930 2394 3031 der erstrebten Wirkung. Aus novellistischen Skizzen, aus psycho¬
979 2991 2397 3055 logischen Epigrammen werden dankbare Rollen und eindrucks¬
983 3034 2395 3129 volle Szenen und der Realismus eines alltäglich=leichten Gesprächs¬
974 3084 2404 3160 tones erhebt sich zu einer artistischen Schönheit, in der hie und
975 3129 2409 3229 da die melancholische Nachdenklichkeit eines tieferen Gemütes ver¬
980 3177 1384 3258 söhnend aufblitzt.
1593 3344 1753 3452 02
