3296 4320
1320 102 1791 184 box 29/1
635 106 749 174 WE
944 110 1018 173 I.
223 111 1196 213 24. Das #.tenand
783 999 2005 1053 Schluß fehlte. Auch die Aigners lieben sich sehr. Trotzdem
1990 988 3236 1071 währten Darstellers abgeklärte Kunst gerecht. Es war in allem!
786 1039 2004 1085 nippte der Doktor v. Aigner an jedem Blümlein, das ihm Liebes¬
119 996 618 1116 und Musik.
2001 1050 3224 1110 eine lebensvolle Leistung, der nichts Komödienhaftes anhaftete.
785 1076 2007 1131 lust bot. Frau Anna freilich verstand nicht zu resignieren. Sie
2006 1078 3232 1144 Frl. Elsinger gab die sehr schwierige Partie der etwas stark
794 1108 1996 1174 schied sich vom Gatten, schaffte sich ihren Beruf und erzog ihren
2005 1118 3223 1185 ans Problemhafte erinnernden Frau Genia mit ihren starken
112 1113 481 1191 Schauspielhaus.
793 1152 1996 1217 Buben. Freilich um den Buben, just als sie am stolzesten auf ihn
2006 1158 3224 1235 und doch feinen Mitteln sehr überzeugend. Für die schwächste
108 1162 793 1229 Land. Wer weiß was in ihr wohnt?
781 1195 2003 1256 war und sein konnte, den Fährnissen der Erotik, die in den
2009 1202 3224 1266 Figur des Stückes, die geschiedene Frau von Aigner, trat Frau
116 1210 797 1280 nihrer Erscheinungen? Friedrich
795 1231 2005 1282 weiten Herzen dieser Gesellschaftstypen neben dem Tennis die
2005 1231 3224 1303 Ellmenreich mit ihrer ganzen großen Kunst ein, so daß man
108 1249 797 1313 und verständig Frau Genia. Und
782 1275 2012 1329 Hauptrolle spielt, erliegen zu sehen. Er ist der unglückliche
1993 1276 3219 1345 die schwache Position der Figur im dramatischen Getriebe des
108 1297 797 1357 die Liebe ist, sie konzentriert sich
795 1321 2001 1362 Glückliche, der Frau Genias Leib und Liebe gewann und vom in
1992 1317 3214 1382 Stückes gar nicht merkte. Heinrich Lang gab dem Dokior
112 1332 797 1393 ofreiter liebt in der Runde wie der
789 1353 1996 1403 seiner Liebe beleidigten Gatten, just als der aus den Armen einer
2008 1354 3214 1422 von Aigner, der vom Dichter nicht viel besser behandelt als die
118 1372 788 1426 der Blüten nippt, deren leuchtende
782 1383 1996 1441 Demivierge wieder der Gattin zutaumelte, niedergeknallt wird.
1998 1397 3224 1464 Frau, symphatische Züge und eine sehr eindringliche Charakteristik.
110 1398 791 1473 rau findet sich damit ab. Die Zu¬
781 1429 2003 1483 Wie in einem Spiegel läßt Schnitzler das Schicksal der Hofreiters
1998 1436 3225 1505 Gebhardt setzte für den jungen Otto von Aigner seine ganze
113 1455 795 1515 d mählich zu mütterlicher Sorge.
789 1460 2003 1519 auftreten im Schicksal der Aigners. Auch Frau Genia scheidet sich
2001 1465 3223 1550 symphatische Jugendlichkeit ein. Eine feine Charaktertype schuf
115 1485 784 1540 immer, ob ihres Mannes Liebes¬
783 1514 2009 1560 nun von ihrem Manne, der ihr jetzt Grauen einflößt. Und auch
1995 1520 3221 1583 Frau Otto=Körner aus der Frau Wahl, einer echten Dame
108 1527 203 1585 n.
192 1540 784 1593 Bisweilen spielt sie mit dem
781 1551 1999 1609 die Hofreiters haben einen Buben. Jetzt ist er 13 Jahre alt
1993 1553 3211 1615 der mondainen modernen Gesellschaft. Eine frühreife und früh¬
105 1570 794 1628 n. Ehe sie sich über die Seiten¬
781 1582 1995 1644 und faßt die Summe seiner Empfindungen, als er nach längerer
1990 1587 3212 1658 verdorbene Tochter der Dame gewann durch Paula Silten
108 1607 785 1670 dachte sie gar daran, freiwillig aus
794 1630 2001 1676 Abwesenheit ins Elternhaus heimkehrt, in die beiden Worte zu¬
1990 1629 3220 1700 vortrefflichst Gestalt. Andere Gesellschäftstypen wurden durch
113 1641 783 1704 sie hat einen Buben, den sie lieb hat.
787 1661 2009 1719 sammen: „Mutter, Vater!“ Aber es wird schon die Zeit kommen,
1994 1671 3220 1734 Toni Heydorn, Hans Andresen, Paul Ellmar,
114 1684 792 1754 hen Gemeinschaft hat sie aufgegeben,
794 1696 2004 1762 wo seine Empfindungen und Stimmungen in dem weiten Land
2004 1704 3211 1787 Emil Stettner, ein sehr braver Hausfreund von Carl
102 1717 787 1785 Erzen noch an ihrem Manne hängt.
792 1745 1991 1796 seiner Seele gerade ebenso irregehen, wie die seiner Eltern,
1998 1736 3204 1818 Wagner, ein ewiger Tennisspieler von Hans Pichler
98 1779 791 1832 n der Ausführung des Revanche¬
786 1786 2004 1841 denn er entstammt ihrem Milieu und wird wahrscheinlich in ihm
1989 1791 3215 1853 ausgezeichnet wiedergegeben. Besonders hervorgehoben zu werden
108 1810 793 1865 er hat sie erfolglos umworben, und
782 1825 1685 1875 leben und sich in ihm und nach ihm entwickeln.
1996 1832 3222 1904 verdient Brahms komischer, aber fein gesehener Hotelportier.
122 1852 800 1899 groß, daß er sich erschoß, als er die
857 1847 2001 1917 Fabel und Personen der Tragikomödie „Das weite
1987 1878 3213 1941 Ueberhaupt standen Spiel und Zusammenspiel an diesem Abend
128 1881 793 1942 eerkannte. Die Seele dieser Frau
793 1889 1996 1954 Land“ sind interessant, aber beide machen doch nicht recht warm.
2000 1904 3199 1980 auf besonderer Höhe. Das half der Wirkung des Stückes sehr
108 1927 782 1990 kennt sich in ihr aus. Nicht einmal
789 1935 2004 1993 Bei dem vielen Dichterischen des Stückes, das vor allem im
1992 1945 3215 2030 nach und stärkte die Teilnahme des Publikums dermaßen, daß
111 1957 789 2019 krliegt sie doch dem Aerger über die
782 1977 2000 2035 Nebenwerk steckt, fehlt es den Hauptpersonen und ihrem Schicksal
1983 1990 3217 2061 man am Schluß neben den Darstellern auch Herrn Dr. Hage¬
112 2000 793 2059 ein netter junger Fant gewinnt in
777 2020 1995 2083 an der Weihe durch den Dichter, die uns Menschenschicksale mit
2000 2023 2837 2105 mann immer wieder vor die Rampe rief.
117 2034 795 2114 ihre Liebe und ihren Leib. Ein
777 2055 2007 2113 innerster Anteilnahme wieder miterleben läßt. Dabei ist alles
775 2091 2005 2166 gut motiviert. Nie hat man das Gefühl: Ja, weshalb geschieht
113 2107 783 2183 ist die Erotik des Herrn Friedrich
2307 2122 2883 2196 Hamburger Stadttheater.
777 2145 2003 2196 das? oder, weshalb geschieht es gerade so? Das stimmt alles.
106 2168 791 2219 gt, seine Frau. Doch allen schwülen
775 2178 2005 2244 Die Rechnung klappt. Aber es ist nur eine Rechnung, die in
2198 2180 2996 2251 Goldmark: Das Heimchen am Herd.
105 2204 794 2265 uf Anhieb. Angefressene Bankiers¬
781 2217 2006 2264 verschlungenen Ansätzen sich entwickelt bis zur richtigen Lösung.
2060 2222 3220 2299 Das Stadttheater hat die Heimchen=Oper von Goldmark
115 2246 789 2302 hreife Mädel, und hat doch eine so
783 2253 1997 2323 Nur fehlt das Hinreißende, das Aufwühlende, das Ergreifende
1994 2265 3216 2333 nach langen Jahren der Ruhe wieder zum Leben erweckt. Sie ist ge¬
106 2285 791 2347 zu seiner Frau, daß er ihren Lieb¬
782 2291 1992 2350 des Kunstwerks dabei. Freilich war es wohl kaum möglich, aus
1989 2306 3207 2379 schrieben, bald nachdem Humperdinck mit seinem „Hänsel und Gretel“
129 2336 779 2386 gekränktem Ehrgefühl oder einer
786 2329 2000 2396 diesem zwischen Tennis und Flirt, zwischen Geldmachen und
1993 2346 3207 2404 die Märchenstoffe bühnenfähig gemacht hatte. Da suchte der schlaue
125 2347 795 2434 flichtung — aus tief empfundener
785 2383 1995 2445 erotischem Tosen taumelnden Milien solch ein Kunstwerk er¬
1991 2375 3209 2456 Goldmark die Lage auszunutzen und fand einen leider herzlich unge¬
793 2411 1124 2482 stehen zu lassen.
1985 2424 3207 2482 wandten Schreiber, der ihm die wundervolle Dickenssche Er¬
104 2440 797 2518 Und doch wird es erklärt aus dem
863 2448 1996 2510 Herr Dr. Hagemann hatte bei der Inszenierung der
1993 2473 3212 2537 zählung zu einem Opernstoff herrichtete. „Frei nach Dickens“ steht
104 2487 793 2551 Arthur Schnitzler eignenden
1888 2499 1997 2553 der
789 2482 1907 2555 fünf Akte meines Grachtens eine sehr glückliche Hand in
1984 2512 3211 2576 auf dem Titelblatt des Buches; „frei von Sickens“ wäre richtiger
109 2523 799 2588 r Beobachtung und Detailgestaltung
785 2537 1995 2590 Widerspiegelung des Hautgout dieser Gesellschaft mit dem
1990 2545 3212 2596 gewesen. Denn von dem Geiste und der Kunst dieses Meisters, von
104 2562 797 2640 Das immer geschäftige, schlaffe, stark
779 2577 1989 2629 speziellen Wiener Einschlag durch die Bühnenbilder. Sie
1987 2567 3213 2654 all den Eigenschaften, die gerade diese Dichtung so wertvoll machen,
105 2615 791 2671 der modernen Gesellschaft, die sich
789 2610 1991 2672 atmeten ganz und gar den Geist des Milieus des Stückes. Ueppig
1985 2627 3207 2702 ist nichts, aber auch rein nichts übrig geblieben. Man möchte weinen,
107 2645 781 2703 m Milien sind Friedrich und Genia
790 2646 1993 2716 parfümierter Prunk mit den nötigen Spritzern Benzin. Und
1984 2663 3202 2709 wenn man sieht, was man dem armen Dickens da angetan hat.
100 2683 797 2737 En, sondern Typen, wie man ihnen
786 2680 1732 2743 die Darsteller fügten sich allesamt samos in
1716 2691 1985 2758 diesen Kreis.
1994 2696 3204 2770 Der Stoff, ben des Dichters große Kunst mit solcher Behaglichkeit
118 2729 796 2791 der Tragikomödie „Das weite
787 2726 1990 2793 Glänzend in seiner flatternden Lebemännlichkeit und erotischen
1985 2741 3211 2793 und Liebe gestaltet hat, daß seine Einfachheit und die stellenweise be¬
100 2753 794 2825 Pendants. Alles, das Genia und
790 2774 1988 2830 Begehrlichkeit war der Hofreiter Nhils. Auch dem gemüts¬
1993 2790 3211 2833 merkbare Unwahrscheinlichkeit gar nicht zum Bewußtsein kommt ist zu
112 2808 801 2862 Ehe erleben, erlebten vorher schon
774 2806 1996 2870 losen, grausamen Zug, der dem Manne anhaftet, und der am
1983 2820 3244 2869 einem elenden Operngerüst geworden, das in der Kahlheit und Nüchtern= 1
115 2853 3263 2927 Frau Anna. Nur der katastrophale! Ende doch Frau Genia sich von ihm scheiden läßt, wurde des be¬ heit, wie sie das Textbuch erkennen läßt, widerlich gemacht und häßlich 1 1.
274 2976 975 3147 Kauetr
986 2953 2061 3152 eh 4½. 40.
