3296 4352
428 112 1138 184 Prolelarier wie ihre Genossen
408 177 1142 215 verfeld=Barmen oder in Bochum oder
413 205 1154 257 in Prag oder in Lyon. Und die Säbel
411 247 1156 298 glänzen auf dem Wiener Franzensring
410 281 1146 335 grad so wie in Belleville oder in Trep¬
404 316 1150 372 tow, und die exakte Hab=acht=Stellung,
414 346 1153 412 die auf's Kommando harrt, ist so gut
414 394 1144 446 österreichisch wie deutsch, wie französisch.
407 419 1160 498 Wir Feuilletonisten werden überflüssig
400 473 720 545 oder lächerlich.
448 522 1152 598 Am Tage, da der Dalmariner Rjegusch
403 584 1154 627 Wawvrak von der zweiten Gallerie des
412 620 1149 668 Abgeordnetenhauses auf den Justiz=Mi¬
409 657 1154 709 nister schoß, begegnete ich einem jungen
409 705 1157 755 Russen. Seine dünnen Lippen verzogen
405 729 1145 778 sich zu so was wie einem Lächeln, und
405 769 1145 821 sein grüngelber Teint röthete sich für
400 796 1148 861 einen Moment. Er sagte spitz: „Ihr
401 844 1138 897 habt gehofft, daß Rußland sich euro¬
1012 870 1146 930 russi¬
398 874 939 935 päisirt, hehehe, inzwischen
406 900 1152 973 fizirt Ihr Euch!“ Der stille Hohn ging
402 963 1141 1011 auf die Nevven. Ich setzte mich hin
405 982 1147 1039 und erklärte dem Manne mit den dün¬
408 1028 1150 1084 nen Lippen: „Sehen Sie denn nicht,
405 1060 1143 1120 wie falsch Ihr scharfes Auge sieht! Da
404 1095 1135 1152 kommt ein junger Serbe aus seinem
394 1142 1150 1197 dalmatinischen Nest herauf. Er versteht
403 1171 1145 1217 fast kein Wort Deutsch, er bringt noch
395 1206 1144 1265 den raschen Handgriff zur Waffe mit,
390 1241 1141 1291 wie das schon so üblich ist im Balkan¬
398 1278 1139 1337 gebirge, er hat kurz vorher sein Land¬
401 1311 1145 1374 gut um ein paar tausend Kronen ver¬
407 1358 1140 1414 kauft, ist „die Tage über in Schenken
403 1393 1139 1447 und Freudenhäusern gelegen, hat noch
398 1425 1147 1489 ein paar hundert Kronen in der Rock¬
403 1475 1148 1531 tasche. Ein Balkanheld im Katzenjam¬
670 1504 1135 1563 So sehen doch nicht die
400 1512 552 1555 mer!.
403 1529 855 1599 Elendsrevolteure aus!“
882 1542 1136 1591 Aber mein
396 1579 1137 1638 Russe behielt das schiefe Maul, denn
397 1616 1138 1675 eben iene Einmischung der gar nicht
390 1655 1131 1703 Betroffenen, die Mitwirkung der Dé¬
393 1688 1140 1747 generes, berührte ihn heimathlich. Ich
403 1741 1139 1779 mußte an diesem Abend zu einer Ope¬
393 1761 1127 1816 rettenpremiere, das stimmt ja immer
396 1807 1136 1846 trist, aber diesmal sah ich auch noch
396 1838 1147 1885 das grün=bleiche Gesicht meines Russen
386 1884 1137 1944 vor mir und hörte seinen stillen Hohn:
399 1909 848 1983 „Ihr russifizirt Euch“.
414 1961 1135 2038 Nein, wir russifiziren uns nicht! Der
379 2026 1132 2077 eine Niegusch ist ein verirrter Serbe,
391 2059 1133 2114 der momentan zu Hause, in Montenegro
390 2107 1137 2145 oder Serbien, keine rechte Bethätigung
392 2138 1134 2184 finden kann. Sonst absorbirt irgend ein
395 2172 1136 2230 Balkan=Königsmord dergleichen Phanta¬
389 2215 1133 2277 ssien, und wir an der Donau haben Ruh!
520 2253 1132 2306 Es giebt einen deutlichen Beweis
385 2267 1133 2332 dafür, wie wenig russifizirt wir sind.
392 2328 1138 2376 In den letzten Wochen ist in Wien in
395 2363 1132 2411 aller Stille eine Art Ausnahmsgericht
397 2398 1136 2449 geschaffen worden, und es hat Strafen
388 2441 1122 2496 gegeben, wie wir sie in Oesterreich seit
397 2462 1130 2533 zwanzig Jahren nicht erlebten. Weh
401 2506 1121 2560 dem, der in diesen Tagen eine Fenster¬
395 2544 1117 2588 scheibe zertrümmert! Die Gerichte hat¬
387 2573 1131 2630 ten sich plötzlich einen eigenen Revolu¬
396 2619 1138 2674 tionstarif angeschafft, wonach gebrochene
392 2657 1137 2718 Laternen mit gebrochenen Existenzen ge¬
400 2691 1134 2748 fühnt wurden. Die Wiener Revolte im
399 2734 1141 2777 September war eine große Aktion im
402 2771 1117 2813 Interesse der nothlendenden Glaser...
400 2799 1129 2862 An Fensterscheiben und Straßenlaternen
388 2841 1127 2901 erschöpfte sich der Ingrimm der Erreg¬
391 2882 1123 2930 ten. Keinem eleganten Herrn auf der
398 2918 1127 2965 Ringstraße wurde auch nur der Zylinder
388 2953 1127 3009 verwischt! ... Dennoch gab es furcht¬
392 2985 1131 3047 bare Urtheile. Ein Jahr für eine zer¬
397 3030 1133 3092 schlagene Fensterscheibe, zwei Jahre für,
384 3051 1120 3120 einen zum Schutz gegen die reitende Po¬
397 3098 1134 3154 lizei erhobenen Stock, sechs Monate für
390 3145 1129 3188 eine gebrochene Gaslaterne. Es sollten
386 3169 1125 3222 Cxempel statuirt werden! Als ob die
400 3209 1131 3261 vier Erschossenen, die in der Ottakringer
397 3260 1130 3325 Erde ruhen, nicht Exempel genug
392 3288 553 3354 wären!
419 3332 1075 3416 Aus diesen Abschreckungsprozessen.
864 3383 1116 3459 t angeklagt:
423 3398 832 3454 Ein junger Mensch
402 3434 1124 3510 „Hoch die Revolution!“ gerufen zu ha¬
395 3478 497 3537 ben.
430 3493 1123 3563 „Sind Sie organisirt?“ fragt der
383 3526 1127 3607 Vorsitzende in allen diesen Prozessen.
385 3571 1123 3657 Der Angeklagte, seit vier Wochen in
383 3616 822 3691 Haft, antwortet offen:
415 3662 600 3711 „Nein.“
420 3681 1138 3766 „Warum haben Sie denn „Hoch die
391 3709 805 3799 Revolution“ gerufen?“
430 3770 688 3822 „I waß net.“
426 3806 1125 3879 „Was stellen Sie sich denn unter Re¬
387 3830 656 3904 volution vor?“
411 3871 796 3945 Verlegenheitspause.
1637 470 2152 541 i Ausschmitt aus:
1891 524 2037 620 150
2247 539 2746 636 Doutech-Oeterrele
1699 578 2699 671 VOHR
1713 740 1773 811 S
1845 736 2632 850 Wiener Theater-Bericht
2744 776 2828 849 S
1609 806 1777 881 SE
2095 830 2334 899 (Oktober.)
2673 838 2838 924 Se
1646 992 2888 1061 Burgtheater. „Das weite Land“ eine Tragikomödie
1537 1039 2865 1118 von Artur.Schnitzler. Das Natürliche ist das Chaos —
1544 1079 2883 1200 in diesem Wort faßt der Dichter das Leitmotiv seines Werkes
1532 1162 2880 1248 zusammen. Wir versuchen in dem weiten Land unserer
1539 1209 2898 1319 Seele Ordnung zu schaffen, aber diese Ordnung ist eiwas
1537 1276 2881 1347 Künstliches, der erotische Instinkt geht unbeirrt seine will¬
1535 1329 2894 1418 kürlichen Bahnen. In dem Geschick von drei Ehen zeigt
1527 1382 2878 1488 Sch. die endlosen Varianten der Liebesleidenschaft: da ist
1519 1459 2887 1524 zuerst die Ehe Aigner. Tiefste, verstehendste Liebe vereint
1532 1519 2873 1602 die Gatten. Und doch betrügt er sie. Warum? Weil
1533 1552 2873 1667 die Menschen unverständlich kompliziert sind. Dann beichtet
1523 1632 2868 1733 er ihr in tiefer Wahrhaftigkeit und die zwei Menschen
1526 1687 2870 1804 müssen auseinander. Müssen, Gerade weil sie sich wirklich
1510 1749 2864 1859 lieben. Dieser Zug ist schön, echt poetisch und lebenswahr
1519 1800 2864 1916 zugleich. Dann sehen wir die Ehe Natter. Beide sind Genießer,
1511 1873 2853 1961 Durchschnittsmenschen. Er weiß sich von seiner Frau be¬
1509 1930 2872 2046 trogen, aber er schließt beide Augen, denn die Scheidung
1501 2043 2843 2142 würde die Störung seiner frohen Lebenslaune bedeuten. Das
1491 2125 2830 2194 ist nicht schön, aber leider wahr. Und endlich die Ehe Hof¬
1490 2185 2838 2253 reiter, deren Schicksal im Vordergrunde steht. Er, ein dä¬
1495 2235 2837 2304 monischer Frauengewinner, dessen Philosophie darin gipfelt,
1490 2289 2834 2381 daß nur im Liebesgenuß das starke Leben liegt — der
1490 2342 2837 2433 Beruf, der Ehrgeiz, die menschliche Kullur sind Pausen.
1487 2420 2817 2492 Seine Frau ist tugendhaft, mit dem ästhetischen Reinlich¬
1496 2464 2820 2556 keitsgefühl der Tugend. Ein Bewerber, den sie abweist, er¬
1484 2538 2836 2604 schießt sich. Ihr Gatte dankt ihr ihr keusches Versagen nicht.
1493 2581 2829 2677 Ihm ist sie eine Mörderin. Diese Auffassung wirkt auf sie
1496 2649 2830 2741 wie eine drosselnde Faust. Und als ein zweiter Liebhaber
1487 2712 2839 2802 zu ihren Füßen flehl, erhört sie ihn. Zagend, unfroh, aber
1479 2776 2828 2845 sie erhört ihn. Und da geschieht das Unerwartete, Hofreiter,
1490 2819 2819 2909 der Skeptiker, der Lehrer des fessellosen Genusses, der
1475 2875 2826 2969 Prediger unbändiger erotischer Freiheit, verfällt — fast wider
1483 2941 2822 3029 Willen — in die Allüren eines altmodischen Rächers der
1471 2996 2815 3090 Ehre, er erschießt den Gelieblen seiner Frau im Zweikampf.
1480 3064 2819 3143 „Man will doch schließlich nicht der Hupf sein“, so motiviert
1479 3125 2825 3207 er seine Gewalttal. Schnitzler hat die Geschichte dieser drei
1482 3178 2826 3267 Ehen zu einem erschütternden Drama verknüpft. Es ist ein
1478 3251 2824 3325 grausam kalter Spiegel, den diese Tragikomödie, in der der
1477 3292 2819 3369 Tod aus dem spielend eleganten Dialog hervorgrinst, unserm
1468 3352 2819 3436 frivolen Wienertum vorhält. Sch. will hier eine gewaltige
1462 3405 2800 3488 Lektion geben; wohl denen, die ihn verstehen und heraus¬
1473 3488 2819 3559 fühlen, daß alle diese Marionetten an unsichtbaren Fäden
1463 3526 2817 3624 hängen um daß der Handzug des Schicksals sie schließlich
1465 3597 2821 3684 zur Ocfhlung zwingl, die sie aus ihrem eigenen Innern heraus
1458 3666 2811 3746 nichyherzustellen vermögen. Nach dieser Kraftprobe wird
1456 3724 2852 3824 mn Schnitzler unter die Klassiker der erotischen Literatur g
1458 3768 1906 3833 Fnreihen müssen.
