3344 4352
539 181 596 249 D
311 186 1271 288 24. weite Land
1427 178 1879 270 box 29/4
1984 95 2306 177 eneen
1994 160 3142 212 Behagens am liebsten die kleinen Dinge genießerisch durch die
2001 207 3145 262 Finger gehen lassen, fand Lust, mit ihnen zu zärteln und gab
2002 249 3147 295 ihnen graziösen Schmiß auf den Weg, etwas von der Musik,
1990 287 3154 352 die Wien ausströmte. Elegante Ironie war das erklärte geistige
2001 327 3142 380 Kunstgewerbe der Gesellschaft. Sie war durchaus nicht ab¬
1998 378 3155 429 gründig. Auch dem Leichtjuß Anatol wurde nur ein wenig
1998 418 3147 466 Gedankenmüdigkeit ins Gesicht geschminkt, wenn er seine „Frage
1998 461 3148 496 an das Schicksal“ stellte, zu einem „Abschiedssouper“ mußte
1988 503 3150 541 oder „Weihnachtseinkäufe“ machte. In den Weinbezirken Grin¬
1990 546 3154 598 zing, Sievering, Dornbach ging indessen die Liebelei um. Ja,
1998 590 3152 640 im weiten Wiener Land lebten Reiz und Duft des Wiener¬
1998 625 3156 678 waldes, auch Baden, das sublimierte Wien. Der oberste Regen¬
1992 665 3149 711 nannte sich Stimmung. Wir erinnern uns: Aeltere Wiene
1994 700 2752 761 hatten sie als Parfüm im Taschentuch.
2070 734 3144 807 Graue Schwaden von Ewigkeiten haben sich seither vor die
1992 771 3155 852 Schnitzler=Zeit gelegt. Das Tennisspiel mit der Liebe ist längst
1990 840 3147 883 nicht mehr gewohnte Tagesbeschäftigung des Wieners. Das
1987 880 3144 922 Stück steht jetzt in frostiger Zeit und in scharfer Luft. Die Frage
1988 922 3152 960 meldet sich: Hat es denn wirklich jemals Schnitzler=Menschen
1986 953 3140 1013 gegeben? Das süße Mädel zum Verspiel oder den Hofreiter und
1991 1005 3145 1048 die Erna im „Weiten Land“? Gab es wenigstens ein Schnitzler¬
1996 1044 3148 1090 Cottage, einen kleinen Bezirk, wo ein ganz besonderes Wiener¬
1986 1086 3144 1126 tum rings um die Stadt herum lebte? Die Frage ist müßig.
1995 1124 3145 1185 Sicher haben seine Menschen Wiener Gesichter, tausend Züge
1984 1155 3145 1231 der Echtheit. Die Rhythmik ihres Wesens ist wienerisch. Artur
1983 1214 3148 1271 Schnitzler war mit dem größten Teil seines Schaffens, zu dem
1998 1255 3153 1302 auch „Das weite Land“ gehört, der Dichter einer Epoche ver¬
1990 1292 3151 1335 feinerter Gesellschaftlichkeit, mut ihren allerliebsten Unnützig¬
1994 1335 3145 1385 keiten, ästhetischen Uebertreibungen und ihrer dekatenten Philo¬
1991 1374 3144 1437 sophie, aber auch der berückenden Musik ihrer Leichtigkeit. Die
1988 1425 3151 1480 Authentizität der Schnitzler=Menschen wird angezweifelt. Aber
1990 1465 3147 1521 es genügt: sie hätten so sein können. Es ist vielleicht nur ge¬
1991 1506 3152 1565 träumtes Wienertum, aber es ist ein dichterisch erhöhtes. Das
1994 1546 3086 1597 gilt besonders von den Schnitzier=Schichsalen seiner Menschen.
2070 1598 3145 1655 „Das weite Land“ ist noch aus der Zeit, da Beschaulichkeit
1993 1622 3144 1693 an sich ein Genuß gewesen ist. Man hat ehedem behauptet, daß
1988 1675 3154 1735 das Personal des Stückes durchaus aus Schlüsselfiguren bestehe:
1988 1715 3145 1763 Hofreiter, seine Gattin, Dr. Maurer und der Bankier Natter,
1987 1751 3151 1805 der Portier Rosenstock, dessen Vorbild in einem Semmeringhotel
1985 1800 3143 1865 zu suchen sei. Mag sein. Heute gibt es die Hofreiters wohl nicht
1994 1850 3151 1901 mehr. Ueber den Prospekt des weiten Landes düstern andere
1991 1885 3145 1939 Konftikte hin. Das Tennis des Lebens ist aus. Aber es ist ein
1992 1927 3147 1973 wehmütiges Vergnügen, auf der Bühne verschollene Begeben¬
1991 1969 3150 2030 heiten agieren zu sehen, von deuen wir noch einen Schein des
1983 2017 3151 2066 Erlebten in der Erinnerung tragen. Wir schauen dieses elegante
1988 2056 3135 2105 Drama, das in seidene Kultur gebettet ist, delikat tragisch und
1989 2097 3149 2147 parfümierten Geistes, wie es geruhsam weiterzieht, Akt um Akt,
1976 2149 3135 2204 bei jeder hübschen Wendung stehen bleibt, sich nie tummelt, es
1986 2188 3140 2233 nie eilig hat, und nur von Verliebtheiten und Genießen zu
1990 2232 3148 2292 melden weiß, und vom verdrossenen Altwerden, weil man es noch
1987 2273 3147 2334 einmal so gut haben möchte, nein, besser. War darum wirklich
1977 2314 2629 2366 einmal die Seele ein weites Land?
2053 2353 3138 2415 Die Neue Wiener Bühne hat das Stück mit großem Fleiß
1989 2387 3143 2459 herausgebracht. Sie stellte auf die Szene, was sich an tüchtigen
1990 2437 3148 2489 Schauspielern auftreiben ließ. Der Antrieb war Korff. Sein
1986 2478 3147 2524 Hofreiter war schon im Burgtheater eine glänzende Leistung. Sie
1988 2522 3128 2589 ist es geblieben. Er hat seine federnde Elastizität beibehalten. Er
1982 2565 3149 2618 ist eine famose Schnitzler=Figur, die beste des Abends, vielleicht
1985 2613 3143 2659 mehr Schauspieler als Glühlichtfabrikant, aber gerade
1981 2649 3136 2709 darum schnitzlerisch. Eine sehenswerte Leistung. Frau Maria
1975 2687 3143 2748 Karsten war Genia, eine beseelte, vornehme Darstellerin,
1986 2734 3142 2799 intelligent, reich an Ausdrucksmitteln, schlechtweg vortrefflich.
1978 2779 3139 2838 Bloß gar nicht wienerisch; norddeutsch. Schnitzler=Stücke aber
1986 2819 3137 2874 müssen wienerisch gespielt werden. Frau Karsten ist eine aus¬
1981 2865 3138 2918 gezeichnete Schauspielerin. Sie sagt aber beispielsweise in einem
1976 2911 3134 2957 Schnitzler=Stück auf einem Wiener Theater: Billjard. Wenn
1974 2956 3129 3009 ein Versatzstück herabsiele, es wäre nicht schlimmer. Ueberhaupt
1974 2991 3127 3052 treffen die Schauspieler, mit ganz geringen Ausnahmen, nicht
1976 3039 3120 3098 mehr den Wiener Ton. Sie sprechen geschraubt. So Herr
1974 3072 3130 3136 Uiberacker als Dr. Maurer, diese Urwiener Figur. Trotzdem,
1983 3126 3130 3187 es gab ganz achtbare Leistungen, zum Beispiel der Frau Emmy
1985 3161 3135 3221 Förster, des Herrn Jens Friedrich. Der Otto des Herrn
1986 3203 3129 3268 Smytt war anmutiger Kindermund. Es gab Stimmung im
1975 3252 3137 3308 Haus, die Stimmung einer verflossenen, unvergeßlichen Wiener
1980 3277 2085 3347 Zeit.
2741 3292 3099 3366 Emil Kläger.
2172 3371 2954 3448 Theater= und Kunstnachrichten.
2118 3451 3120 3515 Im Burgtheakter gelangt Mittwoch den 22. d. das
1974 3498 3105 3560 Spiel „Fasching“ von Franz Molnar zur Aufführung. Es
1986 3548 3135 3592 wirken mit die Damen Albach=Retty, Franker, Kasznica, Liesen¬
1973 3592 3123 3646 berg, Medelsky und Schulz, die Herren Aslan, Heller, Huber,
1982 3625 3128 3695 Höbling, Kramer, Müller, Moncza, Romberg, Schmöle, Philipp
1969 3667 2786 3745 Zeska und Karl Zeska. Anfang 7 Uhr.
2213 3807 2714 3924 CCeA □ K
2254 3908 3097 4058 Lsl 1722
3174 155 3320 215 Beginn
3170 198 3323 259 grissen.
3167 273 3321 334 der Ka
3178 321 3327 375 wird a¬
3167 361 3329 418 Thea
3175 480 3323 548 7 Uhr,
3175 530 3321 585 führend
3163 575 3318 628 Klavier
3172 643 3316 709 findet
3170 697 3319 750 Abends
3174 742 3327 799 Karten
3170 805 3322 877 vereins
3168 866 3322 918 auf wen
3174 908 3319 965 an der
3171 972 3332 1043 saal, I
3165 1032 3314 1084 meister
3173 1055 3331 1123 (Orgel),
3164 1112 3333 1164 Konzert!
3167 1153 3327 1214 markt 3
3166 1230 3349 1300 vereinsg
3166 1276 3336 1332 Trude 5
3165 1318 3350 1389 vereinsk
3160 1386 3350 1462 kleiner 8
3171 1477 3349 1543 schon bei
3165 1527 3333 1584 das für
3163 1570 3352 1633 saale ang
3173 1613 3349 1665 Laufe de¬
3169 1655 3350 1706 wird an
3175 1691 3339 1754 dem Bau
3168 1772 3349 1839 Konzert
3173 1818 3349 1880 nicht rei
3160 1863 3330 1918 werden 1
3175 1905 3343 1961 statt. Re
3170 1946 3342 2013 Mozarth
3163 2030 3340 2092 zirk, Get
3166 2079 3349 2135 jährigen
3169 2122 3349 2174 Veranstaf
3162 2163 3351 2219 Konze
3157 2193 3349 2258 Ressel
3158 2248 3324 2300 baum.
3160 2286 3328 2341 Nerue d
3170 2332 3335 2396 cissimus“
3159 2406 3349 2476 Sonatena
3168 2456 3341 2511 folgendem
3157 2497 3345 2552 Sonate E
3159 2539 3341 2600 der „Sy
3160 2615 3350 2692 Konzerth
3154 2664 3315 2721 Tänze:
3159 2709 3339 2762 Kosakenta
3156 2750 3344 2805 mann, M
3165 2791 3351 2855 Karten a#
3166 2837 3299 2897 haus.
3152 2915 3349 2978 vollständig
3152 2961 3336 3023 die Konze
3154 2998 3336 3058 pflichtet,
3143 3043 3341 3099 Konzerthaf
3154 3086 3343 3150 verkehr. K
3163 3165 3344 3238 im groß
3157 3209 3341 3267 Spieles „
3154 3252 3350 3313 diesjährige
3151 3297 3351 3353 In der 2#
3161 3338 3349 3393 Nikolaus
3163 3381 3350 3447 Geschenker
3153 3457 3338 3521 Liederaben
3150 3509 3337 3564 Programm
3155 3551 3344 3617 Pans Fli
3143 3592 3324 3645 d’étoiles.
3137 3633 3340 3691 Tschaikowe
3145 3678 3348 3754 Konzert w
