3344 4352
1416 148 1839 232 box 2874
306 146 1264 236 24 Das weiteLand
2479 785 2619 841 ed
414 811 1516 875 Mordgeschichten noch viel unmöglicher. Es lag an dem
1537 810 2643 891 selbst wenn er manchmal ein vieltausendköpfiges Volk
421 862 1518 914 zu gleichgültigen Monnard und an der zu interessanten
1542 880 2649 922 zusammenruft, um es zu enttäuschen und zu langweilen.
420 914 1521 975 Triesch, wenn die Aufführung noch viel mehr als das
1529 919 2635 970 Und wenn wir noch den „Gefesselten Promethens", „Die
409 966 1528 1024 Buch willkürlich kraß, theatergrob wirkte— als habe
1543 973 2636 1033 Perser“ und „Die Sieben gegen Theben“ zu hören und
413 1016 1505 1075 Schnitzler zeigen wollen, wie der „Einsame Weg“ aus¬
1537 1025 2634 1078 zu sehen bekommen sollten — immer wieder werde ich
416 1063 1508 1118 sähe, wenn er nicht von ihm, sondern von Sudermann wäre.
1525 1069 2633 1131 mich im Zirkus am Schluß der Vorstellung aus dem
512 1109 1511 1163 Dabei denkt man freilich an den alten Sudermann,
1525 1123 2641 1183 hypnotischen Schlaf erheben, mit meinen letzten Kräften
415 1140 1510 1217 ber aus blanker Büchse die prasselndsten Platzpatronen
1531 1157 2641 1236 diesem stärksten Träumer Berlins Beifall klatschen und
410 1199 1510 1267 losknallte, und uns dabei einreden wollte, das seien
1541 1222 2644 1290 meine kritischen Waffen zum Zeichen der Ergebung
414 1243 1511 1302 die Donner der neuen Zeit und die Geschosse des Schick¬
1529 1258 2381 1332 in den Sand der Arena hinunterwerfen.
403 1282 1509 1355 salsgottes. Der jetzige ist ein stiller höflicher Mann,
1618 1330 2630 1381 Freilich nicht ohne diese Waffen nachher in aller
413 1344 1502 1413 der für das Königliche Schauspielhaus in Berlin an¬
1523 1367 2630 1437 Stille wieder aufzulesen und zu rufen: Wehe, wehe,
411 1406 1499 1460 gemessene fünf= und mehraktige Zambenstücke verfaßt.
1528 1412 2631 1481 die Toten morden die Lebendigen, ailinon, ailinon, der
408 1441 1504 1514 Die Patronen knallen nicht mehr recht und das Gewehr
1530 1475 2631 1539 tote Aeschylos schlägt uns mit Keulen gegen die Brust,
408 1500 1513 1542 wird präsentiert vor aller ehrwürdigen akademischen
1526 1536 2631 1581 ohne daß der tragische Schauer sich einstellen will, den
410 1549 1509 1603 Theatertradition. — Was sich begibt, zeigt ein Blick auf
1530 1566 2629 1638 Sie, Schöpferischer, wahrscheinlich als Einziger imstande
405 1580 1509 1650 den Zettel: Herr Clewing ist erst Feldherr von Syrakus
1525 1617 2639 1681 sind, unmittelbar zu genießen. Sie glauben, ich weiß
406 1652 1504 1717 und nachher blinder Bettler, Herr Pohl ist erst Freund
1532 1668 2622 1729 es, an die olympischen Götter, an Orakel und an Sehe¬
407 1693 1506 1761 des Feldherrn, dann Tyrann von Syrakus und Inhaber
1522 1723 2633 1779 rinnen, die Mythenwelt der Griechen ist Ihnen in
407 1734 1508 1815 der früheren Gattin des Feldherrn. Dazwischen liegt
1519 1767 2628 1816 Fleisch und Blut übergegangen und lebt in Ihnen mit
393 1776 1498 1858 also ein tückischer Verrat des Herrn Pohl und am
1512 1813 2624 1868 der unangetasteten Wahrheit der Evangelien. Wir Zu¬
404 1834 1510 1911 Ende steht sicher die aufopfernde Nettung der Vaterstadt
1518 1863 2633 1935 schauer, wir Volk, das die Ränge füllt, entbehren dieser
393 1890 1504 1964 durch den edlen Bettler. — Genau so kommt es auch,
1513 1921 2626 1973 Vorteile. Wir sind ohne Andacht hergekommen, wir
401 1952 1504 2002 und unsere vom Theaterzettel gewonnene Kenntnis ver¬
1519 1956 2616 2011 sind Ungläubige, Unfromme, wir sind entweder zu un¬
398 1990 1498 2055 mehrt das Stück nur durch einen ganz schwachen Ver¬
1519 2011 2627 2068 gebildet oder zu gebildet, entweder zu dumm oder zu
399 2033 1502 2105 such dieser Geschichte, aus dem Jugendfreund einen Tief¬
1508 2059 2622 2103 kritisch, zu sentimental oder zu zynisch, beinah jeder
399 2080 1496 2163 sinn anzudrehen: Der Feldherr soll für den Sieg in
1510 2108 2624 2167 von uns hat eine andere Vorstellungsart, uns liegt von
388 2124 1486 2191 der Verzweiflungsschlacht Ruhm und Namen ab¬
1517 2157 2623 2206 allen überlieferten Dingen weniges so fern wie die
403 2178 1491 2257 schwören, um die große Sache des Vaterlandes zu retten.
1503 2209 2615 2260 griechische Kultur. Dafür haben wir was anderes: die
394 2227 1496 2282 Aber da er nun als blinder Bettler nach Syrakus zurück¬
1512 2255 2642 2316 Sehnsucht nach dem Ungewöhnlichen. Wir hätten uns
392 2278 1501 2336 kehrt, verkündet er fünf Akte lang so heftig den Ruhm
1517 2308 2511 2362 nicht zu Tausenden in eine unfeierliche Riesenscheu
389 2323 1490 2405 seiner einstigen Feldherrnexistenz, daß niemand weiß,
1512 2349 2514 2415 sammengepfercht, wenn in uns allen nicht das
393 2386 1446 2427 warum er nicht sofort erkannt und festgelegt wird
1509 2401 2517 2457 dürfnis gewesen wäre, unser Leben für ein paar St
395 2433 1494 2496 niemand als der Autor, der noch ein paar weitere
1507 2448 2504 2516 ungewöhnlich zu steigern und zu vereinfachen. Die
393 2483 1487 2541 Szenen rührenden Wiedersehens und spannender Em¬
1514 2501 2484 2555 das Gemeinsame in uns allen: wir hofften, da
383 2532 1491 2589 pörung braucht. Es scheint doch, daß die Tragödie
1512 2553 2507 2612 Menschen zu sehen wie wir, nur gleichsam Begür
396 2573 1496 2632 höchster Selbstlosigkeit, sachlicher Hingabe, dem Autor
1508 2611 2498 2660 Erwählte, in deren Schicksal Nacht und Helle, das
391 2632 1487 2688 Sudermann nicht so recht liegt. — Im übrigen aber
1509 2655 2499 2707 Schwarz=weiß des Daseins, grell auseinandertri¬
390 2667 1486 2734 soll man nicht mehr auf ihn schelten; er ist ganz und
1509 2704 2496 2761 deren Leben eine unerhört gesteigerte Lichtflut des
389 2732 1495 2772 gar harmlos geworden. Er schreibt, von ein paar ganz
1508 2750 2492 2809 mit der tiefen eindeutigen Furchtbarkeit des Tode¬
386 2774 1498 2823 vereinsamten Berliner Schnoddrigkeiten abgesehen, den
1510 2798 2495 2851 trastiert. Auf diese starken Grundfarben wollte
391 2827 1487 2884 guten edlen Jambenstil aller dichtenden Gymnasiasten.
1511 2846 2500 2887 unser armes schmutzig=graues Dämmerdasein, das
393 2872 1485 2936 Es ist gar kein falscher Glanz mehr an ihm, weil alles
1500 2894 2503 2963 Fisch und nicht Fleisch, nicht Ja und nicht Re¬
376 2910 1476 2976 gleich stumpf ist. Er beschränkt sich, grad wie die
1502 2936 1830 3014 gebracht sehen.
388 2966 1481 3021 Theaterkunst dieses Hauses, darauf, ein paar als klassisch
1601 3012 2482 3066 Dieser Wunsch ging uns nicht in Erfüllung
389 3023 1473 3077 überlieferte Gebärden und Töne neu zu arrangieren.
1511 3052 2480 3119 blickten auf furchtbare Vorgänge. Wir sahen Ag
377 3069 1487 3128 In irgendwelche selbstschöpferischen Tiefen des Blutes
1497 3108 2453 3155 non an der Spitze seiner Soldaten vor den
382 3115 1475 3165 und des Geistes hinabzutauchen, das gibt er jetzt gar
1503 3147 2474 3208 seines Königsschlosses, siegreich aus Troja 1
382 3171 1471 3227 nicht mehr vor. Die Kreise derer, denen die Kunst
1501 3205 2481 3257 kehrend, wir hörten später seine Schreie im ?
373 3220 1473 3274 die ernsteste Funktion des Lebens ist, stört er nicht mehr,
1501 3255 2473 3300 des Hauses und wußten, daß er jetzt unter der
379 3257 1486 3321 und deshalb lasse man ihn ruhig mit den kindlichen
1498 3305 2471 3353 des Aegisthos fällt. Wir sahen Orest erscheinen
376 3308 1482 3364 Mimen und Zuschauern am Gendarmenmarkt Theater
1502 3355 2472 3409 memnons Sohn, von den Göttern zum Nac
382 3351 553 3423 spielen.
1072 3363 1439 3429 Julius Bab.
1496 3402 2463 3449 zeug erkoren und erlebten es, wie er den Mör
1502 3446 2478 3499 schlägt, die Mutter tötet und durch den ungel
381 3464 1011 3538 Aeschplos, Reinhardt und wir.
1500 3498 2468 3562 menschliche Tragkraft übersteigenden Zwiespalt d
465 3535 1474 3607 Ich bin für Reinhardt, weil er der Lebende, der
1497 3550 2471 3596 fühle wahnsinnig wird. Wir erlebten das alle
374 3588 1470 3645 Wagende, der Irrende, der Junge, der Erneuernde,
1496 3605 2469 3653 erlebten es nicht. Wir saßen da und blickten merk
372 3628 1476 3692 der Sich=Verwandelnde, und besonders weil er der Stär¬
1491 3646 2459 3698 unbeteiligt auf das Ganze. Wir fühlten das
373 3686 1471 3731 kere, der Siegende ist. Der Siegende, selbst wenn er ab
1491 3694 2463 3747 fernt wie etwa einen Schnitt im Arm, wenn die
361 3744 1475 3800 und zu über die Leichen griechischer Tragiker geht, und
1498 3740 2473 3795 vorher unempfindlich gemacht worden ist. Wir
2712 2910 3349 2983 enge, tere Stunven: #as#iste u
2644 2976 3334 3030 zu schonen, mit Heldentaten ausf
2653 3028 3348 3079 wir wunderschöne Stunden erlebe
2656 3059 3350 3134 regung, voll heißen Stolzes. E
2667 3103 3268 3173 der sich nicht schonen will!
3092 3207 3325 3293 6
2911 3340 3342 3430 Randbemerkun
2650 3434 3065 3503 Pastoral=Juristerei.
2744 3519 3343 3593 Daß es außer der Pastoral¬
2640 3577 3350 3637 Wirkung sich weit über die Kre
2644 3629 3349 3691 Katholizismus erstreckt, auch noch e
2633 3679 3350 3732 Pastoral=Juristerei nennen
2641 3725 3327 3779 Gelegenheit des jüngst verflossenen
2636 3771 3347 3843 Kongresses für Neumalthusianismus
