3392 4448
1377 11 1817 112 box 28/2
254 34 1201 139 24 basLand
862 1683 1253 1734 (Quallenangabe ohne Gewühr.)
1073 1720 1646 1824 ERI AND. WIEN
527 1733 899 1800 usschnitt aus:
533 1826 1040 1912 om1 5 OKT. 1911
552 1908 592 1950 1
759 2010 1486 2111 Theater und Kunst.
638 2090 1670 2175 Burgtheater. Die lange erwartete Novität
548 2146 1669 2217 Schnitlexá wurde bei ihrer gestrigen Erstaufführung
555 2180 1671 2246 mit—größem Beifall ausgenommen. =Das weite
550 2228 1673 2299 Lande greift aus den Formen der modernen Lebens¬
554 2270 1671 2347 anschauung ein Lieblingsthema des Dichters heraus und
544 2301 1667 2383 behandelt es mit virtuoser Dialektik. Die Hauptrollen ge¬
549 2364 1677 2428 hörten den Damen Marberg und Hofteufel und
551 2390 1668 2492 Herrn Korff. Herrn Derient ist eine schöne Episode
546 2438 829 2522 zu verdanken.
1448 2458 1627 2519 F. Zw.
2523 -13 2817 37 Berg, Porcito.
2467 18 2859 87 (Gsellenesgabe sc derdlr.
2118 49 2497 138 Ausschnitt aus:
2919 47 3091 146 Malt
2816 58 2878 155 1
2215 122 2569 213 15 0119
2103 195 2268 237 vom:
2181 267 2452 330 der Karten2
2296 317 3215 395 Burgtheater. Artur Schnitzlers neues
2190 380 3203 454 Theaterstück, das gestern mit allen Anzeichen eines großen,
2186 437 3211 498 wohlverdienten Erfolges in Szene ging, heißt „Das
2198 472 3203 545 weite Land“ und nennt sich „Tragikomödie". Für seinen
2196 516 3200 569 Titel tritt das Werk des Dichters mit der metaphorischen
2185 575 3207 638 Behauptung ein, die Seele des Menschen sei ein weites
2188 607 3199 686 Land; seinen Gattungscharakter aber sucht es dadurch
2192 673 3209 736 zu erweisen, daß es einen angeblich tragischen Stoff
2185 719 3227 782 komisch vehandelt. Wenn wir Schnitzler recht verstehen,
2190 763 3193 831 was bei der Fülle der einander durchkreuzenden und auf¬
2181 798 3192 870 hebenden psychologischen Motive seine Schwierigkeiten hat,
2185 847 3211 917 so zielt er mit der Tragikomödie auf eine indirekte Satire:
2182 897 3187 968 ab, und er verfolgt seinen Zweck mit dem etwas weit¬
2168 937 3186 1005 ausholenden und umständlichen, aber immer voll Geist
2147 1005 3201 1065 und echt drawatischer Spannkraft durchgeführten Be¬
2176 1085 3204 1156 weise, daß in dem von ihm getreu nach dem Leben dar¬
2177 1135 3204 1207 gestellten Milien ein tragischer Fall überhaupt
2182 1190 3202 1244 nicht möglich wäre. Es handelt sich um eine
2168 1234 3207 1291 bestimmte Klasse der modernen Gesellschaft, der
2181 1281 3198 1326 man heute in jeder Großstadt begegnet, um
2166 1326 3205 1394 jene falsche, von Emporkömmlingen der verschiedensten
2175 1365 3230 1435 Berufsarten gebildete Bourgeoisie, welche die geistige —
2175 1412 3208 1470 Leere des beschränkten Spießbürgers mit den laxen
2162 1458 3210 1527 Moral= und Ehrbegriffen des verlotterten Aristokraten
2171 1507 3208 1566 ausfüllen möchte und, durch materielle Erfolge übermütig
2170 1557 3215 1624 gemachl, in oer Anbetung des lieden Ich, in der Jagd¬
2175 1602 3204 1655 nach Sinnengenüssen und Zerstreuungen den Inhalt des
2164 1646 3208 1717 Lebens fühlt, erkennt und begreift. Der Sohn Oester¬
2165 1684 3198 1768 reichs verlegte den Schauplatz der Begebenheit in die
2175 1748 3202 1806 engere und weitere Heimat: nach Baden bei Wien und
2161 1789 3204 1860 in ein Dolomitenhotel, beliebte Striche des weiten Landes
2160 1838 3201 1909 mit bekannter Staffage. Seine gelinde, halb philosophische,
2166 1889 3201 1945 halb humoristische, ganz poetische und ganz wienerische
2163 1927 3207 1990 Art, mit den oft sehr komplizierten Gebilden seiner
2169 1972 3211 2040 Phantasie umzugehen, nahm auch diesmal wieder seine
2165 2019 3206 2100 Zuschauer gefangen und wurde von der meisterlichen
2172 2059 3216 2139 Regie Thimigs und der vorzüglichen Repräsentation
2172 2128 3210 2185 ddes Stückes höchst wirksam unterstützt. Im Mittelpunkt
2172 2177 3211 2245 des Interesses stand der Friedrich Hofreiter, eine Kainz¬
2165 2223 3211 2287 oder noch besser Mitterwurzerrolle, die bei Herrn Korff
2163 2261 3216 2323 san einen ungemein sympathischen Darsteller gekommen
2169 2312 3206 2371 Est. Vielleicht verdankt der zweifelhafte Held
2170 2361 3206 2422 gerade dieser nachlässigen Eleganz und bequemen
2165 2407 3199 2475 Gemütlichkeit das bißchen Mitgefühl, das man
2160 2471 3201 2527 Für den ins Flache, Unbedeutende verschlagenen grausamen
2162 2509 3199 2558 Höhenmenschen aufbrachte. Daß er unter andern
2166 2557 3199 2611 Verhältnissen zum tragischen Helden berufen gewesen wäre,
2160 2600 3199 2649 soll ja wohl das komische Geschick dieses Sommerfrischen¬
2167 2642 3216 2702 Don Juans, Rosengarjen=Roués und Automobil=Othellss
2165 2696 3201 2747 sein. Mit bewunderungswürdigem Takt zog sich Fräulein
2170 2732 3197 2799 Marberg als Getreueste aller treulosen Gattinnen aus
2161 2784 3201 2830 der Affäre; ihr Fehltritt, mit dem sie den Wünschen des
2168 2829 3199 2887 die Türme und Zinnen des weiblichen Hochlandes nehmen¬
2173 2876 3200 2930 den Gemahls entgegenkommt, sah beinahe aus wie die Er¬
2172 2904 3211 2968 füllung einer heiligen Gatten= und Mutterpflicht. Fräulein
2165 2962 3204 3030 Hofteufel warf sich dem Unwiderstehlichen mit dem
2168 3019 3209 3072 vollen Ueberschwang eines liebedurstigen Uebermädchens an
2164 3036 3206 3116 den Hals. Von den andern, in lauter dankbaren Rollen
2168 3092 3213 3175 beschäftigten Künstlern sind Frau Bleibtreu, Frau,
2169 3150 3194 3208 Reinhold, Fräulein Wilke sowie die Herren
2171 3201 3194 3254 Gerasch, Heine, Thimig, Paulsen,
2165 3241 3198 3294 Devrient, Treßler, Zeska, Balajthy,
2168 3278 3207 3346 Seydelmann, Frank mit Auszeichnung zu nennen.
2160 3334 3210 3393 Nach dem zweiten Akt löste der Dichter den diensttuenden
2164 3381 3201 3446 Regisseur Herrn Reimers ab, um dem Publikum für
2165 3415 3200 3470 den Beifall zu danken, der auch am Schlusse des Stückes
2163 3477 2854 3542 sich zu lebhaften Hervorrufen steigerte.
2816 3472 3157 3583 * L. K.
2261 3579 3210 3635 Schnitzlers neues Bühnenwerk „Das weite Land“ ist
2159 3633 3197 3704 gestern auch auf einigen auswärtigen Bühnen zur
2160 3681 3189 3751 Aufführung gelangt. Hierüber liegen uns jolgende tele¬
2174 3730 2601 3800 graphische Berichte vor:
2275 3773 3193 3828 Prag, 11. Oktober. (Privatielegramm.)
2162 3846 3189 3892 Mit Schnitzlers Tragikomödie „Das weite Land“ begann
2166 3878 3195 3938 heute Direktor Heinrich Tewele das Regime seiner
2167 3934 3192 3985 Direktion, die er bisher nur als Bevollmächtigter der
2169 3968 3194 4031 Erben Angelo Neumanns geführt hatte. Der Eröffnungs¬
