3392 4352
222 158 1185 279 24. Das weite Land
229 1250 1310 1351 —handels nunmehl nut drei nach dem
106 1338 1304 1451 rauen kums. Er spielt in der Halle eines erstklassigen
92 1385 249 1462 er im
242 1397 1305 1496 Hotels am Völser Weiher in den Dolomiten.
241 1444 1300 1539 Ein buntes Leben und Treiben entwickelt sich
103 1452 245 1545 dem
245 1493 1297 1579 hier, eine Reihe origineller und ausgezeichnet
104 1536 249 1600 packt,
239 1537 1298 1646 beobachteter Typen wird uns vorgeführt. Da
101 1586 1297 1701 gibt sehen wir außer dem schon erwähnten Dr. v.
93 1639 1294 1735 freiter Aigner den herablassend freundlichen Portier
105 1685 1282 1790 d mit !Rosenstock, den Schnitzler direkt vom Südbahn¬
109 1734 1293 1838 eGe¬ hotel am Semmering auf die Bühne gestellt hat,
92 1781 1293 1887 dessen den boshaften Dichter Rhon, den affektierten
92 1831 1281 1920 rmen Gustl, nas unähnlichen Bruder, den räsonie¬
223 1868 1289 1981 renden Preußen, der auf seine Wäsche warten
85 1896 237 1994 änge“,
228 1949 1279 2029 muß u. s. w. Aber das alles hat mit der Hand¬
88 1989 1278 2063 wahr= lung oder, sagen wir, mit dem Thema des
100 2028 222 2095 Den
233 2037 1280 2127 Stückes wenig oder gar nichts zu tun, ist nur ein
97 2079 224 2144 r hat
233 2087 1277 2183 gelungener Aufputz. Das große Publikum frei¬
89 2130 215 2193 mah¬
224 2137 1277 2224 lich, ermüdet durch die Anforderungen, welche
87 2181 210 2243 achte
229 2186 1263 2272 die anderen Teile des Spieles an seine Aufmerk¬
105 2228 213 2289 und
221 2230 1277 2343 samkeit und geistige Mitarbeit stellen, wird sich
113 2275 212 2342 die
223 2284 1098 2367 besonders an diese Erfrischung halten.
80 2320 220 2395 über¬
255 2347 1263 2408 Die Aufführung einer so pointierten und ab¬
90 2377 214 2442 fin¬
220 2384 1268 2473 getönten Komödie bietet große Schwierigkeiten.
77 2426 213 2489 ch da
213 2441 1257 2529 Dieselben Rätsel, die hier vorliegen, hat natür¬
70 2478 206 2537 Emus
215 2486 1266 2569 lich zunächst, und zwar viel präziser, der Dar¬
69 2522 209 2589 ellen¬
218 2529 1268 2618 steller zu lösen. Wie bei Ibsen, ist die Rede fast
77 2579 1269 2669 tigen=immer zweideutig oder es schwingt wenigstens
71 2627 1274 2726 leinen ein leiser Unterton mit, den der Schauspieler
63 2668 1266 2767 Dieser herausfühlen und herauskriegen muß. Auch die
73 2728 1264 2813 ollste Figuren selbst, die so sehr zur Karikatur reizen
67 2774 201 2845 fügt,
220 2788 1264 2868 und so gar nicht karikiert werden dürfen, der
84 2825 198 2886 wie
214 2830 1255 2921 häufige Zwang, dem gesunden Empfinden zu¬
76 2861 196 2949 orbei¬
204 2881 1249 2968 wider zu handeln, sind starke Hindernisse. Dem¬
65 2923 192 3000 t, es
198 2934 1249 3023 gegenüber muß anerkannt werden, daß es dem
207 2985 1251 3070 Spielleiter Schramm gelang, eine bei den ver¬
67 2988 208 3082 Büh¬
200 3024 1265 3119 fügbaren Kräften überraschend gute Vorstellung
80 3075 1246 3163 Fast zustande zu bringen. Ihm selbst fiel die Haupt¬
78 3123 1267 3224 ellos rolle des Hofreiter zu und er hat die doppelt
65 3173 1270 3271 ubli=schwere Aufgabe, uns glaubhaft zu machen, daß
1341 194 1790 291 box 29/2
2153 1259 2409 1317 10 Der
1570 1252 1712 1347 —
1365 1319 3293 1408 diesem Vierziger noch alle Frauen auf den Leimler eine „Tragikomödie“ geschrieben hat
1364 1379 3294 1475 gehen und uns durch seine Chärmeurkünste mit wie es Hugo Wittmann einmal trefflic
1357 1418 3286 1526 seinen unsympathischen Handlungen zu ver= gedrückt hat: „Ein Musikstück, das in fröh
1355 1467 3290 1532 söhnen, ausgezeichnet gelöst. Das Wiener Aristo= Rhythmus dahinhüpft, dessen Melodie ab
1357 1527 3286 1615 kratendeutsch liegt ihm trefflich (freilich sticht er Moll geht.“ Auf diesen Ton, der ja freil
1353 1567 2390 1646 dadurch von den anderen Darstellern zu sehr
2388 1596 3290 1674 gewohnt tlingen mag, wäre die ganze#
1351 1619 2388 1708 ab) und man hat das berrhigende Bewußtsein,
2390 1645 3292 1744 rung und insbesondere die Genia noch ab
1348 1669 2387 1750 daß hier wirklich jede Poine des Dialoges ver¬
2388 1703 3284 1792 men. Es ist z. B. verfehlt, wenn sie im
1362 1717 2392 1810 standen wurde. Manches noch ein wenig sorgfäl¬
2382 1740 3292 1830 Akte das „Ich bin nur ... klug...“ von
1372 1770 2390 1833 tiger herausgearbeitet, noch mehr von innen
2384 1793 3276 1869 herein weinend sagt, erst plötzlich, beim zu
1358 1819 3278 1920 kommende Kraft in den Bewegungen und wir mal übermannt sie der Schmerz. Demgeg
1357 1874 3278 1972 werden es in den folgenden Aufführungen mit aber stehen ganz prachtvoll gespielte Szen
1358 1921 2381 1988 einer Glanzleistung zu tun haben. Irene Bribn
2392 1949 3285 2012 wir haben die Überzeugung, daß auch die
1347 1978 2375 2036 war als Erna liebenswürdig wie immer und
2392 1997 3272 2073 noch „werden“ kann. Es ist in dem Stüch
1343 2020 2381 2092 bewährte neuerdings ihren Ruf als beste Spre¬
2383 2047 3265 2125 kleinste Figur so wichtig, daß wir viele
1336 2070 2379 2136 cherin unserer Bühne; die gefährliche Szene im
2379 2082 3280 2172 füllen müßten, wollten wir uns mit jed
1332 2108 3279 2219 dritten Akte war mit überzeugendem Tempera=zelnen beschäftigen. Wollen wir nur erw
1335 2165 3277 2269 ment gespielt. Im ganzen aber denke ich mir die daß Baumgarth den Dr. Maurer rech
1341 2219 3280 2315 willensstarte Erna sicherer und fester im Auf=Pherzig gab, wenn er sich auch im Kostün
1330 2261 3281 2360 treten; sie, die behauptet: „Zittern ist nicht griffen hatte; daß Karl Krois, der es aug
1338 2308 3280 2423 meine Art!“ muß auch gegen den Schluß hin, steht, sich ausgezeichnete Masken zu mache
1331 2367 3271 2471 noch dazu der Frau ihres Liebhabers gegenüber, dem Dichter Rhon eine köstliche Charge
1343 2415 2373 2495 mehr Haltung bewahren. Das gleiche gilt auch
2376 2438 3285 2516 Auch Giblhauser und Roché, Hedwig Ma
1329 2465 2368 2546 von Claire Wolf (Genia), die übrigens sichtliche
2380 2488 3272 2566 Helena Norman seien mit Anerkennun
1337 2505 3270 2620 Fortschritte macht. Es ist zu bedenken, daß wir dacht; Walter Capell war sehr natürlich,
1343 2570 2373 2647 es hier mit Leuten zu tun haben, die gewohnt
2374 2583 3276 2683 störte nicht. Ganz versagt haben nur wen
1341 2608 2719 2713 sind, auch bei den schwersten inneren Kämpfen aber gründlich.
1348 2657 2382 2759 sich vollständig zu beherrschen, und daß Schnitz¬
