3392 4352
258 201 1219 336 24. Das weite Land
1375 233 1823 331 box 29/2
464 607 967 706 eitung:
1250 681 1566 793 Per ##
462 691 1095 800 atum: 2 5. Nov. 1911
513 812 1474 886 „Das weite Land“, v. Arthur Schnitzler. Wohl nie¬
448 844 1484 920 land hätte, als er den Titel dieser Tragikomödie las,
462 904 1501 966 edacht daß der Dichter damit die menschliche Seele im
471 943 1495 1010 nge ggchaht hat. Und tatsächlich sind auch die Seelen
1750 919 2625 1038 Komgsserger Algemeine Zemus
458 973 1482 1051 in *Huptpersonen wie weite Länder, wo man immer
459 1023 1493 1078 twas Neues zu sehen bekommt. Hofreiter ist der typische
1969 1015 2281 1116 EIIZ BI
458 1058 1490 1120 senußmensch, der seine Gattin fortgesetzt betrügt. Nichts
450 1092 1499 1178 cht ihm wirklich zu Herzen; nur der Selbstmord eines
458 1136 1498 1212 juten Freundes vermag ihn einmal ein wenig länger zu
452 1175 1498 1249 beschäftigen. Und zwar hat sich dieser umgebracht, weil
455 1216 1497 1279 Genia, Hofreiters Gattin, ihn nicht erhörte. Diese liebt
446 1252 1498 1320 ihren Mann, aber gerade ihre Tugend stößt ihren Gatten
3006 1227 3329 1326 vorfchmten Rat#
2015 1245 2618 1342 Neues Schauspielhaus.
450 1303 1486 1360 ab. Er macht ihr dies klar, unternimmt darauf eine Ge¬
3003 1304 3320 1377 immer noch auf
1652 1297 2994 1385 Zum ersten Male: „Das weite Land“, Tragikomödie
454 1336 1494 1409 birgstour, wo er sich das Herz eines jungen, ihm und
3010 1351 3315 1427 einzige ist, die
1644 1372 2988 1454 von Arthur Schnitzler, mit Heinz Monnarvals=Gast.
450 1370 1496 1435 seiner Gattin schon längst bekannten Mädchens erobert.
3007 1409 3305 1472 und genießt er
444 1413 1499 1491 Bei seiner Rückkehr erfährt er, daß Genia einen Lieb¬
1765 1423 2982 1512 Wert und Reiz des neuen Schnitzlerschen Werkes entdecken sich
2990 1446 3330 1522 Künstler, der ve
451 1448 1501 1518 haber hat, und nun geschieht etwas Unfaßbares, er kötet
1654 1467 2980 1558 nicht denen, die sich an handgreifliche Effekte, klare leicht übersehbare
2994 1499 3311 1568 ein Mensch zu
452 1491 1500 1555 Lseinen Gegner im Duell, nicht aus Rache, sondern aus
1648 1533 2978 1609 Vorgänge und Gestalten von bequemer seelischer Durchsichtigkeit
458 1527 1509 1609 Neid auf dessen Jugend. — Ist ist wenig Handlung in“
2994 1545 3315 1621 Für den immer
1656 1564 2995 1662 halten möchten. Es hat kein festes dramatisches Gefüge,
458 1574 1509 1640 dem Stück und wirkt dadurch ein bischen schleppend. Das
2993 1594 3318 1673 solche Treue nich
451 1607 1498 1698 Milien und die Menschen sind aber interessant, nament¬
1652 1616 2996 1707 ist oft mehr ein Nebeneinander von Schauspiel, Komödie,
2989 1647 3303 1719 keit, Ziererei.
456 1654 1514 1736 lich der 3. Akt, der im Hotel am Völser Weiher spielt,
1654 1667 2989 1769 Schwank und szenischer Planderei, aber es gewinnt, trotz
876 1696 1503 1748 — Es wurde sehr flott gespielt,
2989 1694 3277 1760 die wie er
467 1711 884 1769 war recht kurzweilig.
1648 1718 2985 1800 aller Abschweifungen, episodischer Nebenwege, technischer Unbeholfen¬
454 1735 1509 1821 Herr Bauer als Hofreiter, nonchalant, immer lustig, eben
2984 1746 3274 1810 als er, ist
1652 1769 3295 1851 heiten aus Scherz und Ernst eine bestrickende Einheit. Sie liegtheimlich. So
467 1769 1505 1850 echt wienerisch. Frl. Wulf, die gekränkte Gattin, gab sich
454 1808 1511 1877 Mühe, nicht zu sentimental zu sein. Frl. König wirkte
1640 1818 2993 1901 nicht nur in der echt Schnitzlerschen Anmut der Wortführung, des
2986 1839 3310 1909 die Kluft nur
458 1855 1514 1920 wie immer mit ihrem drastischen Humor und Frl. Irmen,
1662 1871 2983 1946 geistreich springenden und plänkelnden Dialogs; nicht nur
2995 1896 3309 1956 wegen argumen
459 1888 1514 1970 das bewußte junge Mädchen, hatte Selbstbewußtsein und
1653 1916 2972 1998 in einer Kette feinster psychologischer Beobachtungen, die uns,
455 1927 1513 2012 Grazie. Lobenswert hervorzuheben war Herr Bayr¬
2978 1947 3310 2008 inneren Verrohr
1641 1959 2975 2056 unmerklich fast, Herzensschicksale, Lebensenttäuschungen und
454 1975 1507 2043 hammer, der immer höfliche, immer flirtende Hoteldirek¬
2986 1987 3314 2063 den beiden erste
1643 2017 2979 2094 Lebenslügen offenbaren; sie liegt vor allem in einer
456 2008 1507 2085 tor. Ausgerechnet durch diesen läßt Schnitzler den un¬
2974 2033 3309 2104 und Treiben in
476 2047 1516 2124 verständlichen Titel seines Stückes erklären. Zum Schluß
1638 2055 2978 2148 beinahe musikalischen Stimmungskunst, die hinter lachenden
2978 2081 3311 2162 Schwankscherze #
478 2090 1516 2165 seien noch Fr. Klinkhammer und Herr Kraus, der Lieh,
1642 2111 2965 2193 Worten lang verhehlte Leiden, hinter weichen Melodien tragische
2983 2134 3314 2202 geschildert. Aus
470 2139 1523 2216 haber Genia's, erwähnt, die nach Kräften zum gut
1633 2159 2974 2239 Dissonanzen fühlbar macht, liegt in einem Unterton spöttisch
2978 2183 3305 2253 seiner Frau dor
464 2181 1097 2273 Gelingen des Abends beitrugen.
1626 2200 2963 2296 lächelnder, nicht anklagender, nicht empörter, aber doch sehr echter
2979 2231 3311 2304 erleben und sich
1634 2255 2963 2332 und ernster Trauer über die ganze hier entrollte Tragikomödie des
2970 2279 3287 2346 ist es ein
1630 2298 1820 2369 Lebens.
2976 2323 3253 2402 die an ihn
1760 2341 2960 2439 „Das weite Land“ ist bei Arthur Schnitzler die mensch¬
2978 2372 3306 2448 hat, die phys
1634 2397 2961 2492 liche Seele. Die widersprechendsten Leidenschaften und Gelüste, die
2980 2427 3299 2498 Er nimmt das
1630 2444 2961 2525 seltsamsten Affekte und Regungen, die aller Logik und Ordnung har
2965 2475 3299 2539 Dr. Mauer, dem
1631 2502 2958 2594 scheinen, haben neben einander darin Raum. Man sucht
2975 2525 3303 2590 Stückes, wegnim
1631 2563 2962 2638 wohl Ordnung zu schaffen, aber diese Ordnung ist doch nur
2964 2575 3295 2644 Akt und den vier
1623 2615 2959 2672 etwas Künstliches. „Das Natürliche“, sagt eine der Gestalten des
2969 2625 3289 2694 zwar vorbereitet,
1622 2644 2951 2731 Werkes, „ist das Chaos“. Nach dieser nihilistischen Moraltendenz
2970 2674 3293 2742 hat sich jetzt, nach
1629 2696 2950 2780 lebt und liebelt die weichliche und verdorbene Schicht der begüterten
2960 2720 3296 2799 oder aus Sehnsuch
1626 2743 2946 2821 Wiener Großstadtwelt, in der sich das Stück abspielt. Ihr Dasein istein
2967 2768 3280 2841 Land“ verloren.
1621 2799 2945 2885 zynischer Liebesreigen mit raschem Rollenwechsel, die Kreuz und die
2962 2814 3289 2887 der Gatte entde
1626 2860 2952 2929 Quere, zumeist mit vergnüglichem Abschluß und oft mit vergnüglicherem
2952 2871 3296 2935 und schießt ihn
510 2871 893 2959 Aussemmt aus.
1617 2886 2942 2963 Fortgang. Aber die Komödie des Liebesspiels kann auch zur Tragik
2968 2917 3293 2984 zynischer Heiter
1619 2945 2946 3023 werden. Das eigentliche Drama spielt zwischen dem Fabrikanten
928 2938 1498 3033 iener Leben
2959 2966 3282 3035 Frau verschafft
507 2970 937 3045 vom: 76 11 1971
1614 2984 2937 3082 Friedrich Hofreiter und seiner Frau Genia. Sie haben einander
2949 3015 3285 3086 praktischen Sez
1624 3046 2947 3127 geliebt, der wienerische Charmeur und blendende Herrenmensch, Her
2953 3066 3295 3140 der Unterhaltu
1629 3087 2946 3183 sieggewohnte Eroberer, in dem ein kalter Sinnenmensch steckt, unddie
874 3076 1494 3183 err C. Richter ist der erste
2953 3117 3291 3185 rechte zugesta
513 3105 1490 3214 Provinzdlekic der Schnitzlers Sensation „Das
1625 3145 2937 3226 feine, gelassene, gütig=kluge Frau; aber jetzt betrügt er sie eit
2949 3163 3289 3231 rächen, zum k#
514 3171 1477 3258 weite ban brachieser zerfaserter
1615 3194 2951 3285 Jahren, aus Temperamentsüberschuß und brutaler Lebensgier. Die
2957 3212 3288 3283 ist nicht nur ein
510 3206 1492 3298 Komödie haben es die Darstellenden eigentlich
1608 3245 2939 3323 liebt ihn noch und trägt es still und mit mütterlicher Resignation.
505 3251 1488 3334 leicht, es kann jeder seine Auffassung zum
2948 3260 3252 3327 daß neben der
1613 3298 3282 3367 Auch an sie ist die Versuchung herangetreten. Aber sie hat dem Untreuen] Gefühl in Hofre
512 3295 1484 3378 besten geben. Es wirkten mit lobenswertem!
508 3339 1463 3418 Eifer mit Herrn Schramm voran, Baum¬
1608 3329 3291 3444 die Treue bewahrt, schon aus dem Reinlichkeitsbedürfnis emer unter einer Asch
594 3378 1480 3462 9h. Roche, Korn sehr angenehm Frl.
504 3384 549 3452 0
719 3419 1190 3479 (Genia) und Brion.
1276 3441 1479 3503 Gabriele
498 3440 1543 3555 Modl###n i Dr Castabende angemeldeng
2550 4181 2804 4255 #lenr
