3344 4320
1359 147 1830 226 box 28/5
253 123 1194 245 24 Das veite Land
1176 801 1636 945 de. Kouz
1677 822 1954 962 N%/7
2153 835 2292 949 77
959 929 2301 1026 sie die Vernunft der Lüge bezichtigt, kann sie uns, den Menschen
960 992 2292 1078 des zwanzigsten Jahrhunderts, die wir endlich einmal die Taten der
952 1064 2297 1127 sich vertrauenden Vernunft sehen wollen, nicht helfen. Da sie aber
955 1123 2299 1192 auch wieder mit einem von Nietzsche angeregten, durch Kant geschwäch¬
962 1177 2300 1263 ten Angurenlächeln die verlogen entstandene Verstandeswelt bestätigt,
957 1235 2296 1321 kann sie uns auch nicht einmal als Gift und Waffe des Widersachers
960 1302 2294 1387 wertvoll, (das heißt negativ wertvoll) sein. Dazu fehlt auch Vai¬
949 1362 2293 1416 hinger alles Revolutionäre und Radikale. Wenn man sein kleines
947 1416 2289 1490 Nietzschebüchlein liest, das, wie alle Schriften dieses vornehmen
951 1470 2286 1564 Geistes, in einem faßlichen, klaren, unabgründigen Deutsch geschrieben
946 1521 2288 1619 ist, wird einem klar, daß es das tragische Verhängnis dieses Mannes
943 1592 2281 1677 ist, den dämonischsten Geist der neuen Zeit so durch logische und theo¬
947 1647 2296 1738 retische Fundierung verdünnt zu haben, daß wir uns zwar nicht mehr
938 1724 2289 1805 an seiner Diabolie vergiften, aber auch an seiner Flamme nicht mehr
941 1758 1305 1836 entzünden können.
934 1865 1265 1977 Ans Licht
964 1961 2274 2037 Ae zarter und wärmer man liebt, desto mehr entdeckt man an sich
1077 2024 2280 2097 statt der Reize nur Mängel, weil man des geliebten Gegenstandes
932 2106 2278 2169 nie würdig genug zu sein glaubt. Ebenso werden uns unsere kleinern
938 2162 2277 2232 Flecken erst auf den höhern Stufen der Religion bekannt, und das Gewissen
944 2204 2280 2282 fordert immer strenger, je mehr man es befriedigt. Liebe und Religion
934 2277 2271 2332 gleichen hier der Sonne; bei bloßem Tag= und Kerzenlicht findet ihr die
939 2327 2266 2411 ganze Zimmerluft rein und ungekrübt von fremden Körpern; aber ein ein¬
937 2392 2058 2476 ziger Sonnenstrich zeigt, wie viele Stäubchen in ihr schweben.
1668 2452 2235 2544 (Jean Paul, Erntefestpredigt.)
922 2585 1249 2686 Theater
1780 2614 2273 2715 von Arthur Eloesser
921 2689 2255 2787 Das weite Land. Tragikomödie von Arthur Schnitzler. (Residenz¬
970 2776 2268 2849 theater, 18. November.) Hahnenkampf von Heinrich Lautensack.
968 2806 1577 2895 (Lustspielhaus, 22. November.)
998 2879 2258 2966 —in hübsches Intermezzo aus dem an Einzelfällen überhaupt
945 2907 2245 3041 (“ reichen Reigenprozeß, das sich gerade in dem Augenblick ab¬
1073 3006 2245 3089 spielte, als Käthe Dorsch, auch durch ihr Monokel nicht un¬
928 3068 2266 3148 kenntlich gemacht, den großen Schwurgerichtssaal betrat. — Also in
923 3130 2258 3195 diesem Augenblick sagte der Staatsanwalt: Daß der Angeklagte Sladek
903 3206 2260 3280 nur materielle, aber keine künstlerischen Interessen verfolgt, wird schon
2134 3259 2264 3326 260
2366 864 2589 1006 14
