3248 4384
123 190 1079 302 24. Das weite Land
324 411 716 490 400.
673 455 1277 564 „Salzburger Wacht,
318 479 703 569 vem: 4A. GAf. 191 6
556 619 860 684 ige.
347 659 1101 766 Theater und Kunst.
259 747 1243 807 Das weite Land. Die Kenntnis dieser Schau¬
204 808 1246 886 spiel=Novität von Artux=Schnitzler verdanken wir
202 849 1242 923 dem Bersefiz des Frl. Brü###. Das
203 901 1242 968 Haus wat sehr gut besucht, die Künstlerin wurde
204 957 1246 1019 bei ihrem (Auftreten mit herzlichem Beifall empfan¬
207 995 1246 1062 gen und nach dem zweiten Akte überreichte man
210 1052 1241 1112 ihr eine stattliche Reihe prachtvoller Blumenspenden.
199 1102 1279 1180 Unter den bramatischen Werken Schnitzlers gehört
203 1154 1241 1216 „Das weite Land“ zu den schwächsten Schöpfungen
199 1201 1240 1258 des Wiener Poeten. Eine Ehebruchskomödie, welche
201 1244 1241 1314 mnder Durchführung wiederholt an die Technik
189 1296 1253 1371 Südermanns erinnert. Der Fabrikant Hofreiter ist
183 1357 1241 1418 ein notorischer Don Juan, dabei aber doch furchtbar
184 1397 1240 1453 eifersüchtig auf seine Frau. Er verliebt sich als reifer
183 1448 1265 1507 Mann in einen Backfisch, wird dabei von einerig
191 1491 1241 1559 Leidenschaft erfaßt, daß er entschlossen ist, sich von
194 1530 1295 1620 seiner Frau scheiden zu lassen. Ein Plötzlicher Um=?
199 1594 1247 1663 schwung im Gefühlsleben Hofreiters tritt ein, als
189 1640 1239 1708 er dahinter kommt, daß ihn seine Frau mit einem
199 1700 1240 1757 Fähnrich betrügt. Er steht natürlich nicht auf dem
201 1745 1248 1814 Standpunkt, daß auch für den einen billig sein soll,
189 1852 1235 1903 jungen Mann, es kommt zum Pistolenduell, in wel¬
191 1881 1240 1947 chme Otto fällt. Für Hofreiter aber scheint dieses Er¬
192 1947 1242 1998 lebnis eine Läuterung zu bedeuten, die Innigkeit,
189 1990 1237 2063 mit welcher er seinem Sohne Percy entgegen eilt,
188 2036 1240 2094 läßt so etwas vermuten. Aber nicht nur die Haupt¬
199 2068 1262 2151 personen spielen mit dem Leben in sehr frivoler
203 2143 1284 2251 Weise, auch die Episoden des, Stückes erfreuen sich
200 2216 1274 2304 verbotener Heimlichkeiten, kurzum diese ganze Gesell¬
225 2256 1268 2360 schaft, der wir da in Baden und am Völser Weiher
215 2298 1273 2405 begegnen ist moralisch angefressen und faul. Der
220 2371 1270 2436 Dialog des Schauspiels ist eine Kette von geistvollen
229 2405 1259 2498 Einfällen und überlegenen Weisheiten. Auch an
223 2458 1265 2545 feinem Humor felht es den Reden der einzelnen Ge¬
222 2513 1258 2603 stalten nicht. Hofreiter ist so eine Art Uebermensch,
216 2563 1251 2647 mehr aber noch eine herrische und brutale Erschei¬
215 2617 1251 2691 nung, die für sich alle möglichen Vorrechte in An¬
208 2648 1260 2747 spruch nimmt, den andern aber mit spießerhafter
216 2707 1247 2787 Engherzigkeit begegnet. Am meisten Sympathie ver¬
206 2755 1252 2845 dient noch Frau Genia, die in großmütiger Weise
201 2804 1252 2896 duldet, bis es auch ihr zu bunt werden muß. Daß
211 2849 1248 2944 sie gleich beim ersten unerlaubten Schritte von ihrem
209 2908 1246 2994 skruppellosen Gemahl ertappt wird, ist eben Pech.
199 2963 1248 3031 Ein freches, egoistisches Geschöpf ist diese Erna, die
200 2998 1243 3083 sich Höfreiter ohne viele Bedenken an den Hals
201 3057 1250 3133 wirft. Ein Wesen, das den Konflikt des Stückes
200 3108 1237 3180 eigentlich nicht wert ist. Und darin liegt auch die
206 3149 1238 3249 Schwäche der Tragikomödie, daß sich der erfahrene
192 3200 1224 3307 Hofreiter an diese unreife und dekadente Person verz
201 3252 1250 3355 liert. Herr Miksch spielte den Hofreiter. Diesez
194 3297 1243 3388 Roll erfordert einen Charakterliebhaber mit den
187 3347 1233 3442 typischen Alluren des Bonvivant. Herr Misch war zu
176 3390 1224 3470 hart und liebenswürdig, zu wenig ironisch und über¬
174 3445 1228 3536 legener Demokritos. Mit großer Vornehmheit und
185 3493 1228 3580 Zurückhaltung spielte Frl. Bruckschewska die
190 3549 1217 3634 Genia. Wo ihr die Rolle Gelegenheit bot heraus zu
179 3603 1218 3672 treten, war die Künstlerin meisterhaft. Frl. Schrat¬
183 3654 1217 3732 tenbach war als Erna von verlangender Sinnlich¬
181 3697 1218 3781 keit erfüllt, wodurch die Rolle an Farbe gewann.
169 3728 1221 3831 Herr Marx verkörperte den Fähnrich in schneidiger
185 3791 1225 3870 Weise. Anerkennung verdienen noch die Herren
175 3844 1220 3923 Czernitz (Aigner). Andersen (Maurer) und
178 3892 1212 3974 Weyrich (Natter), sowie die Damen Lerach
178 3951 1216 4018 (Aigner) und Krüger (Natter). Das Publikum
154 3996 1213 4066 folgte der Vorstellung mit großem Interesse und
158 4037 1215 4126 dankte den Darstellern nach jedem Aktschlusse durch
151 4080 553 4163 lebhaftem Beifall.
1030 4103 1224 4188 —n—. „
1236 201 1689 301 box 29/2
1813 887 2222 996 Aussehultt aus:
2206 938 2386 1035 alaln
2365 956 2852 1069 rger Volkehlatt.
1829 991 2366 1094 vom: 2 Hhh in
1890 1088 2734 1196 Theater, Kunft und Musik.
1717 1182 2920 1263 Die Einrichtung der Benefizvorstellungen mit ihren Ent¬
1675 1248 2928 1314 täuschungen und Ungerechtigkeiten ist ganz gewiß kleinstädtisch
1681 1292 2917 1354 und veraltet; sie hat aber auch ihre Vorzüge, weil sie mitunter
1689 1334 2924 1418 Bühnenwerke an das Rampenlicht bringt, denen der Direktor
1678 1401 2918 1461 im weiten Bogen aus dem Wege geht. Grete Bruck¬
1678 1425 2914 1492 schewska wählte für ihren Ehrenabend die Tragikomödie
1675 1501 2924 1559 „Das weite Land“ von Artur Schnitzler. Schönherr, der¬
1672 1548 2915 1628 ebenso wie Schnitzler aus der Medizin in die Literatur gekom¬
1673 1595 2919 1655 men ist, hat einmal die Bemerkung gemacht, daß Aerzte und
1670 1627 2920 1712 Priester es sind, die den tiefsten Blick in die Seele des Menschen
1677 1691 2919 1738 tun dürfen; besonders der Priester sieht Frau und Mann wien
1673 1724 2943 1800 aufgeschnitten vor sich. Keine innere Regung kann ihm ver¬#
1667 1788 2913 1858 borgen bleiben, soferne sein Auge zu schauen vermag. Die tiefe
1673 1834 2915 1903 Psychologie des Arztes, die sich bei Schnitzlenielleicht am
1673 1871 2913 1955 deutlichsten in den „Letzten Masken“ findet, macht auch „Das
1673 1928 2912 1990 weite Land“ zu einem wertvollen Dokument menschlichen
1667 1989 2911 2052 Wesens. In dem Fabrikanten Hofreiter zeigt uns der Dichten
1665 2029 2908 2102 den Typus des Herrenmenschen, der mit brutaler Kraft nun
1666 2067 2908 2146 sich und seinem Glücke lebt; er hat den Willen zur Macht, er
1658 2116 2899 2199 leidet nicht am Leben, sondern er bejaht es mit dem fester
1661 2185 2906 2247 Entschlusse zum Genuß. Mag um ihn her alles in den Staut
1661 2226 2905 2294 sinken! Die Seele ist ein weites Land. Ihren Trieben nachzut
1665 2277 2904 2332 spüren, hat keinen Sinn; es hat keinen Sinn, sie in Gesetze
1663 2321 2902 2380 und Fesseln schlagen zu wollen, denn sie ist tausendfältig in
1671 2362 2916 2446 ihren Zuckungen, unberechenbar in den Aeußerungen ihres
1665 2420 2894 2488 Seins. Hofreiter lacht der Moral der Menschen, er lebt sein
1658 2471 2895 2546 Leben, ohne nach rechts oder links zu schauen. Und doch gib
1654 2531 2893 2589 es Dinge, die auch so robuste Naturen einen Augenblick lang
1654 2574 2902 2632 zum Wanken bringen können. Es ist ein feiner dichterischen
1661 2619 2896 2693 Zug, wenn Schnitzler am Schlusse des letzten Aktes den Fabrik
1652 2672 2898 2726 kanten Hofreiter in tiefer Erregung seinem Sohne entgegen
1664 2713 2900 2787 eilen läßt. Die Stimme des Blutes siegt in dem Augenblick
1654 2772 2888 2835 da der Mann im Begriffe steht, sich von allem loszusagen
1658 2807 2886 2904 Bei Anerkennung aller Mühe, die sich die Darstellung gegeber
1614 2949 2861 3031 hat, konnte doch nur ein Teilerfolg zustande kommen. Karl
1624 3012 2852 3087 Miksch kann nicht aus seiner Haut; er war ein nervöser,
1613 3052 2852 3133 überarbeiteter Fabrikant, ließ aber nicht einen Augenblick die
1613 3106 2856 3181 Gewaltnatur Hofreiters überzeugend durchblicken. Grete Bruck¬
1614 3134 2848 3231 schewska, als Benefiziantin mit Blumen und Beifall reichlich
1606 3204 2853 3288 bedacht, vermochte auch als Frau Genia die Starrheit nicht
1605 3254 2863 3326 zu lösen, die ihr Inneres gefangen hält; ihre Figuren haben
1597 3303 2859 3377 etwas Puppenhaftes an sich, etwas Seelenloses, das sie aller
1605 3344 2850 3430 intimen Reize entkleidet. Ein wahrhaftes Miterleben schien mir
1603 3386 2866 3481 nur aus der Szene mit Frau Meinhold (Maria Lerach) zu
1601 3431 2868 3531 wehen. Die Herren Andersen, Marx, Weyrich, Czer=
1611 3490 2847 3575 nitz und Janko stellten sich im Vereine mit den Damen
1606 3533 2851 3623 Schrattenbach und Czernitz willig in den Dienst des
1606 3585 2850 3660 interessanten Abends. Daß manches anders gewesen ist, als
1602 3650 2847 3721 es sein sollte, muß in solchen Fällen immer in den Kauf ge¬
1596 3690 1990 3763 nommen werden.
