3344 4608
1333 114 1771 212 box 28/4
225 131 1192 237 24. Das weiteLand
139 1432 447 1502 einander nicht
517 1449 1577 1515 Schreckliches vollzieht sich. Ein Sohn heißt Percy.
143 1483 445 1553 s ist hübsch.
481 1483 1571 1545 Nicht etwa Peterl. Percy; für Östreicher. Näh.
140 1528 441 1600 ersfrau. Der
475 1543 1579 1603 Eine tiefe Abneigung meldet sich. Man wünscht,
145 1580 441 1645 Frau. Dieser
476 1593 1566 1670 irgendwo solle Schnitzler zeigen, daß er sie auch hat.
140 1633 436 1698 änigen. Jeder
484 1641 1532 1703 Doch; er zeigt sie. Durch einen Arzt. Aber matt ..
144 1680 236 1740 de.
473 1689 1499 1752 Dieser einzig anständige Mensch ist nicht glücklich.
142 1730 437 1793 beggenommen.
517 1738 1563 1801 Was geht nun vor? Moralisiert Schnitzler — und
148 1781 441 1846 t weg. Diese
469 1789 1577 1869 tadelt er diese Menschen? Oder schützt er sie... und
142 1828 441 1893 hnn weg. Die
470 1834 809 1901 ist ein Pionier?
152 1879 444 1945 nimmt einer
506 1875 1376 1955 Vielleicht erst das Eine, dann das Andre.
160 1926 440 1994 Und so. Der
514 1937 1569 1995 Eine Absage wäre mir erwünscht. Aber vielleicht
480 1986 1557 2061 hat er zu viel impassibilité (oder zu wenig Geblüt? ...
160 2020 431 2103 leben lassen;
477 2044 1569 2097 nein, zu viel impassibilité) um eine Absage zu geben.
150 2078 427 2149 stellung ihres
513 2086 1566 2158 Man wünschte doch Bestätigungen, daß er mit diesen
161 2128 438 2193 Das Ethos
461 2146 1575 2214 Mollusken, Widerlingen, Karikaturen von Eroberern
159 2179 426 2241 mitragischen)
466 2190 974 2255 gar nichts gemein hat...
193 2226 428 2290 eine Frau
502 2246 1564 2298 Ich wünschte dann, daß er sich einen besseren
191 2271 432 2348 sein. Das
459 2286 1564 2353 Finger angewöhnt — wie einst. Zum hellenischen
179 2321 423 2390 seine Frau
470 2333 1559 2402 Herausheben des Wesentlichen, des Fesselnden. Er ist
156 2373 433 2437 och sehr, wie
466 2386 1555 2441 hier breit. Er gibt Langes. Tote Worte. Was gemeint
167 2424 433 2486 des Helden
465 2428 1555 2488 ist, merkt man erst nach dem Buch. (##er, beispiels¬
154 2467 434 2534 e ein Spiel
459 2483 1559 2546 halber, in das Gewirr und Gelärm eines Hotels un¬
158 2518 422 2578 n. Er wird
462 2539 1554 2589 praktischermaßen die Lebensaspekten eines geschiedenen
175 2565 429 2630 ihn nicht
461 2586 1553 2656 Mannes verlegt; vielleicht den Schlüssel des Schau¬
156 2616 434 2682 hon er ihn
452 2625 803 2713 spiels. Unklug!)
155 2670 432 2725 on einem
929 2694 1044 2776 IV.
148 2712 423 2785 staltet, aber
167 2764 426 2828 wienerischen
484 2765 1539 2838 In der Aufführung ist Herr Heinrich Monnard sehr
165 2819 1547 2879 einen oder gewachsen. Er beginnt, entscheidende Punkte mit den
451 2869 1560 2945 Augen zu machen; nein, in den Augen zu haben. Er
2144 1498 3248 1578 war möglich — durch diese Augen. Und durch ein
2144 1533 2697 1600 klimmendes Durcharbeiten.
2185 1584 3239 1668 Die Triesch war die beleidigte, oder nicht 1 eidigte, die
2145 1631 3234 1717 liebende Frau; geschaffen zum Treusein; erbebend in
2142 1689 3239 1759 dem ganzen Getrieb. Sie gab (vor allem in der ersten
2140 1743 3247 1814 Hälfte) letzte Regungen durch Gesichtsausdrücke; durch
2139 1794 3253 1884 halb unterbrochene Handführungen. Etwas ganz#
2138 1833 2327 1895 Großes.
2173 1885 3245 1957 An der Tür stand die Herterich. Hilde. Er kanne#
2139 1940 3243 2017 getan haben, was er will — sie folgt ihm bis an die
2125 2007 3226 2065 Schatten. Sie schenkt sich ihm (oder schenkt sie sich ihn?);
2123 2053 3229 2111 Hilde Wangel, populär und ringstraßig. Hilde Herte¬
2137 2093 3221 2144 rich. Dieses wunderbare Mädel. Wie sie zuletzt an der
2135 2139 3235 2198 Wand gestanden hat. Wie sie unter dem Hut vorsprach,
2130 2177 3228 2267 im Anfang, und geradehin sah. Wie sie mit einem Baß¬
2133 2233 2409 2305 ton ansing.
2174 2289 3078 2357 Das Gesicht fest — doch mitunter zerfasert ...
2178 2326 3236 2420 Der Nachwuchs in deutscher Schauspielkunst braucht
2125 2396 2740 2461 niemandem Sorge zu machen.
2968 2399 3218 2465 Altred Kerr.
