3436 4224
321 36 1263 157 24. Das veite Land
1435 75 1886 160 box 29/5
1657 283 1730 353 cs.
1733 302 2559 408 Auch „Gemütlichkeit“ muß ihre Grenzen
1643 341 1780 399 haben
1678 375 2541 474 Im Lustspiel Schäffers steht ebenfalls ein nicht
1641 418 2548 516 ganz sauberer Kavalier als Mittelpunkt, der
640 456 1196 546 Der Tag, Berlin
1644 459 2552 555 manches Skrupellose leicht begeht, — indes: der
1632 486 2549 590 Puder des Louis Seize hüllt den Gefälligen ge¬
1628 526 2546 629 fällig ein und schafft eine Distanz, die ihn uns
1622 573 2530 663 näher bringt als jenen Zylindergigerl. Sein
1623 622 2537 711 „weites (Gewissens=) Land“ hält eben Grenzen,
1618 649 2029 710 Wegweiser, Moral
2061 674 2524 749 : Wenngleich ein wenig
1025 664 1446 781 #h Mai 484
1621 690 2529 782 jesuitische. Ihm kommt es darauf an, charmant
1611 737 2539 822 zu sein, nicht nur Charmeur. Und: manches
1624 758 2524 857 Gute zu tun, wenngleich mit laxen Mitteln. So
831 744 1447 872 Weite Länder
1628 800 2531 898 gewinnt er uns immer, wo er eigentlich verlieren
1618 843 2524 931 müßte, und verliert uns niemals, weil er stets
869 849 1400 941 Münchener Premieren.
1615 881 2522 970 gewinnend bleibt. Die Grazie Molières paart
733 884 1580 1000 „Das Weite Land.“ Tragikomödie von Arthur
1620 909 2526 1007 sich der Problematik des Enzyklopädisten und
675 939 1565 1035 Schnitzler, im Schauspielhaus.—Der Ge¬
1611 941 2521 1041 hinterläßt nichts Zwiegespaltenes. Man fühlt und
687 977 1584 1080 fällige —Lustspiel nach Diderot, von Albrecht
1603 986 2517 1089 sicht Komödie. Die amüsant wirkt, weil sie nicht
694 1019 1368 1105 Schäffer, im Residenztheater.
1605 1027 2474 1113 mehr sein will. Und, was sie sein will. — ist!
711 1062 1577 1145 Sagen wir: weit zurückliegende. Denn Schnitz¬
1639 1065 2506 1158 In Schäffer fand Diderot seinen besten Er¬
671 1081 1567 1190 lers Stück aus der Vorkriegszeit steht uns bei¬
1597 1104 2500 1193 neuerer, im Residenztheater den schönsten Rahmen
676 1135 1566 1227 nahe ferner als Diderots. Dieses „weite Land“
1597 1137 2508 1231 (Pasetti schuf die Füllung), in Graumann einen
677 1169 1565 1274 der Seele — oder eigentlich des Gewissens —, mit
1603 1178 2501 1277 guten (vor allem: gut sprechenden) Titelhelden
664 1207 1573 1305 seinen alten Ehre= und Ehebrüchlein, seinem alten
1603 1216 2506 1309 und im Ensemble ein behaglich eingespieltes,
657 1240 1560 1353 Duelleffekt, ... wie unendlich fremd, vergangen,
1595 1247 2498 1339 Mitte, und Mittelmaß nicht überschreitendes
666 1289 1557 1383 verstaubt mutet es an! Wie geringfügig erschei¬
1596 1293 2501 1392 Personal. Viel Beifall rief die Darsteller und
1593 1321 1842 1404 den Dichter.
658 1313 1567 1428 nen Konfliktchen, die schlechtestenfalls nur mit
2154 1365 2460 1432 4. De Nora.
662 1355 1568 1459 dem Säbel und der Scheide ausgefochten zu wer¬
2379 1403 2568 1482 S
649 1396 1551 1501 den brauchen, um glatt gelöst zu sein! Wie
655 1436 1553 1539 windig wirkt das im Brennpunkt stehende
653 1467 1549 1570 „Wiener Früchtl“ (gespielt von Forster=Larinaga),
667 1522 1547 1626 — gemessen an den Rastaquaren, Schiebern,
631 1543 1076 1621 Liebern unserer Zeitl
665 1597 1552 1679 Nicht als ob unsere Zeit besser wäre! Aber
655 1626 1546 1716 etwas hat sie vielleicht vor jener voraus: das
636 1668 1540 1762 Rücksichtslose! Die Lumpen und Instinkte von
640 1698 1538 1815 heute übertünchen sich kaum mehr. Am Ende ist
638 1741 1549 1847 diese Offenheit Zynismus. Allein möchte man
626 1773 1543 1881 nicht der rohen Frechheit doch den Vorzug geben
625 1817 1536 1918 vor jener ekelhaft bemäntelten, mit der ein Mör¬
632 1856 1531 1955 der der Mutter des Ermordeten die Hand schüt¬
2125 1861 2750 1963 Augoburger Postzeitung
624 1887 1526 1998 telt und sie einlädt, in seinem Hause Gast zu sein?
663 1938 1527 2040 Soviel vom Inhalt. Von der Form nur dies:
616 1961 1528 2057 Zu wenig Tempo! Zu schleppend, zu gedehnt war
616 2009 1520 2102 Spiel und Rede. Man darf nicht mit dem
614 2045 1533 2150 Bummelzug durch weites Land, sonst langweilt
2272 2062 2520 2148 Mal 1926
1923 2133 2698 2209 —.— Tibtbuniversttar Manster.
2202 2176 2693 2270 Musik und Cheater
2187 2259 2747 2326 Münchener Schnuspielhaus.
1990 2323 2980 2378 Das weite Land, Trugikomödie in 5 Akten
1874 2334 2469 2418 Ivon Arthur Schnitzler.
2537 2372 2992 2433 Ein weites Land ist
1903 2393 2985 2469 die Seele des Menschen, sagt Arthur Schnitzler und
1904 2426 2974 2504 führt uns das zum Zeichen die dekadente Wiener Gesell¬
1907 2473 2978 2552 schaft Hofreiter und Konsorten vor, die in Baden, dem
1901 2517 2974 2596 „Dorado der österreichischen Tagediebe, mit Flirt. Ehebruch,
1903 2555 2966 2632 Klutsch, Selbstmord und Tennisspiel ihre Daseinsbe¬
1901 2594 2974 2673 rechtigung beweist, die jedoch eigentlich darin besteht, daß
1890 2626 2965 2713 sie des Dichters tiefgründige Sentenzen etwas fesch, etwas
1897 2672 2966 2737 resch, etwas g'müatvoll und etwas sentimental der auf¬
1894 2703 2974 2786 horchenden Mitwelt vermitteln muß. Daß solches vor
1896 2740 2975 2825 Jahren — besonders vor dem welterschütternden Erlehnis
1881 2785 2969 2863 des Krieges — für manche Leute ganz nett und amüssant
1896 2820 2963 2910 zu hören und anzuschauen gewesen war, mag unbe¬
1886 2863 2957 2944 stritten bleiben. Welcher Anlaß aber heute noch besteht,
1894 2916 2961 2970 uns dieses Ragout aus Binsenweisheit, pappendeckelner
1885 2950 2969 3032 Tragik und Tränen=Drüsenspekulation aufzuwärmen und
1879 2988 2973 3054 zum verneintlichen — Genusse vorzusetzen, bleibt schlecht¬
1883 3029 2781 3098 hin unerfindlich und läßt sich nur durch die
2839 3054 2966 3108 schon
1875 3056 2979 3145 oft erwähnt —. Plan= und Ziellosigkeit in der Spielplan¬
1887 3113 2962 3173 politik der „Interessengemeinschaft“ erklären. Die Auf¬
1881 3151 2962 3230 führung, unter Forster und Larrinages Spiel¬
1880 3174 2967 3267 leitung, war — wie alles in letzter Zeit — ungleichmäßig.
1876 3218 2944 3301 Neben interessanten Leistungen der Damen Anton,
1869 3276 2966 3340 Ferron, de Lalsky und Hambach (Aktschluß III!)
1882 3304 2961 3382 und der Herren Framer, Katsch und Forster,
1876 3335 2952 3421 dem allerdings der richtige österreichische oder vielmehr
1878 3383 2958 3462 Schnitzlerische Ton zumeist mißlang, blieb alles andere
1864 3424 2948 3508 recht dürftig. Herr Heß war zu harmoyant, Herr
1861 3462 2938 3535 Baum war nie und nimmer ein Fähnrich zur See,
1867 3509 2960 3568 höchstens ein Kommis auf Ausgang. Herr Gerhard
1871 3539 2939 3622 spielte in der Maske von Hermann Bahr. Dialekt und
1861 3569 2950 3671 Art beherrschten außer Framer nur Frau Ferron
1887 3704 2965 3774 und der sonst leider zu aufdringliche Herr Bach. Güte
1886 3728 2072 3785 Changen
2109 3731 2242 3791 boten
2288 3748 2963 3828 Masserrek, Steger, und
1867 3767 2185 3839 Schroeder.
2749 3792 2918 3861 R. M
2181 3801 2280 3860 „
