3392 4608
1349 250 1803 360 box 28/4
647 281 760 346 We
226 279 1215 388 24. Das H.iteLand
876 1293 1417 1402 Siessener Anzeigen
905 1426 1258 1580 4970
1828 1648 3069 1742 Konvention, von der er sich lossagt, aus großer Liebe zu
1822 1715 3051 1792 seiner Frau, die plötzlich mit Macht durchbricht, aus Eitelkeit,
821 1707 1621 1805 Arthur Schnitzlers neues Werk.
679 1812 3057 1845 Man schreibt uns aus Berlin: „Die Seele ist einum nicht „der Dumme“ zu sein, aus einer Laune, die das
1818 1804 3053 1888 Raubtier=Element des Ewig=Männlichen erweckt? Von
594 1829 1838 1899 weites Land.“ Unter diesem Motto vereinigt Schnitzler
1826 1852 3033 1917 allem diesem wird etwas angedeutet und eben dieses s###¬
598 1880 1832 1945 in seinem neuen Drama, der fünfaktigen Tragikomödie
1819 1911 3057 1967 lernde Zwiespältige haftet überhaupt dem Charakter und
595 1932 1830 1981 „Das weite Land“, die am Sonnabend ihre Erstauf¬
1820 1954 2544 2013 dem Stil des ganzen Diamas an.
600 1985 1828 2031 führung im Lessingtheater erlebte, die Lebenswege
1892 1983 3066 2074 Schnitzler nennt sein Stück „Tragikomödie“ und rückt
601 2012 1835 2076 und Seelenschicksale einer ganzen Reihe von Menschen. Ein
608 2055 3046 2124 Ausschnitt aus der modernen österreichischen Gesellschaft dadurch die Gestalten in eine ungewiß spielerische Beleuch¬
598 2092 3061 2173 spiegelt sich in einem bunten Kranz von psychologischenstung. Die Frauen, die Gattin Hofreiters, das junge
606 2139 3047 2212 Auseinandersetzungen und anmutigen Plaudereien. Diese Mädchen, das er verführt, die Mutter des im Duell ge¬
1818 2172 3056 2258 töteten Liebhabers, sie stehen alle im Schatten und dienen
604 2201 1826 2256 Kunst der feinen, innerlich belebten Dialogführung, ge¬
1830 2230 3067 2297 nur dazu, das Wesen der Männer in einem gebrochenen
604 2241 1829 2296 tragen von einer resignierten, tiefsinnig plaudernden Le¬
1816 2267 3056 2355 Lichte wiederzuspiegeln. So tragen Form wie Inhalt dieses
591 2282 1829 2343 bensweisheit, muß nun hinweghelfen über die mancher¬
600 2348 3051 2375 lei Schwächen und Rätsel in Handlung und Charakterzeich=!Werkes etwas unsicher Schwankendes an sich und lassen
591 2366 3054 2442 nung des neuen Werkes. So viel man auch noch von dem nur leise jene Schnitzler eigentümliche Stimmung an¬
594 2436 3054 2472 Feminismus Schnitzlers und seinem Kult des „süßen Mä= klingen, die aus Ironie und Wehmut gemischt ist, die
595 2448 3055 2524 dels“ reden mag, so ist doch längst das eigentliche Problemsäußerlich kalt berechnet und innerlich so leidenschaftlich
1821 2511 2023 2579 heiß ist.
602 2505 1833 2576 seines Schaffens der Mann gewor n. Diesmal hat er
597 2544 1829 2618 sich nun noch tiefer in das Wesen der stärkeren Geschlechtes
1900 2527 3065 2631 Die Aufführung war sehr gut, die Aufnahme aber
603 2594 1834 2665 hineinfühlen wollen; es war sein Ziel, bis zu jenem Un¬
1825 2585 3051 2676 ziemlich kühl, da das Publikum keine Klarheit über das
602 2635 1830 2698 ergründlichen, triebhaft Dämonischen der männlichen Psyche
1828 2639 3066 2716 Wesen des Helden gewinnen konnte. An dieser Unzuläng¬
600 2695 1835 2756 vorzudringen, wo die Urkräfte primitiver Leidenschaft noch
1835 2686 3069 2759 lichkeit in der Zeichnung der Hauptrolle scheiterte auch ihr
601 2733 1095 2814 ungebrochen walten.
1818 2716 3056 2806 Darsteller, Heinz Monnard, der mit Irene Trisch zusammen
1824 2781 3001 2861 die stärkste schauspielerische Leistung des Abends bot.
683 2773 1829 2856 „Du verstehst mich nicht“ ruft der Held, Friedrich Hof¬
598 2839 1859 2906 reiter, im Schlußakt seiner Frau zu, „in mich sieht keiner,
606 2888 1847 2954 hinein, keiner!“ Er hat sie betrogen, seit Jahren, diese
606 2935 1849 2990 gute und kluge Frau, die ihn liebt und darum einen Ver¬
606 2964 1843 3035 ehrer in den Tod gehen läßt; nun steht für ihn der Tote
612 3029 1855 3093 zwischen ihnen; er begreift nicht, warum seine Frau ihm
607 3071 1842 3140 treu blieb und jener sterben mußte. Weiter stürmt er auf
604 3115 1841 3175 seiner Bahn, verführt ein frühreif unreises Mädel, das
608 3160 1845 3222 sein bester Freund sich zur Gattin ersehnt. Als aber seine
599 3203 1852 3274 Frau nun die ihr so oft freigestellte „Revanche“ nimmt
607 3235 1847 3312 und einen jungen Fähnrich mit ihrer Liebe beglückt, er¬
600 3289 1859 3359 trägt er es doch nicht, sondern schießt den Liebhaber über
602 3336 1876 3425 den Haufen. Warum? Aus einem Rückfall in die alte!
