3344 4320
1345 63 1801 145 box 28/4
211 63 1195 164 24. Das weiteLand
922 575 1334 654 ———
552 639 981 719 Ausschnitt aus:
1008 632 1300 727 der Tag, D
788 738 1098 823 15.05.1911
1344 841 2243 908 lichen Erna, die anscheinend eine krankhafte Ab¬
1339 882 2243 948 neigung vor jedem Geliebten mit reellen Ab¬
528 902 1240 989 Theutee und Masit.
1340 928 2237 989 sichten hat, dem diabolischen Herrn Hofreiter
1339 970 2235 1029 aber „ erallhin folgen" will, nachdem er den
491 966 1326 1026 J. K. Im Lessing=Theater wurde gestern
1523 1005 2239 1062 seiner Frau so heldenhaft beseitigt.
1347 1010 1523 1074 Liebhab
452 1000 1327 1065 (Sonnabend) Artur Schnitzlers neuestes Werk,
1524 1032 2245 1098 Schnitzler auch in dem überreichlichen
1350 1055 1532 1101 Leide.
442 1060 1329 1105 die fünfaltige Tragikomödie „Das weite
1331 1083 2241 1137 Beiwerk des Fünfakters nicht der alte, liebens¬
439 1095 1322 1138 Land“ mit jener Freundlichkeit ausgenommen,
1349 1110 2243 1177 würdige und unterhaltsame Causeur. Er gibt
425 1141 1328 1196 die weniger beweist, daß man ein Stück als seinen
1336 1163 2232 1211 viel Bonmots aus zweiter Hand; flache Tief¬
434 1176 1325 1224 Autor zu schätzen weiß. Und wenn auch jeg¬
1340 1205 2230 1253 sinnigkeit und die frohe Laune in den heiteren
429 1217 1332 1258 licher Enthusiasmus ausblieb, als Brahm im
1336 1257 2233 1304 Momenten kommt ihm nicht recht von Herzen.
432 1253 1337 1306 Namen des von der Prager Premiere abge¬
1335 1283 2234 1330 Die Darstellung tat alles, um dem Stück zu
426 1289 1326 1337 haltenen Schnitzler dankte, so wahrte man doch
1333 1324 2236 1380 nützen. Heinz Monnard gab seinem Friedrich
431 1332 1329 1379 auch hier standhaft die freundliche Haltung. Und
1341 1362 2244 1416 Hofreiter Schärfe und Fülle der Charakteristik
421 1372 1328 1427 das war im Grunde gar nicht so leicht, denn diese
1348 1390 2253 1450 und war mit voller Aufbietung seiner reichen
427 1408 1335 1459 fünfaktige Tragikomödie, deren bedauerliche
1350 1433 2237 1494 schauspielerischen Mittel bemüht, uns einen
428 1440 1337 1497 Länge in bedenklichem Gegensatz zu ihrem arm¬
1343 1471 2244 1530 außergewöhnlichen Menschen, einen interessanten
428 1483 1342 1536 feligen Inhalt steht, bürdet den Zuhörern eine
1336 1518 2237 1562 Mann, ein eigenartiges Musterexemplar aus den
424 1519 1330 1573 nicht immer leicht zu tragende Last von Worten
1333 1562 2234 1611 rätselhaften Gesilden des „weiten Landes“
429 1557 1329 1610 auf und windet sich so mühselig und umständlich
1600 1592 2245 1652 Menschlich näher aber brachte
1333 1602 1603 1660 vorzuführen.
419 1598 1322 1660 durch ein dichtes Gestrüpp von Ueberflüssigkeilen
1659 1615 2261 1698 traurigen Helden ebenso¬
1422 1634 1660 1690 uns den
431 1649 1332 1690 dem Ziele zu, daß das tragische Ende auf müde
2010 1670 2135 1720 mit
1338 1662 2006 1745 wenig, wie Hilde Herterich
416 1678 1326 1725 und gleichgultige Stimmung stößt. Was Schnitzler
1340 1711 2239 1763 ihrem Streben nach Wahrhaftigkeit die
433 1710 1333 1764 mit diesem anstrengenden Ritt ins „weite Land“
1341 1761 2244 1804 Erna, und Irene Trieschs reife Kunst die zwi¬
434 1756 1328 1805 sagen will, errät man im dritten Akt, als ein
1336 1790 2250 1857 schen Entsagung und Revanchegelüsten schwanke
426 1797 1329 1847 lebensweiser Hoteldirektor in einer der vielen
1340 1831 2239 1881 Frau Hofreiter. Dem jungen Marine=Fähnrich
420 1830 1333 1900 strapaziösen Auseinandersetzungen des Stückes
1331 1865 2241 1921 verlieh Kurt Stieler nach Möglichkeit warme
433 1872 1333 1936 darauf hinweist, daß die Seele ein „weites
1332 1893 2247 1961 Empfindung, den bravsten Menschen der Komö¬
424 1914 1328 1967 Land“ sei. Es liegt also wohl in der
1338 1938 2244 1993 die einen ehrlichen Doktsr und Freund, spielte
428 1941 1327 2007 Absicht dieser Dichtung, uns mit etlichen
1343 1979 2237 2033 Hans Marr mit seiner wohltuenden ehrlichen
432 1993 1329 2043 Menschen bekanntzumachen, deren Empfin¬
1340 2020 2245 2073 Gradheit. Ilka Grüning und Mathilde Sussin,
430 2031 1335 2098 dungskeben uns möglichst kompliziert erscheint.
1334 2066 2244 2119 Emanuel Reicher, Karl Forest, Bruno Ziener
626 2073 1329 2114 dem Autor denn auch reichlich
419 2073 561 2124 Das
1352 2097 2243 2156 spielten die bedeutenderen Episoden des von
423 2101 1336 2159 gelungen; schade nur, daß diese absichtlichen
1349 2133 2248 2190 Emil Lessing inszenierten Stückes, dem man
419 2149 1334 2199 Wunderlichkeiten sich so schlecht mit den Lebens¬
1350 2182 2242 2241 einen außergewöhnlich reichen dekorativen Nah¬
425 2192 1333 2241 bedingungen und — was noch schlimmer ist —
1340 2217 1642 2280 men verliehen.
423 2226 1338 2292 mit der Unterhaltsamkeit eines Dramas ver¬
416 2263 1335 2320 tragen. Dieser Herr Friedrich Hofreiter, der in
419 2306 1340 2354 der unverschämtesten Weise hübsche Weiber und
1397 2293 2252 2363 Ueber die Aufnahme des Stückes im Wiener!
428 2348 1324 2405 Mädchen abküßt und seiner Frau das kleine Ver¬
1349 2345 2255 2418 Burgtheater erhalten wir das nachstehende Pri¬
420 2382 1325 2434 grügen der bescheidenen Revanche nicht gönnt,
1340 2399 1750 2461 battelegramm:
430 2417 1335 2483 sondern den ersten Jüngling, dem sie das Fenster
1390 2420 2247 2505 Wien, 14. Oktober, 11 Uhr 35 Min. nachts.
434 2457 1333 2514 ihres Schlafgemachs öffnet, in einem schleunigst
1348 2474 2240 2533 (Von unserem hl.=Korrespondenten.)
428 2497 1333 2550 herbeigeführten Duell herzlos niederknallt, mag
1343 2521 2250 2576 Im Wiener Burgtheater fand der neue Schnitz¬
428 2542 1327 2588 ein sehr geeigneter Held für einen psychologischen
1340 2559 2249 2616 ler einen von Akt zu Akt steigenden Erfolg, der
425 2577 1328 2620 Roman in dem neuerdings so beliebten Umfang
1345 2602 2248 2652 um so höher anzuschlagen ist, als die Scherze, mit
428 2617 1329 2665 sein, auf der Bühne kann er reden, so viel er
1341 2640 2246 2695 denen Schnitzler gerade jenem Teil der Wiener
424 2652 1322 2706 will, er bleibt uns fremd und fällt schließlich auf
1341 2679 2247 2732 Gesellschaft, der in den Logen und im Parkett
429 2690 1328 2743 die Nerven. Damit fällt aber auch das ganze
1338 2722 2248 2768 maßgebend ist, den Spiegel ihres erotischen und
428 2724 1343 2779 Stück, denn es gibt neben diesem so unsagbar
1343 2759 2248 2817 Chelebens vorhalten will, immerhin gerade bei
429 2771 1333 2824 erkünstelt anmutenden Konflikt in den lengen
1347 2802 2252 2864 der Wiener Erstaufführung eine Gefahr be¬
431 2802 1336 2864 fünf Akten keine Spur einer anderen Handlung,
1341 2833 2249 2883 deutete. Die Leistung des Burgtheaters war die
433 2847 1339 2893 eines anderen Konfliktes, die zu interessieren ver¬
1343 2877 2248 2939 beste, die man in den letzten Jahren er¬
432 2890 1293 2950 möchte. Man findet kaum Beziehungen z
1343 2915 2250 2970 lebt hat. Die Regie hat Schnitzler mit
419 2910 1274 2979 Menschen und Dingen einer Komödie, die
1342 2954 2250 3013 Huge Thimig selbst geführt. In der Rolle des
428 2947 1342 3019 völlig auf Spitzfindigkeiten gestellt ist und ihre
1350 3001 2256 3053 Fabrikanten Hofreiter spielte sich Arnold Korff.
421 2996 1333 3055 Tragik ebenso mühselig aus mehr oder
434 3037 1326 3088 minder geistvollen Bemerkungen zusammenträgt,
1344 3038 2251 3087 der vom Berliner Theater her bekannt ist, mit !
434 3079 1328 3121 wie sie die wenigen äußerlichen Geschehnisse her¬
1339 3084 2246 3132 einer gewaltigen schauspielerischen Leistung in
1344 3115 2251 3162 die allererste Reihe. Die Genia spielte Fräulein
429 3110 1330 3177 beizwingt. Und die Art, wie Frau Genia Hof¬
1337 3142 2253 3206 Marberg anständig und tüchtig, aber uninter¬
435 3144 1345 3196 reiter, die Mutter eines schon leidlich heran¬
1345 3186 2243 3252 essant, die Erna Fräulein Hofteufel ausgezeich¬
428 3190 1338 3252 gewachsenen Jünglings, sich im Zwischenakt in
1346 3240 2247 3287 net. Auch die kleinste Rolle war riit den ersten
424 3230 1339 3289 dem blutjungen Marinesähnrich einen Geliebten
1354 3273 2252 3319 Darstellern besetzt. Die Gesamtwirkung des
431 3281 1341 3334 zulegt, der regelmäßig auf dem Wege durchs
440 3313 1345 3364 Fenster mit ihr verkehrt, trägt ebenso zu dem
1344 3324 2243 3363 Stückes kann als sehr stark bezeichnet werden.
433 3343 2280 3430 wenig erfreulichen Eindruck des Ganzen bei wie] Vom 2. Akt an konnte sich der Dichter wiederholt
442 3391 1560 3458 die „komplizierte“ Mädchengestalt der begehr= bedanken.
2798 773 2886 853 EIN
2293 841 3144 896 Auch in zahlreichen anderen Städten fand die
2238 872 3153 928 Tragikomödie gestern bei ihrer Erstaufführung,
2252 918 3139 974 Privattelegrammen zufolge, reichen
2254 945 3139 1008 Beifall, so im Hamburger Deutschen Schauspiel¬
2239 983 3147 1051 haus, in der Schauburg zu Hannover und in
2243 1035 3139 1080 Prag, wo der Autor nach dem vierten Akt er¬
2241 1076 3151 1140 scheinen konnte. In Leipzig dagegen war der
2249 1118 2634 1169 Beifall nur schwach.
