3296 4320
1271 111 1757 212 box 29/1
169 116 1146 239 24. Das veite-Land
1806 796 3062 866 die schauspielerische Leistung und die Kulisse. Nun, Carl
575 809 1809 898 jammerzustände. Denn „Das weite Land“ — das ist nichts
1811 851 3044 906 Hagemann, dessen eigenster Geschmack freilich wohl ganz an¬
574 858 1809 929 anderes als die Liebe mit ihren unbegrenzten Möglichkeiten,
1806 885 3047 956 dere Wege geht, weiß doch ganz gut jedem Drama das Seine
589 882 1816 973 verehrte Leserin. Wenn Schnitzler aber weiter rätselt, daß
52 913 409 1005 eite Land“.
1811 922 3056 1013 zu geben und so war seine Inszenierung dieses neuesten
586 943 1813 1019 sie immer ein Chaos sei und zum Chaos führe, so gilt das
1809 975 3046 1034 Schnitzler ganz auf üppige Schauwirkung gestellt und ent¬
582 984 1816 1062 hoffentlich nur für diese Zeit der Masse. Früher galt sie
61 995 412 1088 Schauspielhause.
1819 1017 3052 1080 faltete in den von einem verfeinerten Geschmack komponier¬
586 1031 1227 1116 als der Urtrieb zum Kosmos.
1809 1058 3050 1123 ten Landschaften und Interieurs allen Zauber der Kulisse.
669 1054 1810 1144 Ein „fait divers“, das mehr die sensationslüsternen
48 1075 583 1163 ödie behandelt ein Motiv
1804 1106 3052 1173 Und die Darsteller erschöpften sich in feinen und komplizierten
582 1120 1819 1198 Nerven als den Intellekt beschäftigt, liegt dem Werk
53 1146 580 1203 Port „Gesellschaft“ klingt
1812 1149 3046 1228 Leistungen, um alle Nuancen in den Stimmungen des
577 1161 1810 1238 zugrunde: Der im „gefährlichen Alter stehende reiche Fabri¬
60 1181 587 1253 dazu gelegentlich die
1814 1182 3051 1258 „weiten Landes“ herauszubringen. Meisterlich gelang dies
587 1208 1810 1279 kant Hofreiter, ein verheirateter Ang#l hat eine reizende
48 1227 582 1297 nisere Ideologie, daß wir
1813 1229 3043 1296 besonders Robert Nhil mit seinem Fabrikanten Hofreiter.
582 1247 1816 1328 Frau, ist aber gelegentlichen anderen Liebesaffären durchaus
57 1248 581 1339 k, wo es nichts als sehr
1820 1281 3039 1341 Konrad Gebhardt in der Rolle des Marinefähnrichs, Carl
596 1284 1825 1366 nicht abgeneigt. Die arme Frau, die ihren Mann inbrünstig
53 1310 587 1379 mehr als witzig, sie ist
1825 1314 3040 1384 Wagner als idealistisch angehauchtem Dr. Mauer und Hans
589 1336 1819 1407 liebt, gerät nun in den Verdacht, daß sich ihretwegen ein junger
63 1355 583 1424 etzende Entpersönlichung,
1811 1366 3049 1425 Andresen in seinem Natter getauften Tartüff; aber auch
594 1372 1813 1454 Russe erschossen habe. Der Gatte, der von ihr die Konzentra¬
67 1402 595 1474 n der Gegenwart hat alle
2924 1411 3058 1479 die
1824 1414 2939 1474 die Damenrollen lagen in den besten Händen, was
588 1407 1825 1494 tion der Zuneigung, die Treue, erwartet, die er selber um die
90 1445 595 1512 in brutale Geldunter¬
1821 1446 3051 1515 ophelienhafte Genia Marie Elsingers, die kapriziöse Erna
580 1468 1821 1543 Welt nicht aufbringen könnte, gerät darüber in Unruhe, ob¬
63 1493 590 1560 st heute nur soviel wert,
1822 1496 3052 1558 Paula Siltens, die Frau Wahl Margarete Otto=Körners und
593 1511 1809 1583 wohl sie ihm nachweist, wie unbegründet sein Verdacht sei.
60 1519 583 1602 katie ist ein schlechter
1817 1538 3047 1604 die Anna Meinhold Franziska Aigners bewiesen. Von den
579 1530 1817 1642 Um seine Unrast zu überwinden. läßt er sich in eine Liebelei
62 1566 585 1634 okratie. Armer Dichter,
1813 1573 3057 1647 sonstigen Darstellern seien noch Heinrich Langs Dr. Aigner,
593 1599 1823 1668 mit einer jungen frühreifen Dame ein, erkennt aber, daß
52 1607 591 1689 kischten Gesellschaft gerecht
1815 1628 3045 1693 Paul Ellmars Gustav, Ludwig Brahms Portier Rosenstock,
594 1645 1817 1719 sie ihm nur die überschwängliche, aber vergängliche Neigung
63 1664 604 1726 angreifend, die Komödie
1828 1680 3043 1747 Emil Stettners Schriftsteller Rohn und Tony Heydorns
600 1670 1826 1761 einer unerfahrenen Seele entgegenbringt und wird sich zum
59 1696 597 1770 e macht doch immer noch
1808 1711 2165 1794 Adele erwähnt.
591 1731 1817 1796 erstenmal seines „gefährlichen Alters“ bewußt. Er wundert
56 1741 602 1814 zu werden, denn in der
1903 1744 3044 1825 Das Publikum, obwohl in seinen Erwartungen getäuscht,
599 1772 1825 1842 sich selber, daß er jetzt in erneuter Liebe zu seiner Frau ent¬
66 1781 593 1862 das um so mehr, als sie
1819 1787 3042 1876 war gutmütig genug, dem Stück einen freundlichen Empfang
489 1831 561 1891 —
808 1810 1829 1891 — aber die Liebe, tröstet er sich, ist „ein weites
594 1837 779 1890 brennt
64 1838 525 1899 schluß der „Obrigkeit“
1820 1842 2098 1931 zu bereiten.
583 1845 1821 1941 Land“. Doch seine Frau gerät jetzt bei ihm in
62 1878 600 1946 ärt, die letzten Mythen hat
2751 1875 3020 1963 Iven Kruse.
594 1890 1835 1977 den Verdacht, eine Liaison mit einem jungen Marinefähnrich
51 1935 592 1980 schbazar aufgekauft. Aber
592 1933 1834 2024 zu unterhalten. Diese Menelaos=Rolle ist seiner egoistischen
50 1961 592 2038 Kubriken: „Verschiedenes“
591 1973 1840 2057 Eitelkeit (denn eines wirklich tragischen Gefühls ist seine Seele
53 1989 599 2076 eibericht“. Diese Dinge
597 2021 1834 2103 trotz ihrer Weiträumigkeit nicht fähig) zu viel; er beleidigt
2127 2018 2754 2126 Theater und Kunst.
52 2045 594 2125 r“. Und diese Rubriken
601 2074 1835 2146 den jungen Dachs, duelliert sich mit ihm und erschießt ihn.
58 2093 592 2170 gung. in sein „Sehr viele
2451 2099 3030 2191 Hamburg, den 15. Oktober.
596 2109 1838 2186 Der Zynismus, mit dem er seine Handlungsweise vor sich
56 2124 605 2209 ng. Tragik plus Komik
604 2153 1838 2235 selber und den anderen zu rechtfertigen sucht, hat etwas
1899 2165 3052 2242 = [Theaterprojekt der Berliner Neuen Freien Volksbühne.]
55 2177 604 2249 rdform der heutigen Ge¬
599 2203 1832 2271 Grauenhaftes. Aber — so ist das Leben“, wenigstens das
1826 2204 3060 2279 Der Plan, ein eigenes Haus zu errichten, den die Neue Freie
53 2223 595 2297 stardform der Dramatik.
597 2243 1834 2319 Leben der Gegenwart, das schwerfällig=schwunglos eine Tragi¬
1831 2267 3053 2329 Volksbühne seit langem hegte, ist der Verwirklichung um einen
67 2275 598 2344 verwischt. Noch Lessing
600 2287 1838 2368 komödie an die andere reiht. Und Schnitzler lächelt melan¬
1829 2301 3058 2360 bedeutenden Schritt näher gerückt, wenn man auch, wie die
79 2297 610 2377 machte den Begriff der
1836 2331 3058 2405 Direktion mitteilt, von einem definitiven Abschluß heute noch nicht
601 2331 1828 2412 cholisch dazu und hofft bewiesen zu haben, daß die heutige
55 2359 600 2428 Hilarotragödie lächerlich,
1827 2395 3061 2442 sprechen kann. Als Bauplatz ist das Gelände des ehemaligen
596 2385 1823 2449 konventionelle Ehe mit oder ohne Ehebruch keine Ehe mehr
54 2402 614 2477 be, den tragischen und den
1822 2426 3066 2479 Scheunenviertels in Aussicht genommen, von dem der am günstigsten!
608 2421 1827 2497 ist. Aber was nützt dieser Beweis seinen Zuhörern? Und
54 2439 611 2506 und Zermischung Trumpf
1816 2462 3057 2521 gelegene Teil, der Bülowplatz, von den Eigentümern des Terrains
602 2464 1828 2542 wie schwerfällig rückt die Handlung vom Fleck, wie verworren
43 2485 600 2543 krlei anderen Auffassungen
1829 2499 3055 2562 der Neuen Freien Volksbühne zum Erwerb angeboten worden ist.
609 2505 1519 2587 ist sie! Wirklich, auch Schnitzler wird alt ..
60 2531 617 2617 renziert“, um dies beliebte
1820 2544 3058 2600 Inzwischen sind von dem Architekten Oskar Kaufmann, dem Er¬
694 2549 1821 2619 Solchen Dramen, denen es nur um eine Wirkung auf
1833 2577 3066 2646 bauer des Hebbeltheaters. die Baupläne entworfen und dem
611 2595 1830 2669 die Nerven zu tun ist, muß die malerisch reiche Bühne zu
1830 2612 3064 2675 Ministerium der öffentlichen Arbeiten eingereicht worden. Hier
58 2598 618 2687 bei aller Ehrlichkeit, die
600 2641 1830 2716 Hilfe kommen. Sie haben etwas Kinematoskopartiges, sie
1823 2663 3067 2725 lagern sie bereits seit dem Monat Juli, und es seht zu erwarten,
49 2652 558 2727 hgikomödie wählen ließ —
604 2678 1830 2765 wirken nur bei höchsten szenischen Anstrengungen. Be¬
1823 2699 3056 2755 daß sie demnächst genehmigt werden. Sobald die Bauerlaubnis
46 2701 610 2786 hls Kind seiner Zeit und
614 2715 1837 2799 merkenswert ist immerhin, daß die größten Schöpfungen der
1822 2740 3067 2798 erteilt und die Finanzierung des Projekts erledigt worden ist, soll
67 2749 605 2820 Größe abgeht, wird durch
597 2758 1838 2833 Dramatik — wie übrigens fast aller Kunst — bei sehr un¬
1838 2775 3068 2834 mit dem Bau begonnen werden, der dann im Jahre 1913 vollendet
57 2792 618 2858 die Stelle der Idee tritt
1830 2810 3067 2885 sein dürfte. Nach den Plänen wird die Hauptfront des Theaters
603 2813 1836 2887 vollkommener Technik entstanden sind; sie bedursten ihrer nur
57 2824 618 2908 blem: die Liebe schwindet.
1829 2848 3063 2918 an der Kaiser=Wilhelm=Straße liegen. Mit dem Theater sollen
605 2857 1839 2927 als einer bescheidenen Gehülfin. Aber der nervöse Sensa¬
56 2876 609 2947 wird nicht mehr ernst ge¬
1831 2884 3068 2955 Konzert= und Vortragssäle verbunden sein. Der Zuschauerraum
612 2905 1839 2968 tionalismus des heutigen Publikums stellt Ansprüche denen
57 2919 610 2989 ie Ehescheidung, der heim¬
1830 2932 3071 2997 wird zwei Ränge aufweisen. Im Interesse der großen Anzahl von
611 2938 1841 3012 das Drama an sich nicht mehr genügt; vor allem ist die Schau¬
84 2970 611 3047 ch in dieser Tragikomödie
119 2961 3100 3098 für erolische Katzen= lust stetig gewachsen und stetig gewachsen das Interesse für Mitgliedern der Neuen Freien Volksbühne wäre natürlich ein I.
63 3141 1853 3354 Slach 6/0.41. Ang
