3344 4320
983 186 1043 255 I
262 179 1249 296 24. Das veite Land
1371 201 1849 303 box 29/5
149 1215 3115 1487 der Koelchketens bune dech, irnd eien, sengenisc se se
140 1401 3104 1523 sche Folgen einer Verstrickung wie dieses ver¬ machte, daß Stimmung nicht aufkam; denn diese gewisses es. im Stil des Konversationsstücks, zusammenzufassen:
137 1492 1016 1566 die dramatische Aussprache von Rechts wegen
145 1438 3102 1553 sondern da, wo die Sache anfinge, wesenhaft zu Schärfe, die dem Wienerischen fremd ist, legte sich auch es fehlte ihnen „das gewisse Etwas“, oder wenigstens
1010 1508 1364 1583 auf alles übrige.
140 1529 1017 1611 werden müßte, steht, anständig und diskret, die
2029 1564 3105 1639 kamen sie nicht dagegen an, wo es im Ganzen fehlte.
1069 1555 2055 1651 Mit einer Ausnahme. Es gab eine kurze Szene,
127 1583 1003 1669 g, das abgebrochene Wort, die vielsagende Geste,
134 1617 476 1683 rzliche Lächeln.
2034 1615 3106 1683 Der Beifall des vollen Hauses war dementsprechend auch
998 1583 2072 1703 die all das hatte, was das ganze Stück hätte haben
2048 1651 3110 1737 nicht ganz ohne „gesellschaftlichen Vorbehalt“ und erst am
995 1642 2050 1737 müssen eine Szene, in der man den Zauber dieser lässi¬
130 1664 1006 1748 ist es aber Sinn und Aufgabe des Dramas, die
2041 1676 2444 1761 Schluß freundlicher.
1005 1688 2046 1780 gen, ein wenig melancholischen und so sehr anmutigen
2649 1705 3123 1788 Hanns Braun.
123 1696 1006 1785 senhaft zu zeigen; wenn also im Konversations¬
996 1720 2071 1824 österreichischen Sphäre deutlich spürte: Otto Framers¬
122 1736 1004 1829 niteingebrachte „gesellschaftliche Vorbehalt“ dies
997 1770 2060 1861 Szene. Wie dieser Dr. von Aigner, ein ähnlicher Typ.
118 1776 1005 1875 dern scheint, so muß gleichwoyl ein Ausweg ge¬
991 1806 2061 1907 nur etwas nachdenklicher und weicher als Hofreiter, von
116 1822 995 1919 erden, der den dramatischen Ansprüchen der
999 1848 2058 1944 seinem Leben plauderte, abbrechenden Worts, schmerz¬
131 1875 982 1958 hrem Recht verhilft. Dieser Ausweg ist wohl¬
989 1887 2048 1977 lichen Lächelns, das traf den Stil des Stücks ins Herz;
137 1918 599 1985 Er heißt „Stimmung“.
986 1935 2052 2045 es war — vornehm. (Nicht umsonst hat ja das frühere
123 1952 995 2050 Etimmung ist in allen andeutenden Stücken das
984 1968 1667 2057 Wien jeden Menschen baronisiert.)
123 1998 995 2089 Korrelat; sie schwebt mit dem Gefühl in die
1044 2021 2041 2114 Wieder nach einer andern Richtung all Forster¬
127 2048 988 2137 wenn auch nicht allzutief —, in die das Wort
972 2059 2042 2143 Larrinaga entglitt Frau Ferron der Wiener Sphäre;
127 2090 433 2161 seigen gewagt.
981 2109 2041 2198 ich greife das heraus, nicht weil die Rolle so umfänglich
136 2140 972 2222 man der Aufführung von Schnitzlers „Das
971 2147 2028 2241 gewesen, sondern weil es sich an ihr besonders gut
167 2185 980 2271 unter Forster=Larrinagas Regie
966 2181 2037 2282 demonstrieren läßt. Es gibt unter den Wienerinnen
125 2224 979 2318 hm selbst in der Hauptrolle, wenn man ihr
968 2230 2030 2310 eine Spezies Frau, deren entzückende Eigenart es ist, mit
114 2250 970 2347 erfen kann, so: Mangel an dieser Stimmung.
968 2274 2034 2371 einer naiven Anmut das Sinnloseste zu fragen, zu
118 2308 976 2389 aß dieser Mangel zum Teil ein Mangel an
969 2314 2024 2416 fragen, zu fragen — ein bisserl hilflos, ein bisserl knaun¬
122 2360 967 2432 gewesen, der Stimmung nicht aufkommen
965 2354 2028 2446 zend, — so ein rührendes Fragezeichen hätte Frau
108 2396 966 2469 ochen jedenfalls wurde zeitweise mit solcher
964 2392 2027 2489 Ferron zu spielen gehabt. Es ist klar, daß, wenn man
108 2440 965 2520 keit, daß schon auf der vierten Reihe nichts
966 2437 2017 2532 diese spezifische Art zu fragen beiseite läßt, eine dümm¬
108 2474 959 2559 erstehen war (Folgen des Wechsels zwischen
950 2478 2016 2553 liche, aufgeregte, übertriebene Person übrigbleibt — aber
118 2514 957 2598 d großem Theater). Die Unruhe des Publikums
951 2518 2014 2613 dies auf irgendeine direkte Weise zu zeigen, ist keines¬
106 2555 964 2643 n Augenblicken bekanntlich nicht Ursache, son¬
955 2557 2011 2660 wegs die Absicht der Rolle; leider vergessen Regisseure
109 2609 952 2705 des Nichtverstehens; Schauspieler sollten das
943 2601 2006 2694 und Schauspieler immer wieder, daß die Wirkung aus
114 2640 277 2701 spüren.
939 2634 1999 2734 dem Ganzen der Rolle, nicht aus dem logischen Sinn
944 2668 1996 2770 dessen, was sie sprechen, allein resultiert und versäumen
104 2689 959 2772 ber diese Stimmlosigkeit hinaus herrschte auch
938 2724 2009 2826 es eine Figur bis fast in ihre Gegensätze hinein zu
104 2732 947 2808 o deutlicher gesprochen wurde, Stimmungs¬
952 2763 1594 2843 runden, d. h. zu vermenschlichen.
109 2772 959 2858 d mir scheint, dies lag zum großen Teil an
1009 2795 2005 2889 Als Frau Genia Hofreiter war Fräulein Anton
100 2805 946 2893 rinaga selbst. Er war nicht dieser Hofreiter,
932 2843 2002 2942 immer wieder interessant, eine vom Schicksal bedrückte
104 2854 944 2936 tück meint, obgleich er doch so gut für diese
943 2891 1988 2978 Frau, aber sie muß sich hüten, eine gewisse schleppende
94 2900 941 2974 assen schien. Er war ein anmutiger, welt¬
934 2929 1986 3032 und von unmotiviertem Lachen begleitete Sprechart
112 2947 940 3009 eleganter, verführerischer, schon etwas „vor¬
926 2964 1982 3069 Manier werden zu lassen, weil sie sonst zu wenig Nüancen
123 2982 925 3057 " Mann, aber das, was ihm so dringend not
936 3016 1981 3111 aus ihren Rollen gewinnt. Sie muß also in jedem
92 3006 926 3096 nan ihm, wie alle Welt, nicht böse sein konnte
930 3052 1876 3134 Sinne, nicht nur im akustischen, deutlicher werden.
112 3074 940 3128 Untaten: das bißerl Herz, das fehlte ihm
990 3093 1983 3189 Von den übrigen Darstellern — Frau de Lalsky, die
110 3103 1998 3231 par eigentlich, trotz allem, unsympathisch, und eine gute gesellschaftliche Figur machte, ausgenommen —
