3344 4608
192 157 392 242 24.
1319 128 1747 217 box 28/4
375 158 1181 247 bas weiteLand
500 1705 2973 1773 geschaffen hatte, mehrere Male mit seinen Künstlern zeigen! Vorgänge in China verantwortlich sind, und die Grundsätze, nach inebe
1669 1760 2943 1823 denen sie arbeiten, sind folgende: Vor allem sind sie gegen die Da
488 1765 689 1832 konnte.
586 1796 2946 1852 Eine Glanzleistung bot Robert Nhil als Fabrikant Friedrich! Mandschu=Dynastie und für eine chinesische Republik. Oft habe ich Gül
1693 1835 2895 1891 ihn wegen seiner Ideen verlacht und ihm gesagt, daß es unmöglich
498 1816 1701 1893 Hofreiter, Marie Elsinger als Genia war voll Anmut und Ruhe
2868 1880 2966 1932 am
1695 1864 2884 1932 sei, das chinesische Volk gegen den Thron aufzustacheln. Er er¬
496 1871 1692 1931 und wußte Echtes und Inniges zu geben, wenn durch ihre schein¬
1690 1905 2970 1967 widerte, daß die verschiedenen Provinzen Chinas wichtiger seien bis
490 1916 1696 1987 bare Gelassenheit die unterdrückte Liebe zum Gatten hindurch¬
2871 1942 2977 2008 geld
1680 1945 2889 2021 als die einzelnen Staaten der Vereinigten Staaten,
495 1963 674 2027 brang.
2293 1982 2986 2054 Kanada vom Mutterlande. tritz
1696 1994 2312 2062 und unabhängiger noch als
1791 2022 2787 2095 Vizekönig hat dort unumschränkte Macht.
1699 2035 1805 2088 Ein
584 2037 1689 2096 Arthur Schnitzlers Tragikomödie „Das weite
1686 2067 2983 2133 sendet der Regierung in Peling seine Berichte und Geld. Ein som
503 2080 1607 2154 Land“ ist soeben im Verlag S. Fischer, Berlin, erschienen.
1685 2114 2885 2168 jeder Staat kann seine Soldaten ausheben und seine eigene Flotte
1694 2155 2883 2208 bauen. Er hat seine eigene Regierung, und alles, was in China
2866 2148 2972 2218 ta
1687 2199 2875 2257 notwendig ist, ist eine Zentralregierung. Die Idee der Revo¬
2870 2195 2973 2248 mal
1699 2234 2874 2284 lutionäre ist, die Mandschu=Dynastie durch eine
2870 2239 2987 2293 Die,
706 2160 1520 2303 Kleines Feuillefon.
1697 2259 2879 2317 Zentralregierung zu ersetzen mit einem Ober= und
2870 2261 3317 2347 Poppe in der Biterrone
1690 2302 2890 2362 Unterhaus. Zu seinem Grundsatz har er gemacht, dak bei einer
2931 2324 3318 2383 Karl Blasel, der b
756 2326 1477 2404 Aus dem Leben Sun=Jat=Sen's.
1697 2342 2889 2397 Revolution alle Fremden geschützt werden sollten. Alle christ¬
2879 2360 3325 2437 17. Oktober seinen 80.
1686 2384 2885 2441 lichen Kirchen werden respektiert werden. Auch ist Sun=Jat=Sen
580 2376 1710 2439 Aus London wird uns berichtet: Einige bemerkens¬
2928 2407 3312 2465 „Der Seeräuber“,
1700 2413 2889 2472 selbst ein Christ. Die Aussichten, die er hat, sind keine schlechten.
489 2425 1699 2481 werte Einzelheiten über die Karriere von Sun=Jat=Sen, dem
1701 2431 3327 2520 Vor allem hat er Geld zur Verfügung. Und hierzu kommt, daß spiel, wurde vom Deut
502 2465 1705 2519 Haupt der gegenwärtigen revolutionären Bewegung in China,
1701 2469 3332 2568 der größte Teil der modern ausgebildeten Truppen der Mandschu= lburgtheater in Wien zu
496 2510 1692 2564 der bereits als erster Präsident für die in Aussicht genommene
2888 2519 3335 2593 scheint im Verlag Felix
1701 2532 2281 2613 Dynastie feindlich gesinnt ist.“
502 2555 1701 2605 neue chinesische Republik vorgeschlagen worden ist, wurden einem
2950 2575 3330 2625 Die Komödie „Die
508 2584 1714 2637 Pressevertreter von Dr. James Canilie gegeben. Dr. Cantlie,
1881 2599 2714 2666 Amerikanische Büffel für Schönbrunn.
2849 2596 3324 2673 lam Luftspielhause eine #
503 2616 1716 2680 der sich seit einiger Zeit in London niedergelassen hat, weiß wahr¬
2460 2634 3329 2712 In den nächsten mehr als 50 deutschen
2189 2652 2432 2715 berichtet:
1764 2647 2207 2719 Aus Wien wird
497 2670 1707 2727 scheinlich mehr über Sun=Jat=Sen und die Jungchina=Partei als
1701 2680 3199 2744 Tagen treffen aus Newyork zwei amerikanische Büffel, worben worden.
508 2706 1704 2763 irgendein anderer Mensch Das erste Zusammentrefsen der
2955 2711 3329 2794 Gastspiel Abele S
2794 2729 2892 2782 in
1698 2736 2805 2794 deren Gattung berei's im Aussterben begriffen ist,
494 2735 1704 2808 belden fand in Hongkong statt, wo Dr. Cantlie Professor an der
1699 2764 3341 2827 Wien ein, um der Menagerie in Schönbrunn einverleibt zu Theater. In den erst#
505 2788 1708 2837 Universität und der Rebellenführer einer seiner Hörer war.
1710 2812 3331 2865 werden. Die zwei kostbaren Tiere wurden im Auftrag und für Sandrock ein auf 3 Tag
505 2827 1701 2877 Später beteiligte sich Sun=Jat=Sen an einer Verschwörung, es
2868 2837 3336 2907 Künstlerin wird nur in
1701 2849 2889 2905 Rechnung des Kaisers Franz Josef von Charles Bartels in New¬
504 2862 1700 2917 gelang ihm jedoch, aus Kanton zu entfliehen. Er kam nach Eng¬
2882 2880 3340 2948 Abenden des Gastspiels
1700 2896 2882 2955 Jersey, dem amerikanischen Vertreter von Hagenbeck, erworben.
497 2899 1707 2963 land, und durch die Verräterei eines seiner Landsleute wurde er
2884 2916 3303 2997 „Hamlet“ verkörpern.
1701 2925 2882 2984 Die riesigen Tiere, die man in Schönbrunn fortzuzüchten ver¬
511 2947 1707 2998 am 11. Oktober 1896 in die chinesische Gesandtschaft gelockt, wo
2956 2963 3339 3020 Das Programm für
1699 2971 2884 3021 suchen wird, wurden in großen Käfigen an Bord des Nord¬
505 2974 1715 3027 er zwölf Tage gefangen gehalten wurde. Durch einen Brief,
2874 2992 3336 3056 harmonischen Orchesters
1701 3012 2875 3076 deutschen Lloyddampfers „Prinz Friedrich Wilhelm“ verfrachtet
507 3006 1710 3074 den er aus dem Fenster warf, benachrichtigte er seinen Lehrer
2875 3047 3329 3101 fonie pathetique v. Tscha
1708 3058 2461 3124 und von besonderen Wärtern begleitet.
509 3058 1712 3113 Dr. Cantlie, der sofort Himmel und Hölle in Bewegung setzte
2880 3084 3331 3158 vorgetragen von Herrn F
516 3093 1719 3166 und durch Vermittelung des britischen Auswärtigen Amts die
2953 3121 3327 3175 Ueber den Kampf
506 3144 1263 3203 Freilassung des Gefangenen erwirkte.
1883 3142 2720 3219 Kleine Theater- und Kunit=Chronik.
2862 3148 3341 3218 und den neuen Reichstag
586 3167 1732 3234 Vor sechs Monaten war Dr. Sun=Jat=Sen noch in London
1769 3188 3341 3244 Königl. Opernhaus. Die für Montag, 23. Oktober angezeigte117. Oktober, abends 8½
498 3205 1722 3272 Von hier fuhr er nach Amerika, ohne jedoch Dr. Cantlie seine
511 3223 3360 3311 weiteren Absichten mitzuteilen. Ueber die Vorgänge in China] Aufführung der „Weißen Dame“ muß eingetretener Hinder=schen Oberrealschule, Niel
506 3293 3105 3353 und über ihren Zusammenhang mit der Abreise von Sun=Jat=Sen nisse wegen auf einen späteren Zeitpunkt verlegt werden. An zu haben.
505 3312 2911 3410 befragt, sagte Cantlie: „Ich weiß, daß seine Parteifreunde für die ihrer Stelle wird am Montag „Der Waffenschmied“ ce¬
