3344 4384
672 260 771 313 WE
490 241 589 311 Da
1133 247 1209 315 d
260 242 1829 338 24 an box 29/1
2266 304 2840 417 Prager Tagklat, Praz
2508 411 2826 528 a5 10. 1911
2144 603 2421 662 R. 1O.
2353 691 2705 793 Theater.
2284 782 2768 862 „Das weite Land.“
2034 840 3013 931 Tragikomödie in fünf Akten von Arthur Schnitz¬
2075 911 2973 970 ler; gestern zum erstenmal im Neuen Theater.
2140 964 3023 1026 Das „weite Land“ birgt eine kleine Wiener
2023 1006 3009 1061 Gesellschaft, die untereinander durch mancherlei Be¬
2037 1055 3027 1109 ziehungen fester und lockerer Art verknüpft ist: durch
2031 1108 3018 1162 Liebe und Haß, Freundschaft und Bekanntschaft,
2020 1148 3016 1201 durch Beziehungen des Bluts und des Intellekts,
2039 1188 3016 1253 der Geburt und des Zufalls; eine kleine Gesellschaft
2034 1235 3014 1289 scheinbar alltäglicher Menschen, unter der ein Fabri¬
2031 1277 3021 1338 kant, ein Arzt, ein Fähnrich der Marine, ein Ban¬
2038 1307 3014 1386 kier, ein Hoteldirekter und ein Offizier sich findet,
2038 1368 3020 1405 lauter Leute, die zum Unterschied von frühern
2030 1401 3010 1467 Schnitzlerschen Helden, brave bürgerliche Berufe,
2031 1455 3018 1520 wahrscheinlich alle Papiere in Ordnung und zur
2030 1492 3020 1548 Kunst keinerlei verdächtige Beziehung haben. Den¬
2035 1542 3014 1600 noch sind alle diese Menschen mehr oder weniger mit
2036 1588 3017 1638 dem besondern Oel des Dichters gesalbt, alle ein
2039 1633 3013 1691 wenig Erkenntnis=Theoretiker, Schicksals=Deuter,
2034 1684 3005 1734 Selbst=Analytiker und Ich=Psychologen; fast jeder
2032 1720 3019 1775 von ihnen ist beschwert mit den Zweifeln des Da¬
2028 1758 3010 1820 seins, weiß Bescheid über die Rätsel der Dinge, und
2034 1812 3008 1870 die Ahnungslosen, die an den Abgründen, Klüften
2029 1847 3013 1900 und Fährlichkeiten des Lebens vorbeitanzen, wie
2036 1895 3008 1949 diese geschwätzige Frau Wahl oder der junge Paul
2028 1941 3008 1998 Kreindl, scheinen nur da zu sein, um das Ahnungs¬
2025 1971 3009 2030 voll=Bewußte der Andern zu unterstreichen. So
2021 2020 3022 2097 vollzieht sich denn alles Geschehen innerhalb dieser
2033 2072 3013 2118 kleinen Gemeinde höchst beziehungsreich zum Schick¬
2036 2113 3008 2175 sal, jeder Schritt führt ins Dunkel unlösbarer Frä¬
2030 2167 3012 2226 gen, scheucht ein ganzes Rudel von Zweifeln auf
2020 2199 3016 2256 und tappt an unzähligen Irrlichtern vorüber. Wie
2032 2243 3018 2313 der Nachthimmel über einer kleinen Landschaft, wölbt
2035 2294 3013 2346 sich das kunstvolle Netz des Schicksals über den
2024 2332 3010 2379 Menschen dieser Schnitzlerschen Tragikomödie, ja
2034 2373 3019 2435 manchmal scheints, als ob die abstrakte Dekoration
2020 2428 3008 2486 des weiten Lands wirklich zu weit wäre für dessen
2021 2469 3018 2528 kleine Figuren. Sie breitet das ganze Arsenal der
2028 2520 3002 2570 Schnitzlerschen Fragen aus: alle wichtigen Ange¬
2021 2547 3016 2615 legenheiten des Lebens ethische und phosiologische
2032 2584 3005 2657 Zweifel, die Affären des Leibes und der Seele, Fra¬
2031 2644 3008 2697 gen der reinen und der praktischen Vernunft, dialek¬
2031 2689 3009 2745 tisch bewegt und von vielerlei Seiten beleuchtet.
2028 2729 3008 2787 Da ein Akt unten in Südtirol, in den Dolomiten
2030 2773 3002 2826 spielt, kriegen selbst die Schlernwände, die sonst mit
2029 2823 3005 2871 der simplen Sonne vorlieb nehmen, eine Art meta¬
2024 2861 3004 2918 phischen Alpenglühns, und der „Purtscheller“ wird
2008 2913 3017 2958 ergänzt durch viele geistvolle Kommentare. Uebri¬
2012 2942 3008 3009 gens sind gerade diese touristisch=philosophischen
2008 2973 3010 3054 Bemerkungen nicht die übelsten des Buches, weil sie
2026 3031 3004 3109 eines der lockendsten Themen, das Thema der reiz¬
2013 3075 3008 3131 vollen Gefahr, sehr hübsch vertiefen. Was es aber
2014 3120 3000 3199 mit uns und mit dem Titel des Stückes auf sich hat,
2015 3168 2997 3218 sagt der Hoteldirektor des Dolomitenhofs, ein
2020 3201 3037 3280 Ma der beinabe wirklich iruden in Oessagreich
2013 3265 3002 3316 Raum in uns! Liebe und Trug, Treue und Treu¬
2020 3305 3003 3367 losigkeit, Anbetung für die eine und Verlangen nach
2006 3348 3006 3401 einer andern oder nach mehreren. Wir versuchen
2008 3395 3001 3455 wohl Ordnung in uns zu schaffen so gut es geht,
2021 3431 3001 3489 aber diese Ordnung ist doch nur etwas Künstliches.
2020 3482 2773 3526 Das Natürliche ist das — Chaos!..
2768 3480 3012 3534 Es ist die
2013 3518 3003 3576 alte Schnitzlersche Erkenntnis aus dem „Einsamen
2013 3567 3003 3629 Weg:“ Alles ist immer anders. Dem Schicksal be¬
2019 3608 3010 3672 liebt es, die sonderbarsten Touren zu machen. Be¬
2013 3646 3007 3718 ziehungen verschwinden spurlos, gehen unterirdisch
2020 3703 3002 3752 weiter und tauchen höchst überraschend ans Tages¬
2021 3742 3006 3787 licht. Parallelen gehen nebeneinander und müssen,
2019 3785 3005 3840 schmerzlich erkennen, daß sie sich erst in der Un¬
2020 3825 3014 3895 endlichkeit schneiden. Ordnungmachen hilft nicht;
2013 3856 2621 3922 das Chaos ist das Natürliche.
2127 3898 3006 3986 Diese faszinierende bengalische Beleuchtung des
2020 3952 3006 4008 weiten Landes gäbe freilich noch keine Bewegung,
2010 4002 3010 4063 keine Handlung, kein Drama; um dies zu ermögli¬
2015 4035 3008 4095 chen, tritt auch diesmal Schnitzlers dunkler Held,
2018 4104 3010 4147 Freund und Helfer auf: der Tod. Er spielt den
2023 4129 3005 4193 Auftakt, gibt den ersten Stoß. Wenn der Vorhang
2020 4180 3006 4245 aufgeht, ist der Tod schon dagewesen und hat seine
2017 4211 2995 4266 Vorarbeit bereits verrichtet. Nun haben nicht nur
