3392 4256
235 99 1199 214 24. Das weite Land
1351 120 1814 215 box 29/3
1403 1076 1934 1175 (Quellenangabe onne Gewanf.,
1096 1146 1542 1229 Ausschnitt aus:
1098 1251 1265 1303 vom:
1557 1205 2308 1329 Der Humorist, Wien —
1247 1258 1581 1354 EMRZTT
1494 1305 1625 1376 S
1125 1342 1190 1386 —
1193 1349 2333 1478 Aus Teplitz wird uns berichtet: „Der Spielplan
986 1371 2327 1516 miserer Bühne bot in der letzten Zeit wenig des Interessanten;
988 1429 2323 1565 's war daher begreiflich, daß die rührige Theaterleitung ein Stück
959 1490 2325 1624 „herausbringen mußte, das nicht allein die Leute ins Theater lockt,
978 1542 2324 1669 sondern an welchem auch die literarischen Feinschmecker sich ergötzen
973 1584 2305 1713 können. Um so freudiger ist es zu begrüßen, daß uns die Theater¬
971 1629 2318 1754 leitung die Bekanntschaft mit einem der neuesten Stücke von Artur
967 1689 2311 1807 Schnitzler, u. zw. der Tragikomödie „Das weite Land“ vermittelte.
971 1724 2302 1861 Wie in allen seinen Werken meiß Schnitzler auch hier angenehm
964 1778 2305 1909 zu plaudern und lebendige Menschen, keine Puppen auf die Bühne
950 1801 2306 1964 Zzu stellen, wenngleich die Personen in diesem Stücke wenig sym¬
954 1884 2298 2001 pathische Züge aufweisen und schwankende Charaktere snd —
975 1986 2315 2063 Darstellung an unserer Bühne gebührt volles Lob. Herr Ander
979 2022 2318 2110 wuchs mit der Rolle des Hofreiter und steigerte seine Leistung
981 2080 2314 2147 von Akt zu Akt zu imposanter Höhe. Herrlich gelangen ihm die
974 2121 2318 2198 vielfachen Wechselfälle seines Liebeslebens, wozu die Herbheit seines
980 2173 2310 2249 ganzen Wesens die richtige Note gab. Frl. Trebitsch offenbarte
981 2230 2313 2306 als Genia, auch in dieser schwierigen Rolle, die denkende Schau¬
968 2281 2318 2353 spielerin. Frl. Selbing (Erna) schön und kokett, aber wenig
977 2333 2308 2398 natürlich, Frl. Jelly, anfangs ziemlich unsicher, fand sich schließlich
973 2371 2315 2449 in das Wesen ihrer Rolle. Herr Schich (Dr. Mauer) bot eine
972 2423 2305 2508 prächtige, lebens= und geistvolle Figur. Zu nennen wären noch
966 2466 2312 2552 die Damen: Böcker, Landt, die Herren: Kraus, Elfeld,
969 2518 2312 2579 Saar, Steinhardt und Schwab. Das sehr gut besuchte
964 2567 2302 2651 Haus rief die Darsteller nach den Aktschlüssen wiederholt vor die
970 2624 2304 2702 Rampe. Direktor Richter hat mit großer Sorgfalt die Vor¬
961 2651 2305 2747 stellung vorbereitet und stimmungsvoll inszeniert. — Es wäre
965 2714 2308 2785 kein Verlust für die deutsche Bühnenliteratur gewesen, wenn die
961 2763 2305 2852 Posse „Filmzauber“ auch weiterhin im Archiv geruht hätte, aber
960 2808 2309 2902 das Sonntagspublikum wollte nun einmal seinen Tribut haben.
957 2862 2305 2947 Darum wollen wir der Direktion wegen der Wiederaufführung
961 2913 2309 2985 dieses seichten Stückes, das seine Existenzberechtigung eigentlich bloß
963 2965 2295 3045 einer einzigen guten Szene verdankt, nicht grollen. Der Zweck wurde
956 3014 2300 3074 erreicht, die Einnahme war gut und die Zuschauer haben sich bei
953 3065 2294 3146 den guten alten und neuen schlechten Spässen recht gut yunter¬
955 3115 2301 3179 halten. Um die Aufführung machten sich die Damen Restler,
958 3160 2288 3247 Jelly, Ahne, Böcker und Selbing, die Herren Stein¬
951 3196 2302 3291 hardi, Schrecker, Schich, Schwab und Kyaus sehr
954 3248 1171 3317 verdient.“
2083 3281 2254 3344 S. K.
