3344 4320
626 3851 761 4028 *
681 3968 836 4087 70
1048 70 1287 129 Nr. 211
2457 116 3089 181 Mainzer Journal. G
945 141 1988 236 Kinder aus dem ersten Stock retten konnte. Als sie
1995 147 3063 252 denning, Frau Rothe, die Heren Prockt, Schroder,
936 195 1992 282 das 3. Kind holen wollte, schlug der Rauch und das
1997 218 3048 298 Manz, Knauth, Dörner, Schlorthauer, Hüner, so¬
927 234 1984 326 Feuer aus dem Dache des Stalles nach der Wohnung
1998 255 3044 329 wie die übrigen Mitwirkenden ließen es an sich nicht fehlen
1998 295 2837 378 Doch versungen und vertan! Und das mit Recht.
936 305 2000 360 über, so daß ein nochmaliges Eindringen in das
2946 318 3048 370 ad.
923 332 1996 413 brennende Haus als sehr gefährlich erschien. Da eilte
923 390 1993 474 ein wackerer Arbeiter: der Taglöhner Matheis zwei¬
2073 390 3056 482 Es war zu Beginn der neunziger Jahre, als sieben ein¬
930 433 1991 514 mal in das Gebäude und holte durch Rauch und
1988 419 3052 507 aktige Theaterstücke unter dem Gesamttitel „Anatol“ von dem
1987 469 3049 531 damals literarisch ganz unbekannten Wiener Arzt Dr. Arthur
963 480 1986 570 lammen hindurch das 3. Kind der Familie Klippel¬
1993 520 3055 580 Schnitzler erschienen, behandelnd Liebeleien eines halb sentimen¬
949 529 1977 628 ad aus dem 2. Stock das Kind der Wwe. Schramm.
1997 551 3047 630 talen, halb frivolen Wiener Lebejünglings. Heute ist dieses
945 574 1665 649 der Brand selbst war bald gelöscht.
2003 592 3056 662 Werk durch die reiche literarische Produktion seines Autors längst
1985 625 3052 704 überholt, wenn auch nicht in sich selbst überwunden. Die
1019 636 1984 709 Studentische Unterrichtskurse für Arbeiter
1995 671 3041 740 Schnitzler'sche Melodie in Schumann=Stimmung kehrt in „Liebelei“
928 681 1979 765 und Unterbeamte. Zu dem „Volksabend“ am Frei¬
1997 708 3043 781 wieder, des weiteren u.a in „Der einsame Weg“ und „Zwischenspiel“
926 723 1982 815 tag abend haben die Kursteilnehmer freien Eintritt.
1996 747 3044 813 Sie ist es die dem neuesten Schnitzler „Das weite Land“
1984 782 3045 853 den Grundakkord gibt. Wie so viele neben ihm, ist auch er
920 786 1986 861 Die dazu nötigen Karten sind Montag, Mittwoch und
1987 822 3041 901 nur auf das eine Thema eingestellt: Das sexuelle Problem.
926 832 1984 916 Donnerstag abend von 8½—9 Uhr im Unterrichts¬
1992 862 3044 935 Das erotische Seelenleben ein weites Land — der unbegrenzten
917 869 1563 956 lokale in Empfang zu nehmen.
1994 899 3050 972 Möglichkeiten. Ein sieggewohnter hommes à femmes im Herbst
1011 936 1982 1007 Main=Kanalisation. Heute am 16. Oktober
1984 938 3046 1023 des Lebens; eine Frau, die sich dem einen versagt, ihn in den Tod
1990 978 3041 1048 treibt, den zweiten Liebhaber ohne ethische Hemmungsgründe
914 966 1978 1057 sind 25 Jahre vergangen seit der feierlichen Eröffnung
1991 1018 3048 1086 erhört Ein junges Mädchen, das sich dem brutalen Genießer
916 1018 1977 1111 der Main=Kanalisation. Am Samstag, 16. Oktober
1994 1058 3045 1131 planlos preisgibt. Der Bonvivant in Stimmung der Marschallin
922 1071 1979 1140 1886 wurde von Höchst a. M. aus zu Schiff die Ein¬
1983 1095 3043 1187 im „Rosenkavalier“ v. Hoffmannsthals Des weiteren eine
915 1122 1975 1198 weihung des kanalisierten Main vorgenommen. Der
1987 1133 3041 1225 Ehe, in der die Geschiedene den Fehltritt des Mannes nicht zu
907 1170 1979 1252 kanalisierte Main hat die in ihn gesetzten Hoffnungen
1988 1175 3010 1238 vergessen vermag, ohne ihn zu hassen; der Ehemann kennt ka¬
1976 1209 3032 1280 seinen Sohn, flattert von Erlebnis zu Erlebnis. Immer weide
915 1222 1974 1296 erfüllt. Der Verkehr würde noch bedeutender sein, wenn,
1977 1252 3046 1324 neue Typen, zuletzt der lachende Genießer, wie er selbst betrogen!
903 1257 1969 1337 wie in der gestern in Wiesbaden stattgehabten
1988 1287 3041 1361 den jugendlichen Verführer im Duell niederknallt: „Man will
901 1291 1974 1387 7. ordentlichen Hauptversammlung des „Vereins zur
1981 1326 3045 1396 kein Trottel sein!“ Man entsinnt sich Baudelaires zynisches
909 1344 1970 1432 Wahrung der Rheinschiffahrtsinteressen" dargetan wurde,
1973 1367 3037 1444 Wort: Letzte Quelle des Hahnrei=Schmerzes, sein verletzter
1976 1403 3041 1484 Dünkel. Die Konvention siegt über die bedonistische Lebens¬
908 1405 1975 1494 die Kostheimer=Schleuse nicht unzulänglich sei, die erst
1981 1443 3029 1511 philosophie dieses Reigenführers. Noch ein letzter Aus¬
901 1445 1965 1526 verbessert werden soll, wenn das Schiffahrtsabgabenge¬
1974 1483 3036 1557 blick, das zurückkehrende Kind, das vielleicht die mehrfach brüchige
909 1496 1378 1571 setz Giltigkeit erlangt.
1976 1521 3046 1594 Ehe wieder zusammenkittet. Schnitzler gibt nur Stimmungs¬
1004 1552 1972 1628 Der Katholische Kaufmännische Verein feierte
1980 1557 3042 1627 reize, ein Reigentanz im Chaos des Seelenlebens in
1981 1594 3029 1660 seinen verworrensten Seitengängen, zuletzt steht fast jeder allein
898 1589 1971 1690 gestern sein Stiftungsfest. Ein eingehender Bericht
1975 1637 3030 1691 in Entsagung, Alter, Reue 2c. — das Ringelsviel der Sinne
904 1639 1350 1709 wird morgen folgen.
1973 1675 3029 1729 ein betörender Wahn! Neu die Problemstellung: der Ehemann
1003 1685 1968 1770 Lisztjubiläum. Am 3. November findet zur
1975 1711 3028 1782 der von der Tugend seiner Frau, die damit den Freund in den
899 1723 1961 1813 Feier des 100. Geburtstags von Fr. Liszt auf
1968 1752 3032 1819 Tod getrieben, zurückschaudert. Ein Dialog von geistvollen Nachdenk¬
898 1778 1973 1847 Veranlassung der Mainzer Musiksektion eine Feier
1966 1787 3028 1858 lichkeiten und psychologischen Finessen, daneben frivole Laszivi¬
907 1815 1963 1883 statt, zu der Herr Professor Dr. Neitzel einen seiner
1968 1823 3030 1897 täten, die ein moralisches Publikum nicht ungestraft passieren
907 1864 1963 1955 interessanten Vorträge über den Komponisten und
1970 1863 3024 1938 läßt. „Um alles in der Welt, sagt einmal Max Nordau, ge¬
1964 1905 3030 1982 statten wir dem Laster nicht, daß es der Tugend frech eine
901 1891 1852 1969 seine Werke hält. Näheres im Anzeigenteil.
1966 1941 3028 2006 Nase macht und die Zunge nach ihr herausstreckt. Zwingen
992 1952 1959 2033 Zur Teuerung. Die Eisenbahndirektion Mainz
1973 1981 3026 2045 wir es, ihr zu huldigen, auch wenn es dann hinterrücks nach
897 1993 1959 2074 übernimmt aus Anlaß der Teuerung die Bestellung
1960 2013 3029 2099 ihr Gesichter schneidet". Im gansen wie die vorhergehende
894 2037 1961 2118 von Winterkartoffeln für ihre Angestellten und Arbeiter
1970 2059 3026 2136 Schnitzlersche dramatische Historie: „Der junge Medardus“ (1910)
894 2093 1945 2171 und zwar für den Preis von 3 M. 50 Pf. per Ztr.
1963 2093 3047 2187 auch diese Tragikomödie in ihrer Wirkung als Theaterstück
1959 2134 2682 2198 eines starken Dichters — schwaches Werk.
890 2127 1974 2219 Den Arbeitern der Eisenbahn werden die Kartoffeln
2033 2184 3045 2254 Mainzer Stadttheater. Lohengrin von Richa###
883 2180 1951 2281 für die Hälfte des angesetzten Preises von 3 M. 50 Pf.
1960 2209 3015 2292 Wagner. Der bestrickende Reiz, der von den sphärenhchten
883 2237 1255 2304 berechnet werden.
1961 2262 3023 2332 Gralsklängen der Lohenorinmusik ausgeht, nahm gestern wieder
984 2288 1951 2364 Der neue Komet. Abends zwischen 7 und 8
1959 2296 3013 2357 das gut besuchte Haus in seinen Bann und versetzte die Zu¬
876 2312 1956 2417 Uhr konnte der unentdeckte Komet schon mit bloßem
1953 2340 3030 2415 hörerschaft in andachtsvolle Weihestimmung. Es wurde im
1953 2391 3026 2466 ganzen Wagner große Ehre angetan und besonders Kapellmeister
874 2380 1944 2461 Auge als ziemlich auffallende Erscheinung wahrge¬
1954 2421 3015 2489 Gorter im Verein mit unserem ausgezeichneten Orchester
886 2436 1949 2509 nommen werden. Der Stern steht am westlichen
1956 2452 3014 2515 leisteten Hervorragendes hinsichtlich überraschender Klangwirkun¬
879 2470 1955 2553 Himmel etwa 15 Grad unter und einige Grad links
1954 2492 3014 2576 gen und durchsichtiger Klarheit. Das Vorspiel bildete nach
873 2505 1937 2609 vom Großen Bären. Er ist an seiner nebelfleckartigen
1957 2532 3013 2611 diesen Seiten hin, wie auch in bezug auf imposante Steigerung
1958 2571 3005 2650 eine Musterdarbietung. Ueber die Besetzung der Solopartien
882 2569 1940 2652 Beschaffenheit deutlich von anderen Sternen zu unter¬
1946 2611 3005 2669 ist bereits in vergangener Saison eingehend berichtet worden.
881 2614 3013 2722 scheiden. Der nach oben gerichtete gerade Schweif ist] Es harf als ein erfreuliches Zeichen be rachtet werden, daß sich
876 2665 1948 2748 so lang, daß er bis in die beiden vordersten Sterne
1940 2686 3010 2754 im allgemeinen eine Vervollkommnung bemerkbar machte, die
875 2720 1942 2794 der Deichsel des Himmelwagens (Großer Bär) hinein¬
1944 2727 3008 2797 sich nicht allein auf einzelne Leistungen erstreckte, sondern die
1936 2762 3022 2830 auch das Zusammenspiel und die Ensembleszenen vorteilhaft!
873 2758 3000 2866 reicht. Der Schweif ist mit bloßem Auge vorläufig auszeichnete. Frl. Lauterbach sang die Elsa mit innigem
865 2815 1934 2906 allerdings nur als schwacher Schwimmer, aber doch
1936 2837 3005 2911 Ausdruck und jener ungekünstelten, rend Leidenschaft,
864 2854 1407 2923 sehr deutlich zu erkennen.
1941 2875 3002 2938 die uns diesen chenhaften Cyarakter menschlich verständlicher
968 2907 1935 2982 Schonzeit der Fische. Mit dem 15. Oktober
1937 2914 3012 2982 erscheinen läßt, wie die sonst beliebte überstarke Betonung des
1932 2968 3012 3029 visionären Charakters. Die Dame hatte ganz ausgezeichnete
875 2936 1928 3045 hat die Winterschonzeit für Fische im ganzen Groß¬
1935 2993 2999 3062 Momente, ie höchste Anerkennung verdienten und die einen
857 2998 1938 3087 herzogtum Hessen ihren Anfang genommen, sie endigs
1946 3033 2997 3106 großen nachhaltigen Eindruck hervorriefen. Auch Herr Nachod
864 3068 1931 3137 am 14. Dezember ds. Is. Während der Dauer dieser
1936 3075 2997 3135 fand für die Titelpartie Töne von höchstem Glanze und inten¬
859 3093 1926 3190 Schonzeit ist in den denselben unterworfenen Strecken
1930 3114 2994 3159 sioster Wirkung. Der schwebende Klang seines prächtigen
1934 3149 2990 3207 Organs eignet sich besonders für die Charakierisierung des edlen
864 3141 1928 3233 jede Art des Fischfanges verboten, insoweit nicht die
1934 3189 2995 3251 Gralsritters. Seine strahlende Höhe wie die unverbrauchbare
867 3198 1852 3269 in dem Gesetze vorgesehenen Ausnahmen eintreten.
1932 3221 3000 3299 Frische der Stimme berühren ungemein sympathisch, hingegen
952 3249 1928 3328 Fortuna. In die Königliche Lotterie=Einnahme
1933 3266 2992 3332 beeinnächtigte auch gestern wieder den vorteilhaften Gesamt¬
858 3296 1912 3391 von Heim dahier fiel der 2. Hauptreffer der 4. Klasse
1934 3297 3017 3371 einruck die Ungleichheit seiner Deklamation und das fort=#
854 3328 1235 3400 von Mk. 60 000.
1931 3339 3059 3419 währende Zutiefsingen, das fast während des ganzen ersten
1933 3379 2981 3429 Aktes sich bemerlbar machte. Herr Nachod möge auf die Ton¬
1923 3411 3058 3510 bildung größere Energie verwenden, dann kann es ihm unmöglicht
1923 3461 2989 3530 passieren, daß es zu solch andauernden Intonationsschwankungen
1048 3398 1746 3535 Musik und Theater
1920 3491 2984 3563 kommt, auch die Behandlung der Konsonanten dürfte durch eine
948 3513 1912 3592 Mainzer Stadttheater. Uraufführung der Tragi¬
1919 3537 3026 3606 präzisere schärfere Aussprache wesemlich gewinnen. Sehr Bei=] C
848 3526 1910 3623 komödie in 5 Akten „Das weite Land“ von Arthur
1931 3567 3000 3629 fallswürdiges bot wieder Frl. Hofmann, die hinsichtlich
850 3593 1914 3663 Schnitzler. — Schnitzler liest sich besser. Gespielt verliert
1928 3603 2986 3673 Energie und gesanglicher Willensstärke als Vorbild gelten kann.
842 3629 1909 3708 er. So war's auch beim „Jungen Medardus“. Wie sich Das
1916 3634 2983 3708 Die Szene vor dem Münster gelang ihr deshalb ausnehmend
848 3656 1915 3741 weite Land“ liest, weiß ich nicht, da es im Buchhandel noch nicht
1920 3691 2986 3740 gut. Herr Rupp als Telramund und Herr Rabot als König,
847 3708 1912 3784 erschienen ist. Glaube kaum, daß sein neuestes Musenkind auf
1914 3720 2986 3783 beide in ihrem Fach auf durchaus künstlerischer Höhe, vervoll¬
836 3740 1905 3818 der Bühne verliert; hat nichts zu verlieren. 5 Akte recht flott
1916 3761 2970 3825 ständigten das gesangsfreudige Ensemble. Trefflich bei Stimme
844 3794 1900 3853 gespieltes Konversationsbühnenstück Handelnde Personen recht
1921 3801 2983 3875 war diesmal Herr Breuer, der den Heerruser sang und dessen
843 3814 1913 3880 schwach, d. h. aufdringlich geschminkt gezeichnet. Ein Glüh¬
1909 3836 2959 3903 klangvolles Material gestern zur besten Geltung kam Die
845 3862 1912 3932 strumpffabrikant Frie rich Hotreiter, der die Fesseln der Ehe
1920 3878 2973 3948 Chöre waren mit Eifer bei der Sache, ließen aber hinsichtlich
842 3891 1904 3974 trotz seiner 40 Jahre nicht spüren will, ein Lebemann großen
1909 3923 2966 3978 Klangfülle, Reinheit der Intonation und dynamischer Schattierung
847 3937 1908 4007 Stils, der sich beshalb von seiner Frau Genia trennte, weil sie
1917 3956 2967 4023 hin und wieder zu wünschen übrig. Ueber die sachverständige
840 3970 1904 4047 ihm treu geblieben ist. Tugend. liebe! Ein Verehrer der
1914 3991 2965 4077 Regieführung des Herrn Steinveck ist nur lobwürdiges zu
832 4021 1899 4081 Frau, sein Freund, hat sich erschossen, da sein Werben an der
1917 4031 2086 4093 berichten.
831 4044 1903 4126 übrigens recht blassen Tugend Genias gescheitert ist. Der
830 4088 1914 4158 Mann macht der Frau Vorwürse, daß sie den Selbstmörder
2215 4100 2675 4180 Weinzeitung
