3344 4320
1333 64 1780 162 box 28/2
618 77 677 142 U
210 69 1188 181 24. Das defteLand
598 1119 929 1218 —
2546 1232 3298 1310 Lemnngung, üder die durch Arbc
355 1107 1295 1350 D delen
2548 1296 3300 1364 schwemmungen und Mißernten her
2544 1344 3296 1407 liche Hungersnot mit Massenenthauß
436 1287 1352 1446 n 9 %
2540 1388 3307 1455 drosselungen geantwortet. Und wiede##
1660 1423 2261 1508 n#
2543 1495 3306 1543 Augen des Glücklichen blinken, dem sei
1431 1500 2566 1563 hat er um seltsame, um ergreifende Begebenbssten einen
300 1489 886 1589 „Das weite Land.“
2537 1529 3281 1607 geschenkt. Der arme Junge fällt von
1434 1536 2558 1616 mystischen Schleier gezogen. Geheimuisvolle Pächte läßt
339 1562 1438 1628 Tragikomödie in fünf Akten von Mtiur Schnitler.
2550 1588 3287 1648 Sieger geblieben, aber er steht nun en
1435 1576 2548 1643 er um seine Menschen walten, die vergebenk gegen die
330 1615 1454 1674 Erstaufführung im Burgtheater am 14. Oktober 1911.
2540 1626 3303 1685 Trümmer, zu denen er seine bisherig
1432 1622 2545 1685 Schrecken, die auf sie hereinbrechen, sich zur Wehre setzen.
2548 1656 3296 1735 geschlagen hat. Er wird fortan nicht m
421 1673 2548 1741 Dunklen Trieben folgend, fürchtend und hoffend. Diesmal führt er uns einen Starken vor, einen jener
2551 1709 2820 1786 Sieger sein.
335 1699 1455 1776 hauchzend und wiederum jäh verzweifelnd, gleiten die
1438 1725 2551 1784 Kraftmenschen, die Gewaltiges mit Hebeln und Schrauben,
327 1740 1451 1824 Kinder dieser Welt ihr flüchtiges Leben dahin. Kaum
2628 1736 3303 1827 Mit klar bewußter Gestaliungsk
1431 1760 2555 1830 mit Dampf und dem elektrischen Funken vollbringen. Mit
329 1794 1438 1867 vermögen sie sich Rechenschaft zu geben von der Stunde
2543 1789 3302 1853 dies durchgeßührt. Auf breiter Grund
1446 1816 2552 1872 seinen Ziffern umklammert er das Erdenrund, seiner
325 1827 1449 1905 die eben vergangen, kaum ahnen sie mehr als das, was
2542 1835 3290 1908 Welt aus in der, über der sein Held
1437 1853 2543 1905 Energie gehorchen die Maschinenwertstätten diesseits und
326 1881 1454 1954 die nächste Stunde bringen werde. Sie vollbringen
2545 1887 3305 1949 Figur mit sorgfältiger Berechnung rich
1435 1898 2541 1949 jenseits des Ozeans. Seinem eisernen Willen ist bereits
2547 1922 3306 1988 in trefsend deutlicher Beleuchtung werde
324 1933 1451 1992 staunenswerte Berechnungen der Bahnen, die die Gestirne
1444 1939 2546 2002 Großantiges gelungen und die um ihn wirken und
2539 1973 3298 2043 erkennbar. In den ersten zwei Akten
333 1974 1446 2030 im Weltraum dahinziehen, sie beherrschen Feuer, Wasser
1452 1983 2547 2046 leben, erstannen über seine Tatkraft und Arbeitsfähigkeit.
2538 2024 3301 2087 mütige Stimmung fast auf jedem Wor
333 2008 1450 2092 und Erde und Luft, doch ihres Herzens tiesste Tiefen
1442 2015 2544 2085 Sie stannen, sie erschrecken über die machtvolle Gebärde,
2536 2058 3295 2131 Beld rast jener gefährlichen Höhe zu,
341 2065 1450 2124 ergründen sie nicht. Was hier träumt, schafft und ent¬
1444 2081 2542 2137 mit der er, achilos über alle Rücksicht hinwegschreitend,
2537 2098 3303 2166 entscheiden wird. Diese Menschen schei
326 2111 1450 2171 scheidet, das stannen sie als höchst merkwürdige vollendete
1441 2115 2546 2178 was er begehrt, an sich reißt. Keiner vermag mit ihm
2537 2144 3300 2210 zu haben, sie gehorchen dem geheimnis
326 2157 1457 2228 Taisache an, wenn es sichtbar und greifbar geworden.
1441 2158 2546 2220 Schrint zu halten, sie müssen zurückbleiben, die da
2535 2196 3306 2259 zener Gewaltige auf sie übt. Im scha
334 2187 1447 2262 „Wir gehen ins Dunkle“, sagt Frau Genig, die am edelsten
1441 2188 2547 2258 glaubten, an seiner Seite mit ihm so fortwandeln zu
2533 2243 3304 2306 dem stillen Vorwärisschreiten der Hundl
333 2237 1421 2311 angelegte Persönlichkeit des neuen Dramas Schninlers.
1441 2250 2543 2308 können. Sie schwanden von seiner Seite, und er schaute
2546 2284 3310 2352 ersten Akten stehen dann die jäh heu
427 2270 1459 2342 Weye dem Uebermütigen, der da glaubt, selbstherrlich
1437 2290 2547 2358 nicht zurück. Die anderen mögen wohl Grauen empfinden
2546 2329 3309 2385 scheidungen am Ende des 4. und 5.
335 2331 1452 2397 fein Schicksal bestimmen zu können, der da alles, was
1439 2333 2552 2395 um solche Eiseskälte, er aber lacht der Aengstlichen. Was
2538 2376 3305 2434 Tialog ist dieser Gestaltungsweise ansge
331 2360 1444 2426 er begehrt, an sich reißen zu können glaubt, der da ver¬
1445 2383 2551 2440 gilt ihm die Furcht, der Neid, die Wut der Feinde, was
2537 2419 3315 2476 anfangs in geistreichen Betrachtunge
338 2426 1451 2491 meint, mit seiner kühnen Kraft die Dinge dieser Welt
1449 2407 2540 2475 gilt es ihm, daß Frounde, die treu an ihm gehangen,
2544 2444 3307 2522 gebreiteten Farbentönen, dann aber schr
1446 2471 2548 2527 ihm verloren gingen, was gilt ihm der stille Wunsch der
324 2453 1449 2517 zu meistern. Tausendmal wird es ihm glücken und die
2541 2508 3304 2564 Sätzen voll harter Energie einher, bis
334 2515 1447 2575 Schwachen werden sich vor ihm beugen, tausendmal wer¬
1443 2501 2552 2574 Treuesten, die ihm angehören, was die schöne, vornehm
2535 2546 3291 2616 cyerne Worte ein Schicksal verkünden.
336 2548 1457 2617 den sich die Tinge so fügen, wie er es geplant. Stolz
1837 2560 2545 2618 die mit Leib und Seele ihm ganz
1439 2545 1859 2621 empfindende Gattin,
1439 2603 2548 2657 angehört, und nur ihm angehören will. Er, der Frauen¬
330 2583 1410 2647 schaut er auf die Kleinen zu seinen Füßen hernieder, c
2621 2587 3299 2666 Die Burg hat für die Bühnen
335 2640 1456 2710 sieht sie sich ängstigen und klagen, sie, die ihrer Schwäche
1447 2641 2552 2704 gunst raubt, wo es ihm beliebt, er zögert keinen Augen¬
2546 2643 3298 2709 Schnitzlerschen Novität ihr möglichstks —
1446 2678 2545 2744 blich, das eriräumte Glück seines bosten Freundes zu ver¬
330 2690 1450 2755 bewußt sind, er kennt keine Schwächen, er geht über
2546 2686 3298 2756 viel — geleistet. Wahrscheinlich ist der
1451 2732 2542 2799 nichten. Er eilt von seiner Frau, die ihm eben bewiesen,
2546 2725 3313 2796 gefolgt worden, wenn in der ersten Hä#
329 2721 1457 2794 derlei Regungen kühl hinweg, den sie bedeuten ihm Feig¬
1447 2765 2552 2839 welchen Schatz edelster Zärtlichkeit ihre Liebe für ihn bereit
332 2759 1448 2839 heit, Minderwertigkeit. Aber dann überkommt ihn, den
2539 2781 3317 2844 dem Spiel ein langsames Tempo auferl
1447 2822 2545 2874 hält, hinweg, um eine junge Mädchenblüte an sich zu reißen.
2535 2820 3295 2885 Stimmung des Publikums bedrückte. D
330 2817 1450 2875 Ueberstarken, beim tausendunderstenmal die furchtbare
1454 2862 2552 2921 Aber auch diesen Sieger ereilt das Verhängnis. Er muß
2546 2850 3276 2920 Herr Korff: er hat die gebotene
341 2855 1462 2922 Empfindung, daß ihm selbst sein eigenes Her; nicht ge¬
1451 2909 2564 2961 gewahren, daß er sein Weib von sich hinweg und in dio
2541 2902 3286 2971 energisch zusammengefaßt und eine in
330 2908 1454 2989 horcht, er, der jedes Nervs, jedes Muskels Herr zu sein
1455 2949 2549 3008 Arme eines anderen getrieben. Er, der bisher des Zornes
2545 2952 3308 3021 stali fertig gebracht. Den Grundton für
329 2959 1457 3008 vermeinie, fühlt, wie ein dunkler Drang ihn vorwäris
1451 2984 2549 3048 betrogener Gatten gelacht und über solch' kleinliche
322 2990 1457 3068 stoßt. ins Unbekannte, ins Tunkle, das auch seine bisher
2543 2996 3298 3052 menschen hat er wohl zu tief gegriffen.
1451 3031 2552 3090 Empfindung den Stab gebrochen, er verliert die Herr¬
337 3034 1458 3110 mitleidslosen, scharfen Augen nicht zu durchdringen ver¬
2537 3049 3282 3112 reiter glauben wir allenfalls eine ge
1447 3082 3301 3141 schaft über sich selbst, er sieht sich blinder Wut verfallen, 1 Unternehmung, wir alauben an seine D#
327 3083 1466 3150 mögen. Wiederholt hat Schnitzler dies Thema bereits be¬
327 3137 3312 3211 handelt, episch und dramatisch. Mit starker Erzählerkunst sieht neidvoll das Gefühl siezreicher Jugend in den an seine verliebten Abentener, schwerlich
