3344 4320
1372 146 1800 238 box 28/4
663 168 738 221 W
238 153 1192 253 24. DasteLand
141 1316 565 1515 Csuce
142 1480 568 1593 #.7-44
1785 1594 1878 1661 Pahen a
813 1634 1943 1707 Frau, das wird sich später finden; aber jedenfalls sein —
809 1702 1992 1751 Just zu derselben Zeit rächt sich Frau Genia an ihrem Manne
152 1669 540 1771 und Musik.
814 1744 1987 1797 mit dem Fähnrich Otto Aigner... Nun sind sie quitt, denkt der
146 1755 450 1827 ch 1. Beilage.)
806 1793 1991 1839 schadenfrohe Leser und zitiert: wie du mir, so ich dir! Aber
814 1833 1996 1884 da hat er mit der Eitelkeit des Herrn Hofreiter nicht gerechnet —
139 1813 396 1901 g=Theater.
805 1865 1987 1925 Er koramiert den jungen Mann. Warum? Aus verwundeter
140 1873 781 1958 kas weite Land, eine Tragi¬
810 1899 1997 1968 Liebe, aus loderndem Zorn und kränkender Schmach? Also
144 1943 783 2018 rtur Schnitzler. Regie: Emil
800 1960 1987 2024 aus einer Augenblicksaufwallung immerhin? „Wenn es Haß
810 2001 1985 2063 wäre — Wut — Eifersucht — Liebe.“ — „Na ja, von all dem
142 2030 788 2102 kngweilig von der ersten bis zur
800 2038 1983 2101 verspür ich allerdings verdammt wenig. Aber man will doch
131 2079 795 2147 n Teil auch daher kommen, weil
804 2093 1995 2143 nicht der Dumme sein.“ Und geht hin und knallt den Otto
154 2127 789 2178 spricht und mit Moral und Ehr¬
800 2132 1997 2183 Aigner nieder, ob er gleich seiner Philosophie getreu gelebt und
140 2171 788 2238 ins das Verständnis fehlt. Wenn
1193 2178 1995 2230 Genia flüchtet in ihrem Schmerz zu der
813 2167 1188 2239 gehandelt hat..
147 2221 795 2273 auf eine Formel bringen wollte,
811 2223 1991 2282 Mutter ihres Liebsten und Hofreiter erklärt nach etlichen An¬
152 2263 787 2324 Jargon etwa sagen müssen: es
814 2267 1985 2324 merkungen über sich und seine Psyche („Hineinschauen in mich
150 2305 791 2366 kreuz. Mit allen Schikanen und
810 2311 1990 2366 kannst du doch nicht, kann keiner“ und so), nach Amerika zu
144 2349 795 2409 Laxheit, die selbstverständlich ist,
815 2360 2002 2411 wollen. Ich gehe mit dir, versichert Erna, die Braut aus den
163 2395 790 2459 auch Nichtphilister zum Gruseln
810 2390 1988 2452 Bergen. Aber nein, wehrt Hofreiter ab, „wird nicht ange¬
139 2442 789 2496 Inhalt, wenn man von einem
809 2444 1983 2504 nommen. Alles ist Täuschung. Aus, Erna, auch zwischen uns“
139 2476 785 2547 in paar Strichen skizziert: Frie¬
818 2457 1996 2538 Wetten wir, daß derselbe Mann, der jetzt ein „aus, Erna, auch
148 2531 783 2572 Frau, wie und wo er nur kann.
805 2523 1989 2587 zwischen uns“ spricht, in den Akten, die hinter diesen fünfen
133 2564 795 2623 irde ihr seine Abenteuer, falls sie
811 2580 1992 2627 liegen, dasselbe Spiel von neuem anheben wird! Das Schau¬
140 2624 793 2672 n Fall erzählen. Ein Gemüts¬
819 2618 1990 2677 spiel hat kein Knochengerüst, hat kein Fundament, hat keine
166 2659 799 2721 also jedenfalls. Einer seiner
813 2666 1994 2724 Pointe — Oder sollte sie etwa in jenen Sätzen enthalten sein,
133 2694 793 2759 seine Gattin, Genia, den Werbun¬
811 2692 1998 2753 die da betonten, „was für komplizierte Subjekte wir Menschen
142 2750 784 2807 widersteht und widerstehen wird.
821 2747 1994 2802 im Grunde sind? So vieles hat zugleich Raum in uns! Wir
147 2795 789 2855 tt Herrn Hofreiter dermaßen, daß
800 2797 1996 2854 versuchen wohl Ordnung in uns zu schaffen, so gut es gehr,
145 2832 789 2892 daß ihre Nähe ihn bedrückt und
812 2840 1995 2891 aber diese Ordnung ist doch nur etwas Künstliches—. Die
143 2879 789 2934 Weite und hinauf auf die Berge
807 2876 1985 2939 Seele — ist ein weites Land —!“ Nein, diese Ordnung ist
810 2923 1992 2983 nicht nur etwas Künstliches, diese Ordnung ist ein Produkt
137 2924 783 2975 ken Nebengedanken mitzunehmen,
142 2970 788 3032 n Bergen Erna Wahl, die Liebste
1450 2961 1991 3028 Charakter. Freilich, wer
810 2966 1456 3033 von Anlage, Erziehung und
136 3014 795 3067 nz Mauer, zu erobern. Und so tut
1475 3003 1985 3071 das Kribbeln kriegt
970 3005 1463 3072 bei jeder Schürze
816 3010 943 3071 gleich
1487 3046 1891 3119 herausfällt, dem
806 3058 1450 3115 und aus der „Ordnung“
160 3052 799 3118 Szene, im Klubsessel, in einem
159 3082 2008 3161 ihm, sein zu werden, nicht seineI nicht zu helfen, der soll aber nicht von „komplizierten Subjekten“
2961 1564 3222 1655 Samanuhr
2005 1642 3209 1706 reden. Denn seine Psyche ist letzten Endes doch verdammt ein¬
2019 1698 3209 1742 fach! Schnitzler wollte wohl eine Art von Apologie der Seiten¬
2009 1733 3208 1783 sprünge schreiben und wälzte lediglich die amüsante Niedlich¬
2003 1750 3222 1843 keit seiner Anatolweisheiten in ein fadenscheiniges Geschreibsel
2008 1824 3214 1872 für den Hintertreppenbedarf aus . .. Mehr als alle Anmer¬
2007 1866 3208 1921 kungen zu diesen fünf Akten charakterisieren den Geist, der in
2008 1898 3207 1956 ihnen lebendig ist, ein paar Vorkommnisse: Genia hat von
2000 1944 3206 1994 ihrem abgewiesenen Freier einen Abschiedsbrief erhalten, in dem
2013 1994 3214 2047 er ihre Tugendhaftigkeit für sein Ende verantwortlich macht.
2012 2036 3201 2094 Notgedrungen muß sie das Schreiben ihrem Gatten weisen.
2013 2086 3207 2143 Und der geht nun hin und — erzählt seinen Inhalt jedermann,
2990 2122 3207 2193 Hofreiter
2012 2131 2996 2175 der es horen oder nicht hören will .. . Gent! ...
2011 2178 3205 2222 kehrt früher heim, als er erwartet wurde. Er triftf seine Frau
2013 2207 3205 2271 im Garten im Téte-à-téte mit dem Fähnrich, läßt die beiden
2010 2257 3208 2301 im Hause verschwinden, hält draußen Wache, bis der junge
2017 2294 3212 2349 Mann durch das Schlafzimemr Genias aussteigt und — schläft
2009 2349 3203 2399 dann auf dem Wiesengrund einen erquicklich=süßen, tiefen
2256 2378 3206 2449 Gent .. . Und dann — dann erschießt er den
2017 2386 2186 2449 Schlaf
2015 2429 3177 2500 Fähnrich — um nicht der Dumme zu sein ... Gent ...
2099 2480 2538 2543 Schnitzler, Schnitzler!
2089 2496 3206 2587 Das Dichten deines menschlichen, allzumenschlichen
2011 2557 2751 2631 Herzens scheint böse von Jugend auf!
2101 2586 3205 2670 Ich füge nur noch ein, daß Irene Triesch als Genia
2016 2644 3210 2706 das Menschenmögliche tat, um menschenmöglich zu sein, daß
2021 2696 3215 2760 Heinz Monnard mit einer humorvollen Schnoddrigkeit über
2015 2746 3211 2798 die Tiefen und Untiefen seiner Rolle geschickt hinwegbalancierte
1998 2784 3215 2852 und daß Hilde Herterich dem vorwitzigen Liebeshunger der
2010 2830 3213 2902 „Siebzehnjährigen“ das philosophische Raffinement einer
2019 2872 3197 2927 rassigen Jöhre lieh. Aber auch die anderen, die Sussin,
2014 2926 3204 2981 Grüning, die Stieler, Reicher, Forest usw. usw. spielten, was das
2249 2979 3192 3020 — und trotz und alledem wurde es kein Erfolg.
2011 2967 2257 3027 Zeug hielt
2012 3014 3196 3083 Konnte es keiner werden, denn Schnitzler hatte nicht vorgesorgt.
2697 3052 3170 3133 Josef Buchhorn.
