3436 4256
317 222 1296 340 24. Das weite Land
1437 238 1898 333 box 29/4
1193 1336 1268 1399 Aseuten
1488 1336 1650 1424 Sssn
1920 1375 2685 1492 e
975 1388 2793 1538 Von Arthur Schnitzler, dem dank den Staats= von einem ins Böse verwandelten Emanuel
931 1433 1867 1524 anwälten heute meist genannten deutschen Dich¬
928 1466 1865 1574 ter, hat das Residenztheater das Weite Land
1869 1482 2794 1595 Quint, aus dem es zwischen Wolkenbrüchen von
929 1501 1863 1596 hervorgeholt, ohne diese Komitragödie beson¬
1875 1520 2552 1602 Worten auch jugendlich gewittert.
928 1536 1856 1645 ders entstauben zu müssen. Auch ein Reigen mit
1899 1569 2786 1656 Der Hahnenkampf, zu dem das Lustspiel¬
913 1577 1860 1679 den vielen verschlungenen Liebschaften — was
1869 1582 2784 1700 haus einlud, scheint ein älterer Heinrich Lauten¬
913 1621 1854 1725 wäre dieses aus Melancholie und Ironie und
1858 1638 2792 1737 sack zu sein. Hier hat er es nicht mit der Reli¬
922 1662 1777 1759 sehr weltmännisch verhaltener Entrüstung
1856 1679 2785 1783 gion oder vielmehr mit der Kirche und ihren
915 1700 1844 1799 prägte Stück für ein schönes Stück, wenn es sich
1847 1714 2786 1810 Dienern zu tun, sondern er klammert sich in vol¬
914 1739 1839 1839 in die Familienangelegenheiten der Wiener Ge¬
1849 1752 2781 1857 ler naturalistischer Rücksichtslosigkeit mit so der¬
913 1776 1831 1882 sellschaft vom Jahrhundertende nicht allzu
1855 1795 2785 1883 ben Organen wie ein junger Thoma oder ein
910 1824 1845 1922 pietätvoll eingelassen hätte! Wer hat heute noch
1846 1837 2785 1935 junger Ruederer an die Heimat der dicksten
894 1867 1832 1960 Anspruch auf fünf Akte? Arnold Korff, Irene
1843 1875 2768 1974 Knödel, der resolutesten Liebschaften und der
895 1894 1833 2001 Triesch und Rosa Bertens hätten für mich noch
1836 1920 2779 2021 noch ganz naturrechtlichen Wildererbräuche. Für
889 1937 1825 2035 drei Akte weitersvielen können. Aber wie be¬
1832 1956 2767 2052 Lautensack der nur Szenen schrieb — aber sie
893 1977 1822 2080 kommt man diese drei passendsten und wirksam¬
1825 1985 2776 2095 bringen nach Thoma, Ruederer und auch Gang¬
887 2020 1824 2126 sten Besetzungen wieder zusammen? Also den
1838 2032 2776 2137 hofer keine neuen ethnographischen Entbeckun¬
884 2061 1635 2146 Brüdern Rotter unseren ersten Dank!
1828 2081 2770 2179 gen —, war das Zuständliche, war die gewisse
928 2108 1812 2195 Friedrich Kayßler, der Herr der Volksbühne,
1821 2111 2768 2215 dicke und doch unschuldige Atmosphäre aus
879 2136 1816 2236 gab sich den Lear und war es auch, wenn er im
1824 2157 2780 2258 menschlichen Ausdünstungen die Hauptsache. Das#
877 2166 1813 2270 Schmerz erstarrte, wenn er nur sein Auge spre¬
1828 2191 2754 2295 Lustspielhaus legte mehr Wert auf das körper¬
869 2217 1802 2316 chen ließ, wenn er, selbst ein Sterbender, die
1819 2232 2768 2345 liche Ringen der beiden Haupthähne und auf das
867 2261 1793 2359 tote Cordelia herbeischleppte. Wer kann da
1815 2269 2752 2371 Totschießen. Aber sie knallten und luden zu
862 2301 1799 2392 widerstehen! Aber im ganzen war es doch mehr
1803 2301 2757 2427 stark auch mit Worten. Aus der blöden Ver¬
858 2341 1804 2432 ein weiser als ein törichter Lear. Kayßler man¬
1810 2355 2743 2457 bohrtheit des nicht sehr bayerischen, aber sehr
855 2375 1801 2483 gelt die Wildheit, die sinnliche Phantasie, das
1803 2396 2745 2492 menschlichen Gendarmen Hermann Vallentins
864 2420 1787 2518 berserkerhafte Toben aus Urelementen. Der
1807 2430 2737 2534 wurde in der Ueberanstrengung fast eine japa¬
851 2462 1791 2568 einzige Kerl auf der Bühne war Mary Dietrich
1802 2475 2729 2582 nische Maske, und Albert Bassermanns Apo¬
861 2492 1787 2597 mit ihrer Goneril. Sonst wohnte die Auffüh¬
1794 2516 2734 2610 theker wäre nicht weniger Nerv und Muskel ge¬
854 2522 1783 2645 rung mehr im menschlich Tüchtigen als im über¬
1796 2554 2737 2653 wesen, wenn er sich nicht so unnachlässig ausge¬
848 2568 1784 2677 menschlich Mythischen. Und dennoch, als alles
1789 2601 2730 2685 schüttelt und ausgeschrien hätte. Die neue Herr¬
849 2604 1785 2717 in fünfeinhalb Stunden überstanden war: wir
1787 2632 2726 2730 schaft des Lustspiellauses hat mit Schmidt¬
831 2646 1778 2756 hatten den Riesen unter den tragischen Dichtern
1778 2669 2717 2772 Vonn, Gerbart Hauptmann und Lautensack lön¬
836 2692 1771 2799 schreiten sehen, wie er segnende Blitze über die
1778 2707 2738 2830 lich angefangen; es bleibt ihr noch übrig, antes
834 2723 1780 2824 Erde streut. Vielleicht weil sich kein Regisseur
1774 2755 2188 2837 Theater zu machen.
827 2782 1773 2900 vermaß, ihm in den Arm zu fallen und ihn mit
2523 2800 2686 2870 A. E.
823 2816 1452 2909 neuen Stilschlingen zu binden.
865 2884 1763 2998 Von den neun ernsten Aufführungen, mit
822 2948 1769 3062 denen wir uns also wirklich nicht zu schämen
811 2972 1055 3046 brauchen,
1046 3008 1763 3078 waren nur zwei Uraufführungen.
816 3020 1756 3122 Paul Pandischs Passion im Neuen Volks¬
814 3071 1758 3175 theater habe ich nicht mehr erreichen können, und
812 3111 1756 3218 man sagt mir, daß ich den Verlust der Auffüh¬
812 3152 1758 3266 rung nicht zn bedauern habe. Es ist ein Welt¬
821 3199 1766 3315 anschauungsstück von einem schlimmen Heiland,
