3436 4352
341 124 524 204 24
755 143 857 203 W G
1460 145 1905 234 box 2975
529 135 1290 251 baseLand
1548 963 1683 1009 einem
1543 995 1694 1066 werke
503 1009 1050 1104 e Deutsches Volkstheater.
1550 1053 1718 1134 Volksop
658 1083 1513 1146 Schnitzlers „weites Land“ wurde im
1618 1105 1707 1185 Es
596 1136 1505 1202 Volkstheater zu einem Triumph für den Dich¬
1532 1158 1705 1230 die z1.
577 1189 1510 1254 fer. der sien beharrlich weigerte, persönlich
1532 1208 1709 1288 folg w.
589 1238 1516 1296 für die inm berefteren Ovationen zu danken.
1532 1268 1671 1327 nen,
576 1289 1498 1348 Diese Feststellung sei vorausgeschickt. Deshalb,
1531 1313 1705 1378 scheint:
580 1350 1504 1394 weil dadurch bewiesen wurde, daß Schnitzler
1536 1369 1644 1417 nen
576 1389 1503 1437 für Wien geblieben ist, was er war, obwohl
1536 1401 1689 1468 am W
589 1433 1514 1501 Eine bald böswillige, bald überlegen tuende
1545 1455 1686 1529 Erfolg
583 1485 1519 1531 Clique die Dinge gerne so schildert, als zolle
1540 1508 1696 1582 „Carm
592 1536 1505 1589 man den Werken dieses Mannes im besten
1548 1562 1699 1623 vergän,
589 1582 1504 1636 Falle nur noch Pietät, als gehöre er mit
1543 1603 1696 1678 einem
583 1645 1518 1697 all seinen Schöpfungen einer durch Krieg
1535 1651 1698 1726 mani
579 1678 1511 1747 und Umsturz gründlich überholten, längst
1538 1708 1696 1779 Ben g#
593 1733 1500 1784 unwirklich gewordenen Epoche an. Gewiß:
1544 1757 1676 1816 stadt
586 1785 1507 1839 es fällt uns heute auf, daß Schnitzlers Men¬
1538 1806 1691 1871 der ju
588 1836 1506 1895 schen viel sprechen, viel philosophieren und
1535 1860 1673 1921 denn,
584 1882 1511 1934 zwar über Themata, die in unseren Tagen
1542 1906 1703 1970 Intern.
590 1937 1505 2002 nur selten erörtert werden. Denn die Leute,
1542 1959 1688 2013 rische
579 1988 1514 2049 die zwischen einer politischen Intrigue, einer
1546 2004 1687 2065 kunft
591 2038 1509 2092 unsauberen Schiebung und einem neuen Bar¬
1547 2055 1677 2117 oper:
592 2072 1514 2136 tanze leben, kämen sich lächerlich vor, müß¬
1545 2092 1689 2184 liches
582 2133 1517 2192 ten sie auf einmal, statt über dies: Ange¬
1731 2145 1848 2234 uns
587 2179 1502 2241 legenheiten, über Seele, Liebe, Familiensinn,
1710 2217 1849 2273 Wadi
1541 2207 1677 2289 Ein
588 2234 1512 2303 Wahrheit und Lüge plaudern. Was keineswegs
1712 2267 1849 2326 Stadt
589 2291 1524 2352 besagt, daß ihre Aera noch lange dauern
1723 2312 1854 2384 solche
586 2338 1520 2393 muß. Auch die Börsenhausse, der die einen
1606 2334 1696 2406 D.
1717 2359 1851 2425 ir an
581 2381 1516 2433 und der Gleichheitstaumel, dem die anderen
1537 2393 1689 2452 reform
1695 2411 1858 2485 jungs¬
580 2430 1504 2485 ihre Entstehung verdanken, sind verstrichen,
1541 2448 1680 2512 gend,
1726 2460 1854 2514 dann
583 2480 1510 2530 rascher, radikaler, als man je glauben mochte.
1538 2499 1690 2558 beweg
1705 2481 1850 2572 Leben
581 2529 1513 2599 Höchstens in einer Posse taucht noch eine
1533 2546 1690 2605 Mannie
1712 2558 1850 2624 zähne
582 2570 1515 2631 Reminiszenz an diese Periode auf. Weshalb
1536 2583 1679 2657 wenig
1700 2607 1863 2670 zagern
580 2627 1519 2700 sollten die gegenwärtigen Verhältnisse und
1702 2651 1860 2713 n und
581 2674 1504 2742 Kritiker, denen Schnitzler ein Anachronismus
1540 2688 1855 2761 behö“ fenden
591 2729 1502 2785 wurde, ewig währen? Man hat die beiden
1538 2745 1853 2820 nur 80 zbieten
589 2769 1500 2836 Hauptrollen des „weiten Land“ im Volks¬
1537 2788 1853 2871 Steuer zur ge¬
582 2827 1503 2884 theater mit Korff und Wagner besetzt,
1530 2837 1694 2896 um ist
594 2865 1506 2940 wodurch ganz gewaltige Wirkungen erzielt
1539 2887 1742 2966 und 07
1745 2901 1852 2966 das
587 2926 1511 2986 werden konnten. Ueberhaupt waren Tempo,
1704 2951 1861 3025 mreise
585 2970 1520 3033 Auffassung und Geist des Stückes — Korff
1536 2974 1685 3043 Kinobr
591 3020 1493 3078 führte auch die Regie meisterlich — so
1542 3039 1701 3104 antwor
584 3069 1507 3136 überwältigend, daß man manche darstelle¬
1537 3079 1697 3140 wesen.
592 3120 1512 3187 rische Schwäche völlig übersah. In dem statt¬
1527 3124 1701 3195 zu ein
581 3166 1505 3228 lichen Ensemble ragten Lessen und die
1533 3179 1646 3241 Die
1703 3167 1820 3244 alve
592 3217 1512 3281 Förster wieder einmal hervor und bekun¬
1709 3237 1817 3286 Uhr
1540 3231 1677 3291 Laien,
583 3270 1508 3322 deten, daß es ein hoher Gewinn wäre, ihnen
586 3318 1407 3391 baldigst große Aufgaben zu eröffnen.
1544 3331 1701 3394 wenige
1538 3367 1699 3441 innere:
1536 3423 1692 3499 wiesen
663 3398 1521 3490 „Wenn ich wollte“ von Paul Ge¬
595 3472 1708 3529 raldy und Robert Spitzer ist die typische verkal
588 3524 1185 3597 Belanglosigkeit, in der ##
1703 3583 1825 3647 bisder
1737 3640 1834 3727 une
1715 3725 1819 3796 stem¬
1874 363 2021 439 —
2255 435 2635 542 Theater.
2142 522 2759 614 Rückblick — Aussisten.
1987 612 3022 663 Ob Zufall oder entschuldigende Gebärde eines takrscheren
1874 653 3016 718 Theaterdirektors: das Deutsche Volkstheater eröffnete
1873 714 3023 759 die neue Spielzeit mit Artur Schnitzlers „Das weite
1875 748 3021 806 Land“. Es bietet also, da ein zeitgemäßes Stück von gleicher
1871 809 3014 866 Güte nicht zur Verfügung stand, die beste dramatische Schilde¬
1886 850 2567 924 rung der Wiener Vorkriegsgesellschaft.
1971 910 3003 993 Wir haben ein bürgerliches Theater und ein Bauern¬
1877 994 3022 1043 theater, Schauspiele, für Bürger und Bauern geschrieben, von
1878 1030 3024 1091 diesen handelnd. Acht Zehntel, billig berechnet, der Zuschauer
1874 1086 3027 1139 und Zuhörer, Kopf= und Handarbeiter, sitzen den Vorgängen
1882 1122 3029 1185 auf der Bühne mit jener nicht zu stürmischen Teilnahme, auch
1877 1167 3031 1235 Neugier, gegenüber, die man der Mitteilung, dem Einblick in
1881 1219 3032 1275 durchaus fremdartige Schicksale zu widmen pflegt; sie sind, von
1880 1274 3014 1319 allgemein menschlichen Mitgefühlen abgesehen, ziemlich unbe¬
1877 1319 3028 1372 teiligt, da sie selbst nie in die geschilderte besondere, bestenfalls
1878 1363 3029 1422 in eine ähnliche Lage kommen werden. Es besteht für sie kein
1876 1406 3026 1456 Zwang, in das Theater zu gehen. Sie tun es: weil es so üblich
1886 1453 3026 1519 ist Weil sie eine Karte in die Hand gedrückt bekommen. Weil
1884 1504 3027 1564 sie einen Schauspieler, dessen Wesen ihnen zusagt. gefällt, sehen und
1884 1559 3026 1611 hören wollen. Literaten, die mit überspitzten, im ersten Augen¬
1885 1604 3022 1660 blick verblüfsenden Einfällen hausieren gehen, sprechen deshalb
1882 1655 2878 1722 vom sterbenden Theater, vom Untergang des Theaters.
1971 1711 3022 1793 Wir haben auch das soziale Drama gehabt. Es hinkte
1853 1752 3025 1848 #den Fortschritten des Sozialtsmus nach es schuf keine Voll¬
1875 1831 3020 1908 menschen, sondern Vertreter einer Gesellschaftsklasse, es waren
1878 1885 3023 1942 dramatisierte wissenschaftliche Abhandlungen über soziale
1878 1934 3022 1992 Fragen. Gerhart Hauptmann hat aus einem Buch „Blüte und
1877 1979 3025 2045 Verfall des Leinengewerbes in Schlesien“ Anregung und
1875 2031 3018 2081 Unterlagen für „Die Weber“ bezogen. Georg Kaijer ist außer¬
1874 2083 3023 2138 ordentlicher Professor der darstellenden Soziologie. Der große
1876 2132 3006 2190 Erfolg des Hauptmannschen Revolutionsstückes war nur mög¬
1875 2176 3021 2225 lich, weil das Publikum der teuren Plätze seiner Zeit, inner¬
1870 2228 3013 2283 lich zerrissen, von unklaren Zielen, die ganz. Angelegenheit
1874 2282 3021 2342 als eine Modesache betrachtete. „Sollte es ihnen noch nicht
1863 2337 3024 2385 aufgefallen sein, was für komplizierte Subjekte wir Menschen
1868 2379 3030 2435 im Grunde sind?“ sagt der Hoteldirektor Aigner in „Das
1877 2425 3019 2474 weite Land“. Das war einmal. Heute ist man nicht einmal kom¬
1870 2475 3028 2519 pliziert genug, „Die Weber“ anzuhören. Dieses Drama ist vom
1873 2530 3032 2597 Spielsplan der deutschen Bühne verschwunden. Es sitzen zwei
1873 2566 2278 2638 Parteien im Theater.
1973 2640 3012 2716 Das spüren natürlich unsere Dichter seit langem im
1875 2708 3023 2774 linken Ellbogen, sie verstümmeln, wenn's gefährlich wird, die
1887 2771 3023 2821 Sprache, oder flüchten auf geschichtliches Gebiet. Die Aller¬
1874 2818 3022 2875 jüngsten, die Brust, Brecht und Bronnen sind schon auf der
1878 2870 3026 2938 richtigen Fährte, aber auch ihnen, an dem rein bürgerlichen
1875 2916 3019 2985 Theater herangebildet, Theorie in den Adern, fehlt der Mut
1874 2968 3018 3014 zur Deutlichkeit, zur Klarheit. Das neue, das kommende
1890 3025 3019 3075 Drama wird nicht nur die soziale, sondern viel mehr die sexuelle
1880 3080 3010 3129 Not behandeln müssen; und dieses Theater der Zukunft, ver¬
1875 3123 3031 3203 göttert, bespien, aber beachtet, wird ungeheuren Zulauf haben.
2408 3182 2494 3234 *
1976 3184 3013 3282 Indessen nehmen wir noch an literarischen Leichen¬
1863 3261 3020 3335 begängnissen teil, hören teilnahmsvoll mit an was da das
1875 3314 3023 3384 ganz anders geartete Geschlecht der Väter zu leiden und zu
1876 3363 3021 3418 lieben hatte Es war von Dichters und Arnold Korffs
1878 3410 3021 3475 Gnaden eine sehenswerte, eine Gedächinisfeier erster Klasse.
1879 3460 3030 3518 Werden wir es erleben, zu der Geburtsfeier des neuen freien
2636 3509 2987 3574 Adolf Walter.
1878 3512 2360 3580 Dramas geladen zu sein?
2023 3652 2868 3756 Selchne on Safe
1815 3733 3040 3848 IIII., Dr.-Karl-Lueger-Platz Nr. 4
3020 2102 3205 2206 S
3088 663 3228 846 ∆
