3392 4608
1366 140 1817 236 box 28/4
254 168 1225 267 24. Das weite Land
1722 923 2958 986 den Fabrikanten Friedrich Hofreiter, gruppieren sich leicht skizzierte
1734 961 2956 1023 Typen aus der Wiener Welt. Vielerlei Fäden gehen hinüber und
1730 1002 2958 1051 herüber. Man hört von einem Freunde, der der vornehmen, still¬
1724 1037 2968 1085 resignierten Frau Genia den Hof machte und sich dann eines Tages
1718 1073 2957 1129 erschoß. In der Art, wie Friedrich seine Gattin über das Geheimnis
1728 1116 2969 1178 dieses Todes ausforscht, blitzt eifersüchtiger Argwohn auf. Sie zeigt
1729 1161 2959 1217 ihm den letzten Brief des Freundes — ein Geständnis, daß er
1719 1187 2953 1240 um ihretwillen, da seine Liebe nicht Erwiderung fand,
1729 1237 2956 1292 sich töten wolle. Beruhigt fällt Friedrich auf der Stelle
1725 1275 2952 1323 wieder in seinen spöttischen, frivolen Ton zurück. Es sei doch schade
1717 1314 2963 1356 um den guten Burschen, dem eine solche Kleinigkeit das Leben
1713 1350 2960 1410 kostete. Warum tat sie ihm denn nicht den Gefallen und nehme
1717 1396 2960 1446 Dinge, die es nicht wert sind, stets so schwer? Weshalb muß sie so
1714 1441 2963 1505 anders sein wie er? Das drückte ihn. Er möchte reisen, um wieder:
1724 1469 2469 1528 in das richtige Gleichgewicht zu kommen.
1795 1502 2950 1553 Der dritte Akt, von drolligen Touristenepisoden eingerahmt,
1716 1552 2953 1604 spielt in einem Alpenhotel. Ein kokettes, romantisch abenteuerlustiges
1729 1593 2963 1663 Fräulein, Friedrichs Weggefährtin auf einer waghalsigen Kletter¬
2669 1633 2703 1657 „
1722 1627 2954 1677 tour, hat ihn in hellen Brand gesetzt. Ein Rausch verzebrend wilder
1717 1669 2960 1703 Leidenschaft steigt plötzlich in ihm auf, der bequeme Cyniker stammelt
1721 1704 2953 1759 verzückte Schwüre. Ein ehrenwerter Bräutigam erwartet sie, er selber
1724 1746 2954 1800 ist gebunden. Was tuts? Wenn sie sich ihm ergibt, will er sein
1725 1779 2956 1839 Weib verlassen. Ein Komödiant, der in dem Augenblick der Rede
1729 1821 2959 1880 selbst felsenfest an jedes seiner Worte glaubt. Wer kennt sich in
1719 1865 2961 1931 dem weiten Land der Seeien aus, wie weiß einer, der sich haltlos;
1719 1900 2631 1951 treiben läßt. Ziel und Richtung seines Handelns?
1803 1921 2964 1988 Frau Genia, die immerfort Zurückgewiesene, die keine Pflicht?
1711 1970 2960 2036 mehr an den Gatten bindet, findet für ihr Leid Vergessen
1727 2015 2964 2066 in der Liebe eines jungen Offiziers. Weshalb sollte ste dies
1718 2065 2945 2116 Treue einem Manne bewahren, der nichts als lästige Gewohnheit
1693 2102 2954 2157 darin zu sehen scheint. In der Nacht, als Friedrich, das Herz noch
1710 2142 2962 2197 voll von seiner neuen Leidenschaft beimkehrt, sieht er den Mann ins
1721 2176 2953 2220 ihrem Zimmer. Er hat den besten Scheidungsgrund. Doch nun,
1719 2218 2962 2272 da das, womit er in Gedanken schon lange spielte, Wirklichkeit ge¬
1726 2255 2956 2297 worden, faßt ihn hämisch bösartiger Geoll: Der rachsüchtige Instinkte
1722 2286 2967 2359 des in seinem Herrenrecht gekränkten Männchens. Und der momentane
1727 2336 2955 2375 Impuls, der ihm nach seiner ganzen Denkart als lächerlich grotesker¬
1730 2372 2962 2423 Atavismus gelten müßte, reißt ihn wie früher die Begierde, das
1723 2413 2968 2472 Mädchen zu besitzen, besinnungslos mit fort. Er zwingt den Lentnant#
1727 2452 2971 2502 durch eine ehrenrührige, vom Zann gebrochene Beleidigung zume
1722 2490 2965 2540 Zweikampf. — Die Gattin und die Geliebte, versöhnt in der Ge¬
1722 2523 2952 2591 fahr, harren zitternd auf den Ausgang des Duells. Blaß, m.it zerz
963 2499 1496 2627 Vorwärts, Berlin
1727 2566 2953 2628 wühlten Mienen tritt Hofreiter ins Zimmer. Seine Kugel traf det
1721 2611 2965 2675 Feind ins Herz. Nicht durch einen unglückseligen Zufall. Kalten#
1718 2655 2959 2710 Sinnes hat er gezielt. Ihn würgt der Abschen vor der Tat, in der##
1093 2617 1425 2748 M7 10 WI7
1716 2687 2951 2743 er sich selbst nicht mehr erkennt. Aus ists. Er schüttelt die
1721 2724 2953 2768 Geliebte von sich. Einsam will er ins Ausland flüchten. Viel¬
1712 2754 2953 2801 leicht kommt da die Stunde, wo er Mut gewinnt, die Bürdes
1707 2797 2943 2857 der verpfuschten Existenz von sich zu werfen. — Die Schilderung
1706 2846 2953 2914 ist nachdenklich und reich an interessanten Ausblicken — namentlich
1704 2871 2956 2938 auch in den Szenen zwischen den beiden verlassenen Frauen: Genia#
997 2881 1224 2958 Theater.
1717 2918 2401 2968 und der Mutter des jungen Offiziers.
540 2940 1706 3002 Lessing=Theater: „Das weite Land“ Tragi¬
1781 2964 2953 3020 Eine bis in die kleinen Nebenrollen aufs feinste abgetönte Auf¬
473 2997 1698 3050 komödie von Artur Schnitzler. Ein in die Jahre gekommener
1721 2982 2944 3053 führung unterstützte die Wirkung. Leistungen ersten Ranges waren
469 3042 1708 3089 Anatol, der aber neben seinen Liebeleien Zeit fürs Geschäft gefunden
1721 3040 2955 3082 Monnards verführerisch schillernder Friedrich Hofreiter und die
468 3075 1718 3127 und sich im Wechselspiel von Flirt und angespannter Arbeit doppelt
1716 3076 2970 3155 feinfühlige, menschlich rührende Frau Genia von Irene
481 3116 1959 3161 behaglich fühlt, ist in dem neuen Schnitzlerstück der „Held“. Um ihn, Triesch.
2808 3119 2939 3176 dt.
