3392 4320
660 141 734 204 W
1358 146 1826 244 box 28/5
252 134 1217 257 24. Das seite Land
1722 1227 2868 1291 zwingenden Macht, mit der hier seltsamste Schicksale in
1724 1261 2879 1327 ihrer wechselseitigen Verkettung, in ihrem sinnlich=übersinn¬
1734 1307 2883 1369 lichen Zu= und Gegeneinanderstreben gestaltet sind. Mit Recht
1733 1350 2870 1408 heißt dieses erschütternde Trama Tragkomödie: die tiefe
1726 1380 2881 1450 Notwendigkeit, mit der das scheinbar Widerspruchsvolle sich
1732 1416 2887 1484 vollzieht, läßt das Menschengetriebe wie einen Tanz wunder¬
1730 1455 2882 1527 lich wehrloser Marionetten erscheinen. Einen Tanz, den die
1730 1502 2875 1571 weiche Wiener Luft mit süßmelancholischen Schleiern umspinnt
1717 1541 2880 1593 und bei dem es auch nicht an eifrigen Springern fehlt,
1726 1580 2878 1641 die nur possierlich und gar nicht tragisch und doch im
1716 1627 2252 1697 Reigen unentbehrlich sind.
1815 1637 2890 1717 Das Schwebende und Verhaltene, das Schillern zwischen
1715 1693 2879 1764 Groteske und Trauerspiel wurde von der Regie (Basil) sehr
1719 1729 2885 1796 gut fühlbar gemacht. Steinrück und Frau von Hagen
1719 1775 2877 1847 schufen in den Hauptrollen Ausgezeichnetes; auch die meisten
1724 1813 2839 1897 Episodenfiguren wurder trefflich dargestellt. Dr. K. W.
1717 1903 2880 1960 „Die Hydra“. Ein Lustspiel in drei Akten ohne Ehebruch
628 1910 1654 2013 Neue Badische Landeszeitung, Meumi
1876 1947 2714 2011 und Situations=Komik von Karl Ettlinger.
2328 1994 2850 2068 München, 15. Oktober.
1811 2046 2883 2107 Wie bei Schnitzler ist auch bei Karl Ettlinger,
1732 2078 2881 2150 obwohl in ganz anderer Weise, der Untertitel lehrreich. Er
910 2050 1281 2196 44-
1725 2127 2885 2185 heißt: Ein Lustspiel in drei Akten ohne Ehebruch und
1722 2168 2886 2228 Situationskomik. Man sagt sich unwillkürlich: Schon hier,
1722 2203 2880 2270 schon auf dem Theaterzettel, ein Witz! Denn dies ist das
1726 2230 2886 2309 igentümliche: den meisten Autoren wäre ein Zuwachs an
1835 2281 2891 2346 aufs Innigste zu wunschen; bei Karl Ettlinger mochte
1723 2296 1851 2350 Wit
658 2278 1729 2350 Unser Münchener Korrespondent faßt seine Ein¬
1845 2320 2886 2384 fürchten, er habe davon zu viel. In gewissem Grade
1740 2327 1860 2390 man
579 2328 1731 2402 drücke von der dortigen Premiere der Schnitzlerschen Tragi¬
1735 2362 2890 2430 hat diese Furcht sich als begründet erwiesen. Auch die
590 2384 1271 2446 komödie im folgenden zusammen:
1737 2414 2655 2471 besten Witze, gehäuft ergeben noch kein Lustspiel.
675 2391 1721 2464 Der Titel ist symbolisch zu fassen. In einem nach¬
1826 2417 2898 2498 Auch bei Ettlingers Stück ist der Titel symbolisch ge¬
587 2449 1733 2506 denklichen Gespräch während des dritten Aktes fallen etwa
1735 2468 2882 2537 meint. Die hundertköpfige „Hydra“ ist das Publikum, aber
591 2499 1731 2554 die folgenden Worte: „Haben Sie bemerkt, was für kompli¬
1734 2501 2888 2575 der Kundige weiß sie in eine nützliche Milchkuh zu ver¬
1494 2532 1736 2588 — Was hat
595 2533 1505 2588 zierte Subjekte wir Menschen eigentlich sind? —
1729 2546 2886 2626 wandeln. Beispiel: Ein Theater, nach künstlerischen Prin¬
601 2573 1730 2623 nicht alles zugleich in uns Raum, Aubetung für die eine,
1738 2589 2890 2652 zipien begründet und geleitet, geht dem Bankrott entgegen,
1495 2606 1732 2665 Man ver¬
594 2621 1509 2671 Verehrung für andere, Treue, Treulosigkeit...
1736 2628 2893 2689 doch es bringt goldene Berge ein, sowie man entschlossen
605 2648 1731 2702 sucht wohl, etwas Ordnung in sich zu bringen, aber das
1735 2669 2896 2733 den Wünschen der blöden und gierigen Menge entgegen¬
596 2681 1736 2738 ist nicht das Natürliche. Das Natürliche ist das Chaos.
1734 2705 2894 2780 kommt. Ein zeitgemäßes Thema und — wie bei Ettlinger
1298 2719 1729 2785 Dieses Chaos Tiefen,
595 2734 1271 2779 Die Seele ist ein weites Land. ..“
1742 2748 2902 2815 nicht anders zu erwarten war — höchst amüsant behandelt.
591 2768 1742 2822 des weiten Seelenlandes verworrene Wege mit flüchtigem
1737 2791 2886 2853 Ein wahres Brillantfeuerwerk farbiger, sprühender, prai¬
599 2813 1734 2859 Lichte zu erhellen, hat Schnitzler versucht. Um es gleich
1744 2822 2895 2891 seinder Reden wird abgebrannt und die Zusage, daß nicht
605 2842 1729 2894 zu sagen: wie er es vermocht hat, tut es ihm keiner nach.
1741 2865 2884 2928 von Situationen, sondern allein vom Dialog die komische
600 2877 1737 2936 In keinem seiner früheren Stücke durchforscht er so hell¬
1740 2894 2889 2968 Wirkung ausgehen solle, treulich gehalten. Nicht viele
599 2923 1728 2976 seherisch, so geduldig das Labyrinth der erotischen Gefühle,
1735 2946 2892 3012 Autoren besäßen Geist und Geschick genug für ein solches
595 2956 1736 3016 wie sie (rus Hingebung und Härte, Demut und Eitelkeit,
1742 2996 2885 3044 Wagnis. Ettlinger hat beides im Ueberfluß, und in dieser
592 2998 1735 3058 Haß und Begehren sich unermeßlich mannigfach vererben.
1738 3017 2890 3082 Hinsicht darf man ihm gratulieren. Aber aus der gleichen
599 3049 1736 3094 Es ist leicht, die Mängel des Werkes aufzuzeigen; man wird
1740 3064 2894 3132 Eigenart, die den Vorzug der Arbeit ausmacht, folgen auch
600 3075 1732 3141 vor allem sagen: trotz mächtiger Spannungen und wirk¬
1735 3109 2892 3167 ihre Schwächen. Es ist — um nur ein Beispiel zu nennen —
602 3109 1743 3174 samer Höhepunkt ist es dialogisierter Roman. Nicht das
1742 3148 2891 3198 an sich noch kein Fehler, daß mit Ausnahme eines ver¬
604 3154 1744 3209 resolute Auf und Ab des Dramas, sondern das Nach und
1739 3186 2885 3235 logenen, gutmütigen, prahlerischen jüdischen Theateragenten
596 3187 1737 3251 Nach des wirklichen Lebens und der Erzählung, die beide
1744 3220 2890 3284 (überhaupt der besten Figur des Lustspiels) und einigen Neben¬
598 3231 1741 3287 auch rückläufige Bewegung und den Aufstieg in der Spirale
1747 3263 2902 3317 personen alle Leute in dem Stück zuletzt „umfallen“. Der
591 3280 1740 3326 kennen. Doch diesem Einwand mag nachgrübeln, wer daran
593 3303 2902 3370 Freude hat. Er ist belanglos gegenüber der Fülle und edle Kunstfanatiker Lindt wird zum aeckenbaften Geldmacher,
