3392 4608
226 168 1195 266 24. Das weite Land
352 1034 481 1102 14s0 —
338 1069 1249 1136 Quell seines Humors, der in dem königlich
351 1116 1265 1183 sich wegwerfenden, aber auch königlich sich
346 1159 1263 1230 beherrschenden Prinzen Heinz, im kecken.
348 1206 1265 1279 Küchenjungen Leon harmlos toll sich entlud
354 1253 1265 1314 und in dem boshaften Witz Richards 3. oder
352 1294 1258 1363 Mephistos einen tragischen Klang annahm.
344 1332 1263 1407 Kainzens Komik suchte stets einen geistigen
349 1381 1261 1445 Ausdruck in der überraschenden Pointe, im
355 1443 856 1507 Wortspiel, im Bonmot.
380 1448 1267 1530 Doch kam zu all dem noch ein Letztes, um
1073 1508 1151 1539 K
356 1512 1269 1584 ihn zum vollkommenen Herrn der Schonheit
357 1554 1271 1629 zu machen: die geistige Hoheit und innere
360 1603 1271 1671 Vornehmheit seines Auftretens. Die psycho¬
362 1647 1281 1713 logische Entwicklung, die in jeder seiner Rol¬
357 1708 1276 1756 len zutage trat, spiegelte sich in seiner Er¬
364 1737 1274 1803 scheinung und umwob ihn mit der stillen
356 1771 1277 1844 Majestät des geistigen Kämpfers, der seinen
359 1824 1264 1887 Idealen sein Glück geopfert. Den schwäch¬
345 1868 1280 1951 lichsten und haltlosesten Gestalten gab er da¬
1162 1903 1279 1968 Damn
1346 144 1806 243 box 28/4
1906 993 2085 1074 Grege
2190 1011 3113 1094 chen die Hände im Spiel gehabt und die
1276 1031 2190 1118 Wahnsinns hinstreifen. Der Schauspieler
2199 1070 3116 1148 Plätze nach Gutdünken verteilt. Denn was
1267 1093 2181 1169 stand hier an der Seite des größten Dich¬
2195 1120 3111 1196 erträglich ist, hängt im D. echschnitt gut;
1265 1138 2179 1203 ters auf der Sonnenhöhe des Genies; er
2189 1170 3108 1237 weniger gut, was weniger erträglich, und
1263 1188 2185 1247 durchlebte alle die Qualen und Wonnen, die
2192 1210 3111 1281 schlecht, was fraglos Kitsch ist. Also scheint
1262 1229 2189 1289 das Denken im Menschen erzeugt, und offen¬
2206 1252 3110 1324 es doch ganz ohne Jury nicht zu gehen. Nur
1274 1278 2191 1337 barte in diesem höchsten Gebild der Kunst
2193 1309 3123 1388 weiß man hier nicht genau, wer die Juroren
1279 1319 2181 1386 das Höchste, das seinem Wesen vergönnt
2200 1366 2311 1427 sind.
1269 1365 2196 1429 war: die liebende Erkenninis des Alls, die
2239 1368 3129 1465 Die veranstaltenden Künstler nennen ihr
1273 1409 2195 1482 unserm Geiste die Geheimnisse des Himmels
2193 1430 3127 1498 Unternehmen „eine notwendige Ergänzung
1279 1462 1832 1523 und der Hölle aufschließt!
2207 1498 3128 1544 der bestehenden Jury=Ausstellungen“. Ob sie
2211 1522 3120 1592 recht haben, wird sich mit der Lebensfähigkeit
2212 1574 3129 1638 ihres Unternehmens erweisen. Und es ist
2201 1607 3121 1691 wohl möglich, daß von Zeit zu Zeit sich hinter
1310 1581 2164 1699 Die juryfreie Kunstschau
2207 1674 3126 1731 den Juryschranken immer soviel unerkanntes
1503 1683 1969 1791 Berlin 1911.
2204 1700 3138 1781 Talent und soviel mißvergnügte Mittel¬
2204 1746 3133 1815 mäßigkeit ansammelt, daß eine juryfreie
2301 1787 3144 1853 M Au
1309 1757 2211 1844 Aus Berlin, 14. Oktober, schreibt man
1281 1827 2195 1890 uns: „Juryfreie Kunstschau“ nennt man's
1296 1860 2195 1928 in Deutschland. In Paris heißt es „Salon
1289 1915 3322 1996 des réfusés“. Die französische Bezeichnung  Magdeburgische Zeitung —
3236 1958 3300 1997 —.—
1286 1953 2201 2022 ist die deutlichere, die umfassendere, vielleicht
3251 1979 3309 2026 325
3045 1963 3121 2021 Prrmn.
2894 1978 3000 2034 1910
3168 1963 3225 2022 2222
2232 1978 2456 2037 FEREEIRRRR AT E
2514 1988 2631 2034 Nr. 6
3038 1996 3085 2042 920
3230 1992 3296 2044 2
3111 1968 3217 2068 8200
2898 2011 3002 2049 —
2977 1975 3043 2050 —
1279 2007 2206 2071 auch die ehrlichere. „Juryfrei!“ Das ruft
2462 2012 2664 2059 —
2833 2023 2897 2063 2
3237 2025 3299 2066 Paar
2196 1992 2327 2085 Me hr
3041 2030 3107 2069 2r.
2933 2040 2981 2074 Gn
2853 2045 2896 2076 an
2310 2005 2404 2089 Sr
2575 2052 2629 2081 an aud
3205 2043 3313 2090 WAR
2486 2048 2562 2082 ne
3148 2042 3201 2093 72
2340 2058 2397 2113 2 55
2708 2032 3110 2110 n rurtr ru
2461 2036 2715 2101 erereen erne
2213 2056 2303 2113 Srrar
1287 2050 2204 2112 im biedern deutschen Gemüt alsbald das
3177 2070 3294 2128 G
2772 2084 2931 2124 Sne enen erenn
2676 2076 2754 2143 *
2894 2083 3073 2155 I REE E
2741 2098 2829 2158 22
2211 2100 2338 2161 Kurtakern un
2497 2089 2699 2161 eeerer
1288 2091 2193 2156 Mitleid, das Gerechtigkeitsgefühl, den hei¬
1293 2138 2203 2196 ligen Zorn aller, die sich unterdrückt wäh¬
1292 2183 2207 2247 nen, zugunsten der „Juryfreien“, der Ketten¬
2576 2193 2937 2266 Ausschnitt.
1302 2228 2219 2289 sprenger, auf. Die Aussteller im „Salon
1306 2267 2220 2332 des réfusés“ bekennen ganz einfach: wir
1302 2320 2222 2390 haben uns vor den Kunstrichtern der großen
1308 2363 2217 2437 offiziellen Ausstellungen nicht durchsetzen
1299 2405 2221 2467 können; wir glauben aber doch, daß wir
1305 2448 2217 2516 etwas der Welt zu sagen haben, und darum
2614 2385 2954 2530 11 10. 1911
1298 2486 2227 2579 wollen wir jetzt hier zeigen, was wir kön¬
1305 2554 1423 2607 nen.
1330 2561 2219 2661 In Berlin haben sich also jetzt „juryfrei“
1302 2632 2219 2692 alle die „Réfusés“ zusammengetan, die weder
1305 2678 2230 2745 in der Großen Berliner Kunstausstellung
1306 2722 2223 2777 noch in der Sezession bisher zu Wort kamen.
1315 2777 2229 2826 Eine große Menge anderer bisher namen¬
1308 2803 2238 2876 loser Künstler aus den übrigen deutschen
1311 2856 2233 2916 Gauen ist zu ihnen gestoßen. Das Ergebnis
1312 2895 2229 2963 dieser ersten „Juryfreien“ in Berlin sind
2286 2839 3105 3001 Berliner Theaterbrief.
1308 2948 2225 3005 rund tausend Gegenstände der bildenden
1300 2971 2240 3061 Kunst, die in einem großen, im Hofe des,
2255 2966 3155 3085 „Das weite Land“. Tragikomödie vor
1301 3018 2220 3095 Hauses Potsdamerstraße 39 belegenen Ate¬
2456 3044 2981 3120 Arthur Schnitzler
1311 3069 2228 3137 lierbau schlecht- und recht aufgestapelt sind.
2277 3089 3172 3161 Der geistvolle, seinfühlige Wiener Dichter hab
1315 3136 2229 3185 Der erste Eindruck ist der eines Chaos. In
2244 3151 3166 3218 sich diesmal mit seiner fünsaktigen Tragikomödie
1302 3169 2229 3229 drei, vier Reihen mußte man die Bilder
2238 3183 3165 3264 unseres Dafürhaltens doch wohl ein wenig über¬
1311 3214 2233 3273 übereinander hängen. Irgendeine sinngemäße
2236 3218 3163 3304 nommen. Fast hätten wir gesagt: verhauen.
1309 3260 2233 3332 Gruppierung war nicht möglich, da ja die
1307 3274 3173 3394 Wahllosiakeit oberster Grundsatz der Schau Der Titel kommt uns etwas verstiegen vor
2939 4039 3049 4133 —
