3392 4256
299 189 491 289 24
1405 200 1870 310 box 29/4
472 209 1267 307 Das weite-Land
1790 1079 3023 1175 Wauen Deut chianes — einc.. 6. 9e
1816 1117 1983 1177 S
2261 1134 2470 1203 S
1793 1161 3072 1278 sich lächelnd Gemeinheiten, verleumden einander so üppig, als
1801 1203 3054 1318 hätten sie weiter nichts zu tun. Denn daß der Glühstrumpffabri¬
1790 1245 3054 1355 kant Hofreiter neben seinen zahlreichen Liebeleien überhaupt noch
1792 1310 3066 1403 andere Interessen hat, glaubt ihm niemand, daß er aus verletzter
1799 1348 3058 1447 Eitelkeit, sozusagen im Stimmungsrausch, den Geliebten seiner
1783 1380 3048 1492 Frau erschießt, ergibt sich auch nur aus der seltsamen Problematik
1796 1438 3062 1539 Schnitzlers. Auch die andern Seelen, von denen Schnitzler den
1783 1473 3045 1574 Schleier nimmt, sind nur brüchig und sonst nicht besonders geformt.
1861 1534 3042 1633 Das Spiel glättete allerdings viel und gab Formen, wo nur
1783 1554 3044 1688 Skizzen vorhanden sind, oder es vereinfachte die schwülstigsten
1791 1614 3047 1726 Füllsel. Arnold Korff, der auch für die Spielleitung verant¬
1785 1659 3034 1772 wortlich sein soll, hatte wenigstens Haltung, wußte auch sich in
1780 1693 3030 1822 die Rolle des liebegirrenden ältlichen Mannes hineinzusinden,
533 1633 1385 1847 Klose & Seidel
1777 1743 3038 1847 aber mindesten drei Akte lang war ihm die Schnitzlersche Problema¬
1779 1791 3036 1899 tik selber problematisch. Irene Triesch, wie einst die Genia,
578 1785 1384 1934 Bureau für Zeitungsausschmitte
1782 1837 3033 1924 gab sich mit temperamentvollem Augenaufschlag der Rolle der bei¬
1770 1881 3038 1991 seite geschobenen Frau hin und kämpfte theatralisch deutlich für
572 1853 1396 1997 Verlin 10, 45, Georgenkirchplatt 21
1780 1927 3027 2039 ihr sogenanntes Ich. Seltsam ungleich, aber doch der Rolle an¬
1772 1961 3025 2078 gepaßt, benahm sich Gertrud Welker, die als kleines, schon
1766 2006 3035 2129 im Kern angekränkeltes Mädel mancherlei sympathische Züge
736 1974 1400 2117 Geutsone Tagesz
1765 2056 3021 2167 zeigte. Franz Schönfeld, Rosa Bertens, Heinrich
1773 2102 3021 2215 Schroth, Gisela Schneider=Nissen und andere gaben
558 2133 901 2233 Zeitung: —
1761 2137 3017 2250 sich Mühe im Sinne Schnitzlers, das weite Land ihrer Seelen zu
1012 2130 1245 2258 Erlin
1757 2191 1939 2268 zeigen.
2815 2238 2973 2305 H. K.
566 2202 1448 2344 Ort
1275 2289 1509 2394 —097
1826 2303 3017 2424 Ueble Stimmungsmache. Wir lesen im „Tag“ nach¬
570 2338 1090 2452 Datum: —
1751 2326 3001 2470 folgende Abwehr der unerhörten Versuche, die öffent¬
1153 2355 1327 2451 BWDV.
1750 2402 3010 2503 liche Meinung und damit das Gericht im Fall des „Rei¬
1747 2439 3009 2556 gens“ zugunsten der Angeklagten zu beeinflussen. „Eins
1756 2491 3000 2606 muß schon vor der Fällung des Urteils gesagt sein:
596 2542 1756 2634 „Das weite Land“, Tragikomödie von Arthur Schnitzler
1752 2527 2995 2641 eine derartige Beinflussung des Publikums hat sich die Tages¬
513 2558 1743 2669 (Residenz=Theater). Auch in der Blumenstraße ist dieser gewalt¬
1751 2578 3002 2679 presse noch niemals erlaubt wie in diesem Falle. Der Vorsitzende
532 2628 1763 2721 sam gestreckte Fünfakter, der schon vor zehn Jahren im Lessing¬
1748 2621 2995 2739 hat erklärt, er lese keine Berichte über die Gerichtsverhandlung,
1744 2661 3003 2788 um sich vor jeder Voreingenommenheit zu schützen. Wahrschein¬
519 2658 2997 2827 Theater gegeben wurde, nicht reizvoller geworden. Schnitzlers lich verfahren seine Beisitzer ebenso; es sind Berufsrichter. Hätten
530 2717 2989 2823 Entdecktrfahrt ins weite Land der Seelen ist vier Akte lang nichts! Geschworene zu urteilen, wie sollten sie sich bei diesen Angriffen
527 2757 2986 2916 als ein in Szenen aufgelöster Roman; erst der fünfte Akt ist auf den Ankläger, die Zeugen, die Sachverständigen den klaren
524 2806 2981 2962 knallig dromatisch, löst das Ganze aber allzu wienerisch schlampig Blick wahren! Ein früherer preußischer Justizminister. Herr
528 2848 2978 2999 auf. Diese Menschen lieben und betrügen in einem Alem, sie aus Heine, beschimpft die an dem „Reigen“ keinen Geschmack Finden¬
522 2891 2975 3057 Liebe lässig und nachsichtig, aus Eitelkeit haßerfüllt und rücksichts=den, als wären es rohe Idioten, und hält für die im Schnitzler¬
493 2912 3065 3110 los. Sie spielen sich und den andern Theater vor, sagen'schen Sinne sich auslebende Literatur eine Verteidigungsrede.
2085 3103 2298 3203 Ich erir
1877 3145 2174 3270 .
