<?xml version="1.0" encoding="UTF-8" standalone="yes"?>
<PcGts xmlns="http://schema.primaresearch.org/PAGE/gts/pagecontent/2013-07-15" xmlns:xsi="http://www.w3.org/2001/XMLSchema-instance" xsi:schemaLocation="http://schema.primaresearch.org/PAGE/gts/pagecontent/2013-07-15 http://schema.primaresearch.org/PAGE/gts/pagecontent/2013-07-15/pagecontent.xsd">
    <Metadata>
        <Creator>prov=University of Rostock/Institute of Mathematics/CITlab/Gundram Leifert/gundram.leifert@uni-rostock.de:name=ONB_Newseye_GT_M1+(htr_id=10810)::::v=2.4.2
prov=University of Rostock/Institute of Mathematics/CITlab/Tobias Gruening/tobias.gruening@uni-rostock.de:name=de.uros.citlab.module.baseline2polygon.B2PSeamMultiOriented:v=2.4.2
prov=University of Rostock/Institute of Mathematics/CITlab/Tobias Gruening/tobias.gruening@uni-rostock.de:name=/mnt/transkribus/LA/DEA/URO/LA_news_onb_att.pb:de.uros.citlab.segmentation.CITlab_LA_ML:v=2.4.2
Transkribus</Creator>
        <Created>2019-10-07T11:15:57.915+02:00</Created>
        <LastChange>2019-10-08T07:28:42.432+02:00</LastChange>
        <TranskribusMetadata docId="223964" pageId="9498561" pageNr="799" tsid="16506045" status="IN_PROGRESS" userId="40391" imgUrl="https://files.transkribus.eu/Get?id=FLWJCZFOTIMPZTFTTTWWGGRK&amp;fileType=view" xmlUrl="https://files.transkribus.eu/Get?id=IHINTWWGFGMEWXXTGPYKUUYK" imageId="6188783"/>
    </Metadata>
    <Page imageFilename="223964_0799.jpeg" imageWidth="3392" imageHeight="4224">
        <ReadingOrder>
            <OrderedGroup id="ro_1711442089329" caption="Regions reading order">
                <RegionRefIndexed index="0" regionRef="r1"/>
            </OrderedGroup>
        </ReadingOrder>
        <TextRegion orientation="0.0" id="r1" custom="readingOrder {index:0;}">
            <Coords points="97,32 97,4047 2945,4047 2945,32"/>
            <TextLine id="r1l1" custom="readingOrder {index:0;}">
                <Coords points="257,87 444,79 452,88 484,63 540,63 543,-6 501,-3 445,44 399,35 367,2 331,8 260,-4"/>
                <Baseline points="270,55 295,54 321,54 347,56 373,58 399,60 424,62 450,63 476,63 502,63 528,60"/>
                <TextEquiv>
                    <Unicode>24. D</Unicode>
                </TextEquiv>
            </TextLine>
            <TextLine id="r1l2" custom="readingOrder {index:1;}">
                <Coords points="657,64 677,63 679,61 691,71 709,70 706,8 690,9 684,14 675,7 655,8"/>
                <Baseline points="668,60 698,59"/>
                <TextEquiv>
                    <Unicode>0</Unicode>
                </TextEquiv>
            </TextLine>
            <TextLine id="r1l3" custom="readingOrder {index:2;}">
                <Coords points="502,96 1153,117 1215,105 1218,25 1133,41 1011,17 946,49 853,17 743,70 659,63 593,14 503,61"/>
                <Baseline points="514,75 548,77 583,79 617,80 652,81 686,82 721,83 755,84 790,85 824,85 859,86 893,87 928,87 962,88 997,89 1031,90 1066,91 1100,93 1135,95 1169,96 1204,98"/>
                <TextEquiv>
                    <Unicode>as1te Land</Unicode>
                </TextEquiv>
            </TextLine>
            <TextLine id="r1l4" custom="readingOrder {index:3;}">
                <Coords points="1360,98 1413,120 1458,108 1499,123 1553,104 1619,122 1662,101 1704,114 1727,99 1789,118 1829,100 1831,42 1785,25 1706,45 1602,32 1553,51 1460,28 1429,36 1407,20 1362,32"/>
                <Baseline points="1372,84 1398,84 1424,85 1450,85 1476,86 1503,87 1529,88 1555,89 1581,90 1608,91 1634,92 1660,93 1686,94 1713,95 1739,95 1765,95 1791,96 1818,95"/>
                <TextEquiv>
                    <Unicode>box 29/6</Unicode>
                </TextEquiv>
            </TextLine>
            <TextLine id="r1l5" custom="readingOrder {index:4;}">
                <Coords points="121,871 1897,899 1793,821 1630,863 122,802"/>
                <Baseline points="132,860 219,862 307,863 394,865 482,866 570,867 657,868 745,870 833,871 920,872 1008,873 1096,874 1183,876 1271,877 1359,879 1446,880 1534,882 1622,884 1709,887 1797,890 1885,893"/>
                <TextEquiv>
                    <Unicode>ière fois dans le ton de la simple#et cesi aussi est un présage menaçant.</Unicode>
                </TextEquiv>
            </TextLine>
            <TextLine id="r1l6" custom="readingOrder {index:5;}">
                <Coords points="1892,923 2801,938 2919,932 2920,899 2750,867 1894,854"/>
                <Baseline points="1904,897 1954,897 2004,899 2054,900 2104,901 2155,902 2205,903 2255,904 2305,905 2355,906 2406,907 2456,909 2506,910 2556,911 2606,912 2657,914 2707,916 2757,918 2807,920 2857,922 2908,924"/>
                <TextEquiv>
                    <Unicode>si on n’avait jamais été fäché. Pensez-vous,</Unicode>
                </TextEquiv>
            </TextLine>
            <TextLine id="r1l7" custom="readingOrder {index:6;}">
                <Coords points="128,911 1895,954 1893,898 129,871"/>
                <Baseline points="140,906 227,910 314,912 401,915 488,917 576,919 663,921 750,922 837,923 924,924 1012,924 1099,925 1186,926 1273,927 1360,928 1448,929 1535,931 1622,933 1709,935 1796,937 1884,940"/>
                <TextEquiv>
                    <Unicode>erité, Erna répond: &amp; Je taime v.Enfin, il raconte à Mauer qulil sait l’infidélité de</Unicode>
                </TextEquiv>
            </TextLine>
            <TextLine id="r1l8" custom="readingOrder {index:7;}">
                <Coords points="1901,956 2816,984 2918,971 2919,935 1902,909"/>
                <Baseline points="1912,947 1961,948 2011,950 2061,952 2111,953 2161,955 2210,956 2260,957 2310,959 2360,960 2410,960 2459,962 2509,962 2559,964 2609,964 2659,966 2708,967 2758,968 2808,969 2858,970 2908,971"/>
                <TextEquiv>
                    <Unicode>Erna, qu'ils boivent à notre santé? Pourquoi</Unicode>
                </TextEquiv>
            </TextLine>
            <TextLine id="r1l9" custom="readingOrder {index:8;}">
                <Coords points="128,963 859,979 875,929 766,944 709,920 446,935 129,910"/>
                <Baseline points="138,957 174,957 210,958 246,958 283,959 319,960 355,961 392,962 428,963 464,964 501,966 537,967 573,968 609,969 646,970 682,970 718,970 755,970 791,970 827,970 864,968"/>
                <TextEquiv>
                    <Unicode>ne acte se passe, comme le se¬</Unicode>
                </TextEquiv>
            </TextLine>
            <TextLine id="r1l10" custom="readingOrder {index:9;}">
                <Coords points="878,985 1891,1010 1893,952 879,929"/>
                <Baseline points="890,966 939,967 989,969 1038,971 1088,972 1137,973 1187,974 1236,976 1286,977 1335,978 1385,979 1434,980 1484,981 1533,982 1583,983 1632,984 1682,985 1731,986 1781,987 1830,988 1880,989"/>
                <TextEquiv>
                    <Unicode>Genia. Mais le sentiment qu’il éprouve est bien</Unicode>
                </TextEquiv>
            </TextLine>
            <TextLine id="r1l11" custom="readingOrder {index:10;}">
                <Coords points="1901,1011 2863,1028 2932,1014 2933,979 1902,956"/>
                <Baseline points="1912,997 1962,998 2012,999 2063,1000 2113,1001 2164,1002 2214,1003 2264,1004 2315,1005 2365,1006 2416,1007 2466,1008 2516,1010 2567,1011 2617,1012 2668,1013 2718,1014 2768,1016 2819,1017 2869,1018 2920,1019"/>
                <TextEquiv>
                    <Unicode>pas? La vie est si plaisante. Peut-étre vont-ils</Unicode>
                </TextEquiv>
            </TextLine>
            <TextLine id="r1l12" custom="readingOrder {index:11;}">
                <Coords points="134,1012 880,1037 882,973 135,963"/>
                <Baseline points="144,1003 180,1003 216,1005 252,1006 289,1007 325,1009 361,1009 398,1010 434,1011 470,1012 507,1014 543,1014 579,1015 615,1016 652,1016 688,1017 724,1017 761,1017 797,1017 833,1017 870,1017"/>
                <TextEquiv>
                    <Unicode>la Hofreiter, devant le tennis. Un</Unicode>
                </TextEquiv>
            </TextLine>
            <TextLine id="r1l13" custom="readingOrder {index:12;}">
                <Coords points="882,1020 1890,1056 1892,1001 883,969"/>
                <Baseline points="892,1014 941,1016 990,1017 1040,1019 1089,1020 1139,1022 1188,1023 1237,1025 1287,1026 1336,1027 1386,1029 1435,1030 1484,1031 1534,1032 1583,1033 1633,1033 1682,1034 1731,1035 1781,1035 1830,1035 1880,1035"/>
                <TextEquiv>
                    <Unicode>singulier: c’est une espéce de contentement.</Unicode>
                </TextEquiv>
            </TextLine>
            <TextLine id="r1l14" custom="readingOrder {index:13;}">
                <Coords points="1908,1050 2836,1095 2928,1074 2930,1014 1909,1010"/>
                <Baseline points="1919,1045 1968,1045 2018,1045 2068,1046 2118,1047 2168,1048 2218,1050 2267,1051 2317,1053 2367,1055 2417,1056 2467,1058 2517,1060 2567,1062 2616,1064 2666,1065 2716,1067 2766,1069 2816,1071 2866,1072 2916,1073"/>
                <TextEquiv>
                    <Unicode>apparaitre ensemble ici, se donnant le bras.</Unicode>
                </TextEquiv>
            </TextLine>
            <TextLine id="r1l15" custom="readingOrder {index:14;}">
                <Coords points="127,1061 805,1064 880,1092 881,1036 806,1019 128,1012"/>
                <Baseline points="138,1049 174,1051 211,1053 247,1054 284,1055 321,1056 357,1057 394,1058 430,1059 467,1060 504,1061 540,1061 577,1062 613,1062 650,1063 687,1063 723,1064 760,1064 796,1065 833,1065 870,1066"/>
                <TextEquiv>
                    <Unicode>e féter le retour du maitre de la</Unicode>
                </TextEquiv>
            </TextLine>
            <TextLine id="r1l16" custom="readingOrder {index:15;}">
                <Coords points="890,1069 1874,1103 1893,1057 891,1020"/>
                <Baseline points="901,1065 950,1066 999,1067 1048,1068 1097,1070 1146,1071 1195,1072 1244,1073 1293,1074 1342,1076 1391,1077 1440,1078 1489,1079 1538,1080 1587,1081 1636,1082 1685,1083 1734,1083 1783,1084 1832,1085 1882,1085"/>
                <TextEquiv>
                    <Unicode>Je n'ai pas ressenti la chose, dit-it à Mauer,</Unicode>
                </TextEquiv>
            </TextLine>
            <TextLine id="r1l17" custom="readingOrder {index:16;}">
                <Coords points="1899,1099 2701,1127 2767,1098 2737,1068 1901,1053"/>
                <Baseline points="1912,1086 1954,1087 1996,1089 2038,1091 2080,1091 2122,1093 2164,1094 2206,1096 2248,1097 2290,1098 2333,1100 2375,1101 2417,1102 2459,1104 2501,1105 2543,1106 2585,1108 2627,1109 2669,1111 2711,1111 2754,1113"/>
                <TextEquiv>
                    <Unicode>Nous devrions aller à leur rencontro.</Unicode>
                </TextEquiv>
            </TextLine>
            <TextLine id="r1l18" custom="readingOrder {index:17;}">
                <Coords points="131,1101 271,1121 885,1114 886,1058 854,1078 132,1063"/>
                <Baseline points="142,1096 178,1099 215,1100 251,1103 288,1104 325,1105 361,1106 398,1107 434,1107 471,1108 508,1108 544,1109 581,1109 617,1110 654,1110 691,1110 727,1111 764,1112 800,1113 837,1114 874,1115"/>
                <TextEquiv>
                    <Unicode>iln’a pu y assister. Il a été retenu</Unicode>
                </TextEquiv>
            </TextLine>
            <TextLine id="r1l19" custom="readingOrder {index:18;}">
                <Coords points="887,1118 1767,1147 1889,1131 1890,1096 888,1074"/>
                <Baseline points="898,1111 947,1113 996,1114 1045,1116 1094,1117 1143,1119 1192,1120 1241,1122 1290,1123 1339,1124 1388,1125 1437,1126 1486,1127 1535,1128 1584,1129 1633,1129 1682,1129 1731,1130 1780,1130 1829,1130 1878,1129"/>
                <TextEquiv>
                    <Unicode>comme un événement douloureux, ni möme fa¬</Unicode>
                </TextEquiv>
            </TextLine>
            <TextLine id="r1l20" custom="readingOrder {index:19;}">
                <Coords points="1923,1142 2931,1187 2934,1096 2697,1125 1924,1097"/>
                <Baseline points="1934,1138 1983,1139 2032,1140 2081,1141 2131,1142 2180,1144 2229,1145 2279,1147 2328,1149 2377,1150 2427,1152 2476,1153 2525,1154 2574,1156 2624,1157 2673,1159 2722,1159 2772,1161 2821,1161 2870,1162 2920,1162"/>
                <TextEquiv>
                    <Unicode>La mère d’Otto vient ensuite la voir, la mère</Unicode>
                </TextEquiv>
            </TextLine>
            <TextLine id="r1l21" custom="readingOrder {index:20;}">
                <Coords points="124,1152 448,1175 878,1167 878,1134 837,1120 125,1110"/>
                <Baseline points="135,1146 171,1147 208,1148 244,1149 281,1151 317,1152 354,1153 390,1154 427,1156 463,1157 500,1158 537,1159 573,1160 610,1160 646,1161 683,1161 719,1161 756,1162 792,1162 829,1161 866,1161"/>
                <TextEquiv>
                    <Unicode>nia parle avec le jeune Otto, assise</Unicode>
                </TextEquiv>
            </TextLine>
            <TextLine id="r1l22" custom="readingOrder {index:21;}">
                <Coords points="886,1172 1881,1192 1882,1132 886,1129"/>
                <Baseline points="896,1158 944,1160 993,1161 1042,1163 1091,1165 1139,1166 1188,1168 1237,1169 1286,1171 1334,1171 1383,1172 1432,1173 1481,1174 1529,1175 1578,1175 1627,1176 1676,1176 1724,1177 1773,1177 1822,1178 1871,1178"/>
                <TextEquiv>
                    <Unicode>cheux. &amp; Au contraire. Gest plutôt une déli¬</Unicode>
                </TextEquiv>
            </TextLine>
            <TextLine id="r1l23" custom="readingOrder {index:22;}">
                <Coords points="1898,1196 2884,1228 2920,1222 2921,1180 2043,1159 1899,1127"/>
                <Baseline points="1908,1190 1958,1191 2008,1192 2058,1193 2108,1194 2158,1195 2208,1196 2258,1197 2308,1198 2358,1199 2409,1200 2459,1201 2509,1203 2559,1204 2609,1205 2659,1206 2709,1207 2759,1208 2809,1209 2859,1209 2910,1210"/>
                <TextEquiv>
                    <Unicode>qui ignore le duel. Et Genia se contient encore,</Unicode>
                </TextEquiv>
            </TextLine>
            <TextLine id="r1l24" custom="readingOrder {index:23;}">
                <Coords points="130,1203 381,1200 478,1223 641,1204 774,1225 874,1214 875,1170 131,1152"/>
                <Baseline points="142,1193 178,1194 214,1196 250,1197 286,1198 322,1200 358,1201 394,1202 430,1203 466,1204 503,1205 539,1206 575,1207 611,1207 647,1208 683,1208 719,1209 755,1209 791,1209 827,1209 864,1209"/>
                <TextEquiv>
                    <Unicode>mème de la maison. II part le</Unicode>
                </TextEquiv>
            </TextLine>
            <TextLine id="r1l25" custom="readingOrder {index:24;}">
                <Coords points="878,1219 1887,1237 1860,1185 880,1171"/>
                <Baseline points="890,1204 939,1206 988,1208 1037,1210 1087,1213 1136,1214 1185,1216 1235,1217 1284,1218 1333,1219 1383,1221 1432,1221 1481,1222 1530,1223 1580,1224 1629,1224 1678,1225 1728,1225 1777,1225 1826,1226 1876,1226"/>
                <TextEquiv>
                    <Unicode>vrance intime, Je ne rentre plus comme un</Unicode>
                </TextEquiv>
            </TextLine>
            <TextLine id="r1l26" custom="readingOrder {index:25;}">
                <Coords points="1898,1249 2804,1280 2916,1260 2917,1214 1899,1198"/>
                <Baseline points="1910,1237 1959,1239 2009,1240 2059,1241 2108,1243 2158,1244 2208,1245 2257,1247 2307,1248 2357,1249 2407,1250 2456,1251 2506,1252 2556,1253 2605,1254 2655,1254 2705,1255 2754,1255 2804,1256 2854,1256 2904,1256"/>
                <TextEquiv>
                    <Unicode>cttout à coup éclate en sanglots. Mais Frédéric</Unicode>
                </TextEquiv>
            </TextLine>
            <TextLine id="r1l27" custom="readingOrder {index:26;}">
                <Coords points="123,1249 194,1269 434,1249 831,1272 867,1261 868,1230 635,1206 124,1207"/>
                <Baseline points="134,1242 170,1244 206,1245 242,1246 278,1248 314,1249 350,1250 386,1251 422,1252 458,1253 495,1254 531,1254 567,1255 603,1256 639,1256 675,1256 711,1256 747,1256 783,1256 819,1256 856,1256"/>
                <TextEquiv>
                    <Unicode>our les ners du Sud, ou il navi¬</Unicode>
                </TextEquiv>
            </TextLine>
            <TextLine id="r1l28" custom="readingOrder {index:27;}">
                <Coords points="879,1263 1886,1290 1887,1243 1856,1233 880,1218"/>
                <Baseline points="890,1255 939,1257 988,1259 1037,1260 1086,1262 1136,1263 1185,1265 1234,1266 1283,1267 1332,1268 1382,1269 1431,1270 1480,1271 1529,1272 1578,1272 1628,1273 1677,1274 1726,1274 1775,1275 1824,1275 1874,1275"/>
                <TextEquiv>
                    <Unicode>coupable dans cette maison. Jo respire de</Unicode>
                </TextEquiv>
            </TextLine>
            <TextLine id="r1l29" custom="readingOrder {index:28;}">
                <Coords points="1891,1293 2918,1312 2897,1260 1892,1255"/>
                <Baseline points="1902,1288 1952,1288 2002,1289 2052,1289 2103,1290 2153,1290 2203,1291 2253,1292 2304,1294 2354,1295 2404,1296 2454,1298 2505,1299 2555,1300 2605,1301 2655,1303 2706,1304 2756,1306 2806,1307 2856,1308 2907,1309"/>
                <TextEquiv>
                    <Unicode>parait. Le moment est vraiment tragique. Im¬</Unicode>
                </TextEquiv>
            </TextLine>
            <TextLine id="r1l30" custom="readingOrder {index:29;}">
                <Coords points="127,1300 867,1315 868,1261 128,1256"/>
                <Baseline points="138,1293 173,1294 209,1296 245,1296 281,1297 317,1298 353,1299 389,1300 425,1300 461,1301 497,1301 532,1302 568,1302 604,1302 640,1303 676,1303 712,1304 748,1304 784,1305 820,1306 856,1307"/>
                <TextEquiv>
                    <Unicode>ns. II demande comment il pourra</Unicode>
                </TextEquiv>
            </TextLine>
            <TextLine id="r1l31" custom="readingOrder {index:30;}">
                <Coords points="873,1317 1875,1334 1876,1285 1809,1277 874,1271"/>
                <Baseline points="884,1305 935,1307 987,1309 1038,1311 1090,1312 1141,1313 1193,1315 1244,1316 1296,1317 1347,1318 1399,1319 1450,1319 1502,1320 1553,1321 1605,1321 1656,1322 1708,1323 1759,1324 1811,1325 1863,1326"/>
                <TextEquiv>
                    <Unicode>nouveau. Cest comme si elle avait en quelque</Unicode>
                </TextEquiv>
            </TextLine>
            <TextLine id="r1l32" custom="readingOrder {index:31;}">
                <Coords points="1888,1342 2919,1357 2913,1310 1889,1304"/>
                <Baseline points="1898,1335 1948,1335 1998,1336 2049,1337 2099,1338 2150,1339 2200,1340 2251,1341 2301,1342 2352,1342 2402,1344 2452,1345 2503,1345 2553,1347 2604,1348 2654,1349 2705,1349 2755,1351 2806,1352 2856,1353 2907,1354"/>
                <TextEquiv>
                    <Unicode>possible de parler devant la mère. Frédéric la</Unicode>
                </TextEquiv>
            </TextLine>
            <TextLine id="r1l33" custom="readingOrder {index:32;}">
                <Coords points="122,1350 864,1365 865,1316 840,1313 425,1318 252,1294 123,1310"/>
                <Baseline points="134,1340 169,1341 205,1343 241,1344 277,1345 313,1346 349,1347 385,1348 421,1348 457,1349 493,1350 528,1351 564,1351 600,1352 636,1353 672,1353 708,1353 744,1354 780,1354 816,1355 852,1355"/>
                <TextEquiv>
                    <Unicode>es nouvelles. II tutoie la jeune</Unicode>
                </TextEquiv>
            </TextLine>
            <TextLine id="r1l34" custom="readingOrder {index:33;}">
                <Coords points="879,1367 1878,1387 1879,1336 879,1316"/>
                <Baseline points="890,1353 938,1355 987,1357 1036,1360 1085,1361 1134,1363 1183,1364 1232,1365 1281,1366 1330,1367 1379,1367 1427,1368 1476,1369 1525,1369 1574,1370 1623,1370 1672,1371 1721,1371 1770,1371 1819,1372 1868,1372"/>
                <TextEquiv>
                    <Unicode>sorte fait une expiation pour la mort de Kor¬</Unicode>
                </TextEquiv>
            </TextLine>
            <TextLine id="r1l35" custom="readingOrder {index:34;}">
                <Coords points="1889,1391 2919,1398 2919,1362 1890,1355"/>
                <Baseline points="1900,1379 1950,1380 2000,1381 2051,1382 2101,1383 2151,1384 2202,1385 2252,1387 2302,1389 2353,1391 2403,1392 2453,1394 2504,1395 2554,1396 2604,1397 2655,1398 2705,1399 2755,1400 2806,1400 2856,1400 2907,1399"/>
                <TextEquiv>
                    <Unicode>salue, lui serre la main, échange quelques pro¬</Unicode>
                </TextEquiv>
            </TextLine>
            <TextLine id="r1l36" custom="readingOrder {index:35;}">
                <Coords points="126,1396 805,1418 870,1415 871,1375 127,1347"/>
                <Baseline points="138,1388 174,1390 210,1391 246,1392 282,1393 318,1394 354,1395 390,1396 426,1396 462,1397 498,1398 534,1398 570,1398 606,1399 642,1399 678,1399 714,1400 750,1400 786,1401 822,1401 859,1402"/>
                <TextEquiv>
                    <Unicode>mment pourrai-je vivre sans toi?¬</Unicode>
                </TextEquiv>
            </TextLine>
            <TextLine id="r1l37" custom="readingOrder {index:36;}">
                <Coords points="878,1409 1786,1421 1873,1447 1887,1389 878,1367"/>
                <Baseline points="888,1402 937,1404 986,1406 1036,1407 1085,1409 1135,1410 1184,1411 1233,1412 1283,1413 1332,1414 1382,1415 1431,1416 1480,1416 1530,1417 1579,1418 1629,1418 1678,1419 1727,1419 1777,1420 1826,1420 1876,1421"/>
                <TextEquiv>
                    <Unicode>sakow, une expiation tres raisonnable et non</Unicode>
                </TextEquiv>
            </TextLine>
            <TextLine id="r1l38" custom="readingOrder {index:37;}">
                <Coords points="1884,1446 2848,1478 2918,1448 2919,1417 1885,1398"/>
                <Baseline points="1896,1430 1946,1431 1997,1433 2047,1434 2098,1436 2148,1437 2199,1438 2249,1439 2300,1440 2350,1441 2401,1442 2451,1443 2502,1444 2552,1445 2603,1447 2653,1448 2704,1450 2754,1452 2805,1454 2855,1456 2906,1458"/>
                <TextEquiv>
                    <Unicode>pos avec elle et quand elle a disparu, il ap¬</Unicode>
                </TextEquiv>
            </TextLine>
            <TextLine id="r1l39" custom="readingOrder {index:38;}">
                <Coords points="118,1447 200,1433 667,1465 716,1448 773,1469 860,1462 861,1415 119,1398"/>
                <Baseline points="129,1437 165,1438 201,1439 237,1440 273,1442 309,1443 345,1443 381,1444 417,1445 453,1446 489,1447 525,1447 561,1448 597,1448 633,1449 669,1449 705,1450 741,1450 777,1451 813,1451 849,1452"/>
                <TextEquiv>
                    <Unicode>de encore: &amp; Que feras-tu après</Unicode>
                </TextEquiv>
            </TextLine>
            <TextLine id="r1l40" custom="readingOrder {index:39;}">
                <Coords points="883,1459 1877,1479 1878,1442 1787,1422 885,1410"/>
                <Baseline points="894,1449 942,1450 991,1452 1039,1453 1088,1455 1137,1456 1185,1458 1234,1459 1282,1460 1331,1461 1380,1462 1428,1463 1477,1464 1525,1465 1574,1465 1623,1466 1671,1467 1720,1468 1768,1468 1817,1468 1866,1469"/>
                <TextEquiv>
                    <Unicode>douloureuse. Elle recommence à étre humaine¬</Unicode>
                </TextEquiv>
            </TextLine>
            <TextLine id="r1l41" custom="readingOrder {index:40;}">
                <Coords points="1886,1500 2075,1483 2210,1504 2580,1502 2580,1466 2447,1444 1887,1444"/>
                <Baseline points="1898,1480 1931,1479 1965,1478 1998,1478 2032,1478 2065,1479 2099,1479 2132,1480 2166,1481 2199,1482 2233,1483 2266,1484 2300,1485 2333,1486 2367,1487 2400,1487 2434,1488 2467,1488 2501,1488 2534,1487 2568,1487"/>
                <TextEquiv>
                    <Unicode>prend à Geniaqu’Otto est mort.</Unicode>
                </TextEquiv>
            </TextLine>
            <TextLine id="r1l42" custom="readingOrder {index:41;}">
                <Coords points="175,1495 795,1504 810,1520 859,1510 860,1461 784,1475 729,1452 484,1461 396,1441 175,1464"/>
                <Baseline points="186,1485 219,1487 252,1489 285,1490 318,1492 351,1493 384,1494 417,1495 450,1495 483,1495 516,1496 549,1496 582,1496 615,1497 648,1497 681,1497 714,1498 747,1498 780,1499 813,1500 847,1501"/>
                <TextEquiv>
                    <Unicode>Je ne sais pas. Aujourd'hui, je</Unicode>
                </TextEquiv>
            </TextLine>
            <TextLine id="r1l43" custom="readingOrder {index:42;}">
                <Coords points="876,1513 1445,1506 1811,1545 1884,1540 1886,1480 877,1456"/>
                <Baseline points="886,1497 935,1499 984,1500 1034,1502 1083,1504 1133,1505 1182,1507 1231,1508 1281,1510 1330,1511 1380,1512 1429,1513 1478,1514 1528,1515 1577,1516 1627,1517 1676,1517 1725,1518 1775,1518 1824,1518 1874,1518"/>
                <TextEquiv>
                    <Unicode>ment proche de moi. Nous vivons de nouveau,</Unicode>
                </TextEquiv>
            </TextLine>
            <TextLine id="r1l44" custom="readingOrder {index:43;}">
                <Coords points="1926,1528 2925,1572 2926,1519 2851,1490 2626,1521 1927,1486"/>
                <Baseline points="1936,1524 1984,1526 2033,1527 2082,1529 2131,1530 2180,1532 2229,1533 2278,1535 2327,1537 2376,1538 2425,1540 2473,1541 2522,1542 2571,1543 2620,1544 2669,1545 2718,1546 2767,1546 2816,1546 2865,1546 2914,1546"/>
                <TextEquiv>
                    <Unicode>La fin est assez obscure. Genia, après avoir</Unicode>
                </TextEquiv>
            </TextLine>
            <TextLine id="r1l45" custom="readingOrder {index:44;}">
                <Coords points="107,1548 638,1545 751,1573 872,1550 872,1512 788,1502 199,1503 108,1479"/>
                <Baseline points="118,1534 155,1535 192,1538 229,1539 266,1540 303,1541 340,1542 377,1542 414,1543 451,1543 489,1543 526,1543 563,1543 600,1543 637,1544 674,1544 711,1544 748,1544 785,1544 822,1545 860,1545"/>
                <TextEquiv>
                    <Unicode>Due savions-nous il y a deux se¬</Unicode>
                </TextEquiv>
            </TextLine>
            <TextLine id="r1l46" custom="readingOrder {index:45;}">
                <Coords points="865,1569 1565,1580 1715,1551 1715,1527 1602,1520 866,1516"/>
                <Baseline points="878,1549 919,1549 960,1549 1001,1550 1043,1550 1084,1552 1125,1553 1167,1554 1208,1556 1249,1557 1291,1558 1332,1560 1373,1560 1414,1562 1456,1562 1497,1562 1538,1562 1580,1561 1621,1561 1662,1559 1704,1557"/>
                <TextEquiv>
                    <Unicode>pour ainsi dire, sur la méme planéte.</Unicode>
                </TextEquiv>
            </TextLine>
            <TextLine id="r1l47" custom="readingOrder {index:46;}">
                <Coords points="1878,1598 2914,1604 2915,1564 2848,1551 1880,1522"/>
                <Baseline points="1890,1571 1940,1574 1991,1577 2042,1579 2092,1581 2143,1582 2194,1583 2244,1585 2295,1586 2346,1587 2397,1588 2447,1589 2498,1589 2549,1590 2599,1591 2650,1591 2701,1592 2751,1593 2802,1594 2853,1595 2904,1596"/>
                <TextEquiv>
                    <Unicode>injurié son mari, va prévenir la mère d’Otto.</Unicode>
                </TextEquiv>
            </TextLine>
            <TextLine id="r1l48" custom="readingOrder {index:47;}">
                <Coords points="114,1587 872,1612 872,1575 837,1556 115,1544"/>
                <Baseline points="126,1583 162,1584 199,1585 236,1586 273,1588 310,1588 346,1589 383,1590 420,1591 457,1591 494,1592 530,1592 567,1593 604,1593 641,1594 678,1594 714,1594 751,1595 788,1595 825,1595 862,1595"/>
                <TextEquiv>
                    <Unicode>a quelques jours? On glisse. On</Unicode>
                </TextEquiv>
            </TextLine>
            <TextLine id="r1l49" custom="readingOrder {index:48;}">
                <Coords points="901,1593 1878,1634 1880,1577 902,1558"/>
                <Baseline points="912,1591 959,1593 1007,1595 1055,1597 1103,1599 1151,1601 1198,1602 1246,1604 1294,1606 1342,1608 1390,1609 1437,1610 1485,1611 1533,1612 1581,1613 1629,1614 1676,1614 1724,1615 1772,1615 1820,1615 1868,1615"/>
                <TextEquiv>
                    <Unicode>Il est donc oxtrémement calme. II atrès bien</Unicode>
                </TextEquiv>
            </TextLine>
            <TextLine id="r1l50" custom="readingOrder {index:49;}">
                <Coords points="1889,1638 2916,1646 2916,1606 2746,1593 1890,1580"/>
                <Baseline points="1901,1623 1951,1624 2001,1626 2051,1627 2101,1628 2151,1630 2201,1631 2252,1633 2302,1635 2352,1636 2402,1637 2452,1638 2502,1640 2552,1641 2603,1642 2653,1642 2703,1643 2753,1643 2803,1643 2853,1643 2904,1643"/>
                <TextEquiv>
                    <Unicode>Frédéric, après avoir rejeté la faute surle Des¬</Unicode>
                </TextEquiv>
            </TextLine>
            <TextLine id="r1l51" custom="readingOrder {index:50;}">
                <Coords points="105,1651 867,1652 868,1612 106,1591"/>
                <Baseline points="116,1627 154,1630 193,1633 232,1636 271,1637 310,1639 349,1640 388,1640 427,1641 466,1641 504,1641 543,1641 582,1641 621,1641 660,1641 699,1642 738,1642 777,1643 816,1644 855,1645"/>
                <TextEquiv>
                    <Unicode>rsplus loin, qui sait ou? - Elle s’é¬</Unicode>
                </TextEquiv>
            </TextLine>
            <TextLine id="r1l52" custom="readingOrder {index:51;}">
                <Coords points="878,1648 1880,1684 1852,1621 879,1592"/>
                <Baseline points="890,1641 938,1644 987,1646 1036,1647 1085,1650 1134,1651 1183,1652 1232,1654 1281,1656 1330,1657 1379,1658 1427,1659 1476,1660 1525,1661 1574,1661 1623,1662 1672,1663 1721,1663 1770,1664 1819,1664 1868,1665"/>
                <TextEquiv>
                    <Unicode>dormi jusqu'à sept houres du matin. Que ferait¬</Unicode>
                </TextEquiv>
            </TextLine>
            <TextLine id="r1l53" custom="readingOrder {index:52;}">
                <Coords points="1883,1681 2914,1713 2911,1650 1884,1632"/>
                <Baseline points="1895,1674 1945,1674 1995,1675 2046,1676 2096,1677 2147,1678 2197,1679 2248,1680 2298,1682 2349,1683 2399,1684 2449,1685 2500,1686 2550,1688 2601,1689 2651,1690 2702,1691 2752,1692 2803,1693 2853,1694 2904,1695"/>
                <TextEquiv>
                    <Unicode>tin, prend les mesures de sécurité nécessaires.</Unicode>
                </TextEquiv>
            </TextLine>
            <TextLine id="r1l54" custom="readingOrder {index:53;}">
                <Coords points="108,1682 852,1708 853,1657 573,1657 553,1637 108,1653"/>
                <Baseline points="120,1681 156,1683 192,1684 228,1685 264,1686 300,1687 336,1688 372,1688 408,1688 444,1689 480,1689 516,1689 552,1689 588,1690 624,1690 660,1690 696,1691 732,1692 768,1692 804,1693 841,1695"/>
                <TextEquiv>
                    <Unicode>omédie qu'elle joue. Comme elle</Unicode>
                </TextEquiv>
            </TextLine>
            <TextLine id="r1l55" custom="readingOrder {index:54;}">
                <Coords points="875,1698 1868,1725 1869,1680 1818,1668 876,1654"/>
                <Baseline points="887,1692 935,1695 984,1697 1032,1699 1081,1700 1129,1702 1178,1703 1226,1705 1275,1706 1323,1706 1372,1707 1421,1708 1469,1708 1518,1709 1566,1710 1615,1710 1663,1711 1712,1712 1760,1713 1809,1714 1858,1715"/>
                <TextEquiv>
                    <Unicode>il? Nous ne savons. Mais un autre personnage</Unicode>
                </TextEquiv>
            </TextLine>
            <TextLine id="r1l56" custom="readingOrder {index:55;}">
                <Coords points="1892,1727 2862,1756 2919,1731 2904,1695 1893,1676"/>
                <Baseline points="1904,1720 1954,1721 2004,1722 2054,1724 2104,1725 2154,1726 2204,1728 2255,1730 2305,1732 2355,1733 2405,1734 2455,1736 2505,1737 2555,1738 2606,1739 2656,1740 2706,1740 2756,1741 2806,1741 2856,1740 2907,1740"/>
                <TextEquiv>
                    <Unicode>Quand Ernalui ditqu'elle l’aime, il la repousse en</Unicode>
                </TextEquiv>
            </TextLine>
            <TextLine id="r1l57" custom="readingOrder {index:56;}">
                <Coords points="102,1745 666,1742 751,1762 857,1753 858,1711 103,1683"/>
                <Baseline points="113,1731 149,1731 186,1731 222,1732 259,1733 296,1734 332,1734 369,1735 406,1736 442,1737 479,1738 516,1739 552,1740 589,1740 626,1741 662,1741 699,1742 736,1742 772,1743 809,1743 846,1743"/>
                <TextEquiv>
                    <Unicode>reuses confidences, son mari pa¬</Unicode>
                </TextEquiv>
            </TextLine>
            <TextLine id="r1l58" custom="readingOrder {index:57;}">
                <Coords points="873,1750 1869,1766 1847,1721 874,1708"/>
                <Baseline points="885,1742 933,1743 982,1745 1030,1746 1079,1748 1128,1749 1176,1750 1225,1751 1274,1752 1322,1753 1371,1754 1420,1755 1468,1756 1517,1757 1566,1758 1614,1758 1663,1759 1712,1760 1760,1761 1809,1762 1858,1763"/>
                <TextEquiv>
                    <Unicode>revient en scène. C’est l’abominable Natter. Ce</Unicode>
                </TextEquiv>
            </TextLine>
            <TextLine id="r1l59" custom="readingOrder {index:58;}">
                <Coords points="1881,1770 2780,1804 2925,1794 2926,1745 1882,1719"/>
                <Baseline points="1892,1767 1943,1769 1994,1770 2045,1772 2096,1774 2147,1775 2198,1777 2249,1778 2300,1780 2351,1782 2402,1783 2453,1785 2504,1786 2555,1787 2606,1788 2657,1788 2708,1789 2759,1789 2810,1788 2861,1788 2913,1787"/>
                <TextEquiv>
                    <Unicode>lui répondant que tout n’est qu'illusion; et“</Unicode>
                </TextEquiv>
            </TextLine>
            <TextLine id="r1l60" custom="readingOrder {index:59;}">
                <Coords points="104,1793 837,1804 858,1754 104,1753"/>
                <Baseline points="114,1781 150,1781 187,1781 223,1781 260,1781 297,1782 333,1782 370,1783 406,1784 443,1785 480,1786 516,1787 553,1788 589,1788 626,1789 663,1790 699,1790 736,1791 772,1791 809,1791 846,1791"/>
                <TextEquiv>
                    <Unicode>, juste au-dessus d’elle. Elle n’est</Unicode>
                </TextEquiv>
            </TextLine>
            <TextLine id="r1l61" custom="readingOrder {index:60;}">
                <Coords points="874,1806 1879,1828 1880,1766 876,1749"/>
                <Baseline points="885,1790 934,1790 983,1791 1032,1792 1081,1794 1130,1795 1179,1797 1229,1798 1278,1800 1327,1801 1376,1803 1425,1804 1474,1806 1523,1807 1573,1808 1622,1809 1671,1810 1720,1810 1769,1810 1818,1809 1868,1809"/>
                <TextEquiv>
                    <Unicode>mari, qui se sait trompé, ct qui n’a pas le cou¬</Unicode>
                </TextEquiv>
            </TextLine>
            <TextLine id="r1l62" custom="readingOrder {index:61;}">
                <Coords points="1881,1835 2768,1856 2921,1848 2922,1815 2834,1786 1882,1775"/>
                <Baseline points="1892,1819 1945,1820 1999,1822 2052,1823 2106,1824 2160,1825 2213,1827 2267,1828 2321,1829 2374,1830 2428,1831 2481,1832 2535,1834 2589,1835 2642,1836 2696,1837 2750,1838 2803,1839 2857,1840 2911,1840"/>
                <TextEquiv>
                    <Unicode>quand elle proteste qu'elle lui appartient, 1l Jui</Unicode>
                </TextEquiv>
            </TextLine>
            <TextLine id="r1l63" custom="readingOrder {index:62;}">
                <Coords points="113,1834 835,1850 856,1802 114,1787"/>
                <Baseline points="124,1824 160,1826 196,1827 232,1829 268,1830 304,1831 340,1832 376,1833 412,1834 448,1834 484,1835 520,1835 556,1835 592,1836 628,1836 664,1837 700,1837 736,1837 772,1837 808,1838 844,1838"/>
                <TextEquiv>
                    <Unicode>. Elie lui dit tranquillement bon¬</Unicode>
                </TextEquiv>
            </TextLine>
            <TextLine id="r1l64" custom="readingOrder {index:63;}">
                <Coords points="861,1841 1870,1867 1871,1818 1793,1812 862,1792"/>
                <Baseline points="872,1836 921,1838 970,1838 1019,1840 1069,1842 1118,1843 1167,1845 1217,1846 1266,1848 1315,1850 1365,1851 1414,1853 1463,1854 1512,1855 1562,1856 1611,1856 1660,1857 1710,1857 1759,1857 1808,1857 1858,1856"/>
                <TextEquiv>
                    <Unicode>rage de renoncer à sa fomme, hait Hofreiter.</Unicode>
                </TextEquiv>
            </TextLine>
            <TextLine id="r1l65" custom="readingOrder {index:64;}">
                <Coords points="1883,1875 2912,1893 2893,1843 1884,1832"/>
                <Baseline points="1894,1863 1944,1865 1994,1867 2044,1869 2095,1870 2145,1872 2195,1873 2246,1875 2296,1877 2346,1878 2397,1879 2447,1880 2497,1882 2547,1883 2598,1884 2648,1884 2698,1885 2749,1886 2799,1886 2849,1886 2900,1886"/>
                <TextEquiv>
                    <Unicode>répond que lui-mémo n’appartient à personne.</Unicode>
                </TextEquiv>
            </TextLine>
            <TextLine id="r1l66" custom="readingOrder {index:65;}">
                <Coords points="109,1885 682,1886 773,1908 860,1894 861,1854 110,1834"/>
                <Baseline points="120,1871 156,1874 193,1875 229,1877 266,1878 302,1879 339,1880 375,1881 412,1882 448,1883 485,1883 521,1883 558,1884 594,1884 631,1884 667,1885 704,1885 740,1885 777,1886 813,1886 850,1887"/>
                <TextEquiv>
                    <Unicode>1disparaft, la conversation recom¬</Unicode>
                </TextEquiv>
            </TextLine>
            <TextLine id="r1l67" custom="readingOrder {index:66;}">
                <Coords points="867,1890 1876,1918 1877,1869 1790,1861 868,1848"/>
                <Baseline points="878,1887 927,1888 976,1889 1026,1890 1075,1892 1125,1893 1174,1894 1223,1895 1273,1897 1322,1898 1372,1899 1421,1900 1470,1901 1520,1902 1569,1903 1619,1904 1668,1904 1717,1905 1767,1906 1816,1906 1866,1907"/>
                <TextEquiv>
                    <Unicode>Hla fait courir des calomnies atroces, ou il le</Unicode>
                </TextEquiv>
            </TextLine>
            <TextLine id="r1l68" custom="readingOrder {index:67;}">
                <Coords points="1872,1932 2870,1947 2916,1895 1874,1879"/>
                <Baseline points="1885,1915 1935,1916 1986,1917 2037,1918 2088,1919 2139,1920 2190,1922 2241,1923 2292,1924 2343,1925 2394,1926 2444,1927 2495,1928 2546,1930 2597,1930 2648,1931 2699,1932 2750,1934 2801,1934 2852,1936 2903,1937"/>
                <TextEquiv>
                    <Unicode>Cette sorte de nihilisme sentimental sert de</Unicode>
                </TextEquiv>
            </TextLine>
            <TextLine id="r1l69" custom="readingOrder {index:68;}">
                <Coords points="115,1925 835,1948 864,1944 865,1904 116,1881"/>
                <Baseline points="126,1921 162,1923 198,1924 235,1926 271,1927 307,1928 344,1928 380,1929 416,1930 453,1931 489,1932 525,1932 562,1933 598,1934 634,1934 671,1935 707,1935 743,1935 780,1936 816,1936 853,1936"/>
                <TextEquiv>
                    <Unicode>les amants. Otto conjure Genia de</Unicode>
                </TextEquiv>
            </TextLine>
            <TextLine id="r1l70" custom="readingOrder {index:69;}">
                <Coords points="865,1946 1854,1965 1884,1917 866,1890"/>
                <Baseline points="876,1929 925,1932 975,1935 1025,1938 1075,1940 1125,1942 1174,1944 1224,1945 1274,1946 1324,1947 1374,1948 1423,1949 1473,1950 1523,1950 1573,1951 1623,1952 1672,1952 1722,1954 1772,1954 1822,1956 1872,1957"/>
                <TextEquiv>
                    <Unicode>représente comme le meurtrier de Korsakow.</Unicode>
                </TextEquiv>
            </TextLine>
            <TextLine id="r1l71" custom="readingOrder {index:70;}">
                <Coords points="1881,1976 2772,1998 2922,1968 2822,1932 1882,1925"/>
                <Baseline points="1893,1961 1943,1962 1994,1964 2045,1965 2096,1967 2147,1968 2198,1970 2249,1971 2300,1972 2351,1974 2402,1975 2452,1976 2503,1976 2554,1978 2605,1978 2656,1979 2707,1979 2758,1980 2809,1980 2860,1980 2911,1980"/>
                <TextEquiv>
                    <Unicode>conclusion à la pièce, II correspond au titre</Unicode>
                </TextEquiv>
            </TextLine>
            <TextLine id="r1l72" custom="readingOrder {index:71;}">
                <Coords points="122,1981 835,2001 854,1952 123,1928"/>
                <Baseline points="134,1971 169,1972 204,1973 240,1975 275,1976 311,1976 346,1977 381,1978 417,1979 452,1980 488,1981 523,1981 558,1982 594,1983 629,1983 665,1984 700,1984 735,1985 771,1985 806,1986 842,1987"/>
                <TextEquiv>
                    <Unicode>dans cette maison. Elle n’est pas</Unicode>
                </TextEquiv>
            </TextLine>
            <TextLine id="r1l73" custom="readingOrder {index:72;}">
                <Coords points="873,1993 1875,2015 1875,1977 1825,1960 874,1942"/>
                <Baseline points="884,1983 935,1985 987,1986 1038,1988 1090,1989 1141,1991 1193,1992 1244,1993 1296,1995 1347,1996 1399,1997 1450,1998 1502,1999 1553,2000 1605,2001 1656,2001 1708,2002 1759,2003 1811,2004 1863,2005"/>
                <TextEquiv>
                    <Unicode>II fait maintenant des allusions perfides à la</Unicode>
                </TextEquiv>
            </TextLine>
            <TextLine id="r1l74" custom="readingOrder {index:73;}">
                <Coords points="1891,2016 2624,2048 2919,2013 2919,1989 2693,1979 1892,1974"/>
                <Baseline points="1902,2007 1952,2009 2002,2011 2052,2013 2103,2015 2153,2017 2203,2018 2254,2020 2304,2021 2354,2023 2405,2025 2455,2026 2505,2027 2555,2028 2606,2029 2656,2030 2706,2030 2757,2031 2807,2032 2857,2032 2908,2032"/>
                <TextEquiv>
                    <Unicode>même, lequel nous a été expliqué par le viell</Unicode>
                </TextEquiv>
            </TextLine>
            <TextLine id="r1l75" custom="readingOrder {index:74;}">
                <Coords points="113,2033 310,2039 368,2013 390,2036 786,2035 841,2054 858,2003 113,1976"/>
                <Baseline points="123,2020 159,2021 195,2023 231,2024 267,2025 303,2026 339,2027 376,2027 412,2028 448,2028 484,2029 520,2029 556,2030 592,2030 629,2030 665,2031 701,2031 737,2031 773,2032 809,2033 846,2033"/>
                <TextEquiv>
                    <Unicode>mensonge; elle se trahira ou elle</Unicode>
                </TextEquiv>
            </TextLine>
            <TextLine id="r1l76" custom="readingOrder {index:75;}">
                <Coords points="862,2033 1870,2069 1871,2018 1807,2005 863,2000"/>
                <Baseline points="872,2031 921,2032 970,2034 1020,2035 1069,2036 1119,2037 1168,2039 1217,2040 1267,2041 1316,2042 1366,2043 1415,2044 1464,2045 1514,2046 1563,2047 1613,2049 1662,2050 1711,2050 1761,2051 1810,2052 1860,2053"/>
                <TextEquiv>
                    <Unicode>vertu de Genia. Cette vilenie détermine-t-elle</Unicode>
                </TextEquiv>
            </TextLine>
            <TextLine id="r1l77" custom="readingOrder {index:76;}">
                <Coords points="1886,2067 2906,2087 2881,2035 1887,2022"/>
                <Baseline points="1898,2057 1947,2059 1997,2061 2047,2062 2097,2063 2147,2065 2197,2067 2246,2068 2296,2070 2346,2071 2396,2072 2446,2073 2496,2074 2546,2075 2595,2076 2645,2077 2695,2078 2745,2079 2795,2080 2845,2081 2895,2082"/>
                <TextEquiv>
                    <Unicode>Aigner au troisième acte. II aimait sa femme et</Unicode>
                </TextEquiv>
            </TextLine>
            <TextLine id="r1l78" custom="readingOrder {index:77;}">
                <Coords points="111,2076 851,2092 848,2040 112,2032"/>
                <Baseline points="122,2069 157,2070 193,2071 229,2071 265,2072 301,2073 337,2073 373,2074 409,2075 445,2076 481,2077 516,2077 552,2078 588,2079 624,2079 660,2080 696,2080 732,2081 768,2081 804,2081 840,2081"/>
                <TextEquiv>
                    <Unicode>ontairement. Peut-être, dit-elle.</Unicode>
                </TextEquiv>
            </TextLine>
            <TextLine id="r1l79" custom="readingOrder {index:78;}">
                <Coords points="866,2084 1864,2115 1865,2066 1783,2055 867,2035"/>
                <Baseline points="878,2080 926,2081 975,2082 1024,2083 1073,2085 1122,2085 1170,2087 1219,2088 1268,2089 1317,2090 1366,2091 1414,2092 1463,2093 1512,2093 1561,2094 1610,2095 1658,2096 1707,2097 1756,2097 1805,2098 1854,2099"/>
                <TextEquiv>
                    <Unicode>Hofreiter? In'ani haine, ni colère, ni jalousie,</Unicode>
                </TextEquiv>
            </TextLine>
            <TextLine id="r1l80" custom="readingOrder {index:79;}">
                <Coords points="1875,2112 2915,2151 2909,2084 1876,2070"/>
                <Baseline points="1887,2106 1937,2108 1988,2110 2039,2111 2090,2113 2141,2115 2192,2116 2243,2117 2294,2118 2345,2120 2396,2121 2446,2122 2497,2123 2548,2124 2599,2125 2650,2126 2701,2127 2752,2127 2803,2128 2854,2129 2905,2130"/>
                <TextEquiv>
                    <Unicode>il l’a trompéc, II en est de lui comme de stous</Unicode>
                </TextEquiv>
            </TextLine>
            <TextLine id="r1l81" custom="readingOrder {index:80;}">
                <Coords points="97,2111 196,2135 754,2132 852,2154 853,2092 833,2087 97,2071"/>
                <Baseline points="108,2117 144,2118 181,2119 217,2120 254,2121 291,2122 327,2123 364,2124 400,2125 437,2126 474,2126 510,2127 547,2128 583,2128 620,2128 657,2129 693,2129 730,2130 766,2130 803,2130 840,2130"/>
                <TextEquiv>
                    <Unicode>emain, des que tu seras parti. Ou</Unicode>
                </TextEquiv>
            </TextLine>
            <TextLine id="r1l82" custom="readingOrder {index:81;}">
                <Coords points="869,2136 1802,2173 1867,2157 1868,2119 870,2087"/>
                <Baseline points="881,2131 929,2131 978,2131 1027,2132 1076,2133 1124,2134 1173,2135 1222,2137 1271,2139 1319,2140 1368,2141 1417,2143 1466,2144 1514,2145 1563,2146 1612,2147 1661,2148 1709,2149 1758,2149 1807,2149 1856,2149"/>
                <TextEquiv>
                    <Unicode>ni arour. Mais, comme il dit, on ne peut pour¬</Unicode>
                </TextEquiv>
            </TextLine>
            <TextLine id="r1l83" custom="readingOrder {index:82;}">
                <Coords points="1876,2166 2719,2189 2888,2179 2915,2150 1878,2113"/>
                <Baseline points="1888,2152 1938,2154 1989,2156 2040,2159 2091,2160 2141,2162 2192,2164 2243,2165 2294,2166 2344,2168 2395,2169 2446,2169 2497,2170 2547,2171 2598,2171 2649,2172 2700,2172 2750,2172 2801,2172 2852,2172 2903,2172"/>
                <TextEquiv>
                    <Unicode>les personnages: sos actes et ses pensöes-de¬</Unicode>
                </TextEquiv>
            </TextLine>
            <TextLine id="r1l84" custom="readingOrder {index:83;}">
                <Coords points="108,2178 328,2166 663,2193 806,2173 859,2192 859,2152 780,2133 426,2125 379,2149 273,2118 109,2122"/>
                <Baseline points="118,2163 154,2163 191,2164 227,2165 264,2166 300,2167 337,2167 373,2169 410,2169 446,2170 483,2171 519,2172 556,2173 592,2173 629,2174 665,2174 702,2174 738,2174 775,2173 811,2172 848,2171"/>
                <TextEquiv>
                    <Unicode>burd'hui. — Et qu'arrivera-t-il? —</Unicode>
                </TextEquiv>
            </TextLine>
            <TextLine id="r1l85" custom="readingOrder {index:84;}">
                <Coords points="866,2190 1162,2187 1295,2219 1413,2194 1590,2225 1704,2194 1788,2229 1866,2199 1867,2157 867,2134"/>
                <Baseline points="878,2174 926,2176 975,2178 1024,2179 1073,2180 1122,2182 1171,2183 1220,2184 1269,2185 1318,2186 1367,2187 1415,2188 1464,2189 1513,2190 1562,2190 1611,2191 1660,2192 1709,2193 1758,2194 1807,2195 1856,2195"/>
                <TextEquiv>
                    <Unicode>tant pas faire le seliveau. A la fin de l’acte, il</Unicode>
                </TextEquiv>
            </TextLine>
            <TextLine id="r1l86" custom="readingOrder {index:85;}">
                <Coords points="1873,2211 2868,2237 2907,2184 1874,2169"/>
                <Baseline points="1884,2203 1934,2205 1985,2206 2035,2208 2086,2209 2136,2210 2187,2212 2237,2213 2288,2215 2338,2216 2389,2217 2439,2218 2490,2219 2540,2220 2591,2220 2641,2221 2692,2221 2742,2222 2793,2222 2843,2222 2894,2222"/>
                <TextEquiv>
                    <Unicode>meurent distincts et opposés. &amp; Pourquoi je l'ai</Unicode>
                </TextEquiv>
            </TextLine>
            <TextLine id="r1l87" custom="readingOrder {index:86;}">
                <Coords points="99,2227 604,2225 853,2250 854,2192 808,2173 665,2193 101,2174"/>
                <Baseline points="110,2212 146,2212 183,2213 219,2214 256,2215 293,2216 329,2217 366,2218 402,2219 439,2220 476,2221 512,2222 549,2222 585,2223 622,2224 659,2225 695,2225 732,2225 768,2225 805,2226 842,2225"/>
                <TextEquiv>
                    <Unicode>nblabloment. Et tu ne reviendras</Unicode>
                </TextEquiv>
            </TextLine>
            <TextLine id="r1l88" custom="readingOrder {index:87;}">
                <Coords points="859,2249 879,2252 915,2233 990,2254 1003,2241 1046,2235 1068,2245 1088,2232 1146,2240 1170,2256 1190,2236 1219,2235 1220,2203 1189,2205 1162,2187 971,2198 929,2182 891,2192 860,2185"/>
                <Baseline points="870,2227 896,2225 922,2224 948,2223 974,2223 1000,2224 1026,2225 1052,2226 1078,2227 1104,2228 1130,2229 1156,2229 1182,2230 1208,2230"/>
                <TextEquiv>
                    <Unicode>provoque Otto.</Unicode>
                </TextEquiv>
            </TextLine>
            <TextLine id="r1l89" custom="readingOrder {index:88;}">
                <Coords points="1877,2252 2901,2287 2882,2229 1878,2208"/>
                <Baseline points="1888,2248 1938,2251 1988,2254 2038,2256 2088,2258 2138,2260 2188,2261 2239,2262 2289,2263 2339,2264 2389,2265 2439,2265 2489,2266 2539,2267 2590,2267 2640,2268 2690,2269 2740,2270 2790,2271 2840,2273 2891,2275"/>
                <TextEquiv>
                    <Unicode>trompée 7 dit-il. Vous le demandez! N’avez-vonk</Unicode>
                </TextEquiv>
            </TextLine>
            <TextLine id="r1l90" custom="readingOrder {index:89;}">
                <Coords points="96,2272 854,2289 855,2235 782,2229 97,2227"/>
                <Baseline points="107,2260 143,2260 180,2261 217,2261 254,2262 290,2262 327,2263 364,2264 401,2265 437,2266 474,2267 511,2267 548,2269 584,2270 621,2270 658,2271 695,2272 731,2273 768,2274 805,2274 842,2275"/>
                <TextEquiv>
                    <Unicode>mais. Promets-moi, jamais, mème</Unicode>
                </TextEquiv>
            </TextLine>
            <TextLine id="r1l91" custom="readingOrder {index:90;}">
                <Coords points="886,2272 1843,2310 1865,2248 887,2239"/>
                <Baseline points="898,2269 945,2271 993,2274 1041,2276 1088,2277 1136,2279 1184,2281 1231,2282 1279,2283 1327,2284 1375,2285 1422,2286 1470,2287 1518,2288 1565,2288 1613,2289 1661,2290 1708,2291 1756,2291 1804,2292 1852,2293"/>
                <TextEquiv>
                    <Unicode>Le dernier acte est tres court. On me dit</Unicode>
                </TextEquiv>
            </TextLine>
            <TextLine id="r1l92" custom="readingOrder {index:91;}">
                <Coords points="1881,2309 2906,2326 2873,2278 1882,2256"/>
                <Baseline points="1893,2300 1943,2302 1993,2304 2043,2305 2093,2307 2143,2308 2193,2309 2243,2311 2293,2311 2343,2312 2394,2313 2444,2314 2494,2315 2544,2316 2594,2316 2644,2317 2694,2318 2744,2319 2794,2320 2844,2321 2895,2322"/>
                <TextEquiv>
                    <Unicode>donc jamais senti quols étres compliqués sont</Unicode>
                </TextEquiv>
            </TextLine>
            <TextLine id="r1l93" custom="readingOrder {index:92;}">
                <Coords points="107,2325 501,2314 818,2342 856,2338 857,2289 108,2271"/>
                <Baseline points="118,2309 154,2312 190,2314 227,2315 263,2317 300,2317 336,2318 372,2318 409,2319 445,2319 482,2319 518,2319 554,2319 591,2320 627,2320 664,2321 700,2322 736,2323 773,2324 809,2327 846,2329"/>
                <TextEquiv>
                    <Unicode>ux ans, jamais. — Ah! dit Otto,</Unicode>
                </TextEquiv>
            </TextLine>
            <TextLine id="r1l94" custom="readingOrder {index:93;}">
                <Coords points="860,2328 1873,2359 1874,2297 1785,2289 861,2292"/>
                <Baseline points="870,2326 919,2326 969,2326 1018,2326 1068,2326 1118,2326 1167,2327 1217,2327 1267,2328 1316,2329 1366,2330 1416,2331 1465,2332 1515,2333 1565,2335 1614,2336 1664,2337 1714,2339 1763,2340 1813,2342 1863,2343"/>
                <TextEquiv>
                    <Unicode>que la représentation émeut. Il se passe pen¬</Unicode>
                </TextEquiv>
            </TextLine>
            <TextLine id="r1l95" custom="readingOrder {index:94;}">
                <Coords points="1873,2365 2907,2374 2904,2325 1875,2317"/>
                <Baseline points="1884,2348 1934,2349 1985,2351 2035,2353 2086,2354 2136,2355 2187,2356 2237,2357 2288,2358 2338,2359 2389,2360 2440,2361 2490,2362 2541,2363 2591,2364 2642,2365 2692,2367 2743,2368 2793,2371 2844,2373 2895,2375"/>
                <TextEquiv>
                    <Unicode>au fond les hommes? Tant de choses trouvent</Unicode>
                </TextEquiv>
            </TextLine>
            <TextLine id="r1l96" custom="readingOrder {index:95;}">
                <Coords points="97,2385 311,2365 350,2395 393,2365 437,2390 609,2362 694,2400 746,2376 851,2379 851,2343 736,2323 98,2323"/>
                <Baseline points="108,2356 144,2357 181,2357 217,2358 254,2359 291,2360 327,2361 364,2362 400,2362 437,2363 474,2364 510,2365 547,2366 583,2366 620,2367 657,2368 693,2368 730,2369 766,2370 803,2370 840,2371"/>
                <TextEquiv>
                    <Unicode> l’aimes de nouveau. Voild ou tu</Unicode>
                </TextEquiv>
            </TextLine>
            <TextLine id="r1l97" custom="readingOrder {index:96;}">
                <Coords points="861,2378 1863,2401 1864,2357 1802,2348 862,2334"/>
                <Baseline points="872,2371 921,2371 970,2372 1019,2373 1068,2374 1117,2375 1166,2377 1215,2379 1264,2380 1313,2382 1362,2384 1411,2385 1460,2387 1509,2388 1558,2389 1607,2390 1656,2391 1705,2391 1754,2391 1803,2391 1852,2390"/>
                <TextEquiv>
                    <Unicode>dant le duel. Erna est venne aux nouvelles</Unicode>
                </TextEquiv>
            </TextLine>
            <TextLine id="r1l98" custom="readingOrder {index:97;}">
                <Coords points="1867,2405 2831,2435 2901,2396 1868,2365"/>
                <Baseline points="1878,2400 1928,2400 1979,2401 2029,2402 2080,2402 2130,2404 2181,2404 2231,2405 2282,2407 2332,2408 2383,2409 2434,2410 2484,2411 2535,2413 2585,2414 2636,2415 2686,2416 2737,2417 2787,2418 2838,2419 2889,2420"/>
                <TextEquiv>
                    <Unicode>place à la fois en nous: l’amour et la trompe¬</Unicode>
                </TextEquiv>
            </TextLine>
            <TextLine id="r1l99" custom="readingOrder {index:98;}">
                <Coords points="851,2419 1857,2457 1859,2395 852,2379"/>
                <Baseline points="863,2418 912,2418 961,2420 1010,2420 1059,2422 1108,2423 1157,2424 1207,2426 1256,2428 1305,2429 1354,2431 1403,2432 1452,2433 1501,2435 1551,2436 1600,2436 1649,2437 1698,2438 1747,2438 1796,2438 1846,2438"/>
                <TextEquiv>
                    <Unicode>chez Mme Hofreiter. A cette heure terri¬</Unicode>
                </TextEquiv>
            </TextLine>
            <TextLine id="r1l100" custom="readingOrder {index:99;}">
                <Coords points="1869,2448 2900,2483 2901,2427 2852,2422 1870,2405"/>
                <Baseline points="1880,2444 1930,2446 1980,2448 2031,2450 2081,2452 2132,2454 2182,2455 2233,2456 2283,2457 2334,2458 2384,2460 2434,2460 2485,2461 2535,2462 2586,2462 2636,2463 2687,2463 2737,2463 2788,2464 2838,2464 2889,2464"/>
                <TextEquiv>
                    <Unicode>rie, la fidélité et l’infidélité, la vénération pour</Unicode>
                </TextEquiv>
            </TextLine>
            <TextLine id="r1l101" custom="readingOrder {index:100;}">
                <Coords points="98,2460 1824,2507 1854,2456 99,2400"/>
                <Baseline points="109,2453 195,2456 282,2459 368,2461 455,2463 542,2464 628,2466 715,2467 801,2468 888,2469 975,2471 1061,2472 1148,2473 1234,2475 1321,2476 1408,2478 1494,2480 1581,2483 1667,2485 1754,2489 1841,2492"/>
                <TextEquiv>
                    <Unicode>diable va payer cher l’ivresse d’a-ble, Genia parle, avec une ironie qui nous don¬</Unicode>
                </TextEquiv>
            </TextLine>
            <TextLine id="r1l102" custom="readingOrder {index:101;}">
                <Coords points="1876,2501 2811,2529 2893,2519 2894,2479 1877,2452"/>
                <Baseline points="1886,2492 1935,2495 1985,2497 2035,2499 2085,2501 2135,2502 2185,2504 2234,2505 2284,2506 2334,2507 2384,2508 2434,2509 2484,2509 2534,2510 2583,2511 2633,2512 2683,2513 2733,2514 2783,2515 2833,2517 2883,2518"/>
                <TextEquiv>
                    <Unicode>l'une ot le désir d’une autre ou de plusieurs.</Unicode>
                </TextEquiv>
            </TextLine>
            <TextLine id="r1l103" custom="readingOrder {index:102;}">
                <Coords points="109,2514 1863,2517 110,2467"/>
                <Baseline points="120,2505 206,2506 293,2507 379,2508 466,2509 552,2510 639,2511 725,2512 812,2514 898,2516 985,2518 1072,2519 1158,2521 1245,2523 1331,2525 1418,2527 1504,2529 1591,2532 1677,2534 1764,2536 1851,2538"/>
                <TextEquiv>
                    <Unicode>penant deux semaines par ven-nerait le change, si nous laconnaissions moins.</Unicode>
                </TextEquiv>
            </TextLine>
            <TextLine id="r1l104" custom="readingOrder {index:103;}">
                <Coords points="1864,2548 2900,2581 2901,2534 2828,2519 1866,2493"/>
                <Baseline points="1876,2540 1926,2542 1977,2545 2027,2547 2078,2548 2129,2550 2179,2551 2230,2552 2280,2553 2331,2554 2382,2555 2432,2556 2483,2557 2533,2558 2584,2559 2635,2560 2685,2561 2736,2562 2786,2563 2837,2565 2888,2567"/>
                <TextEquiv>
                    <Unicode>Nous cherchons bien à mettro de l’ordie en</Unicode>
                </TextEquiv>
            </TextLine>
            <TextLine id="r1l105" custom="readingOrder {index:104;}">
                <Coords points="103,2567 1859,2598 1860,2540 104,2509"/>
                <Baseline points="114,2555 200,2556 287,2557 374,2558 461,2559 547,2560 634,2562 721,2563 808,2565 894,2566 981,2568 1068,2570 1155,2572 1241,2573 1328,2575 1415,2577 1502,2578 1588,2580 1675,2581 1762,2583 1849,2584"/>
                <TextEquiv>
                    <Unicode>t d’abord, nous apprenons quel'e A cette heure, dit-elle, c’est fini. Maintenant</Unicode>
                </TextEquiv>
            </TextLine>
            <TextLine id="r1l106" custom="readingOrder {index:105;}">
                <Coords points="1866,2599 2861,2630 2906,2618 2907,2578 1867,2552"/>
                <Baseline points="1878,2591 1928,2593 1979,2594 2030,2595 2081,2596 2132,2597 2183,2598 2233,2598 2284,2599 2335,2600 2386,2601 2437,2602 2488,2603 2539,2604 2589,2606 2640,2607 2691,2609 2742,2611 2793,2612 2844,2615 2895,2617"/>
                <TextEquiv>
                    <Unicode>nous, mais cet ordre reste pourtant artificiel.,</Unicode>
                </TextEquiv>
            </TextLine>
            <TextLine id="r1l107" custom="readingOrder {index:106;}">
                <Coords points="86,2627 1861,2648 1862,2592 87,2556"/>
                <Baseline points="97,2603 184,2603 272,2604 359,2605 447,2606 535,2608 622,2609 710,2611 798,2612 885,2614 973,2616 1061,2618 1148,2620 1236,2622 1324,2624 1411,2625 1499,2627 1587,2628 1674,2629 1762,2630 1850,2631"/>
                <TextEquiv>
                    <Unicode>ndant la nuit derrière s’est pro-[iln’ya plus rien à faire, n’est-co pas? Au bois</Unicode>
                </TextEquiv>
            </TextLine>
            <TextLine id="r1l108" custom="readingOrder {index:107;}">
                <Coords points="1868,2648 2903,2669 2904,2615 1869,2594"/>
                <Baseline points="1878,2638 1928,2639 1979,2640 2030,2641 2080,2642 2131,2643 2182,2644 2232,2645 2283,2646 2334,2647 2385,2648 2435,2649 2486,2650 2537,2651 2587,2652 2638,2653 2689,2655 2739,2657 2790,2658 2841,2661 2892,2663"/>
                <TextEquiv>
                    <Unicode>Le naturel, c’est le chaos. Oui, mon hon Ho¬</Unicode>
                </TextEquiv>
            </TextLine>
            <TextLine id="r1l109" custom="readingOrder {index:108;}">
                <Coords points="100,2648 160,2669 231,2648 375,2670 460,2649 849,2669 850,2625 725,2613 101,2608"/>
                <Baseline points="111,2645 147,2646 183,2648 219,2649 256,2650 292,2651 328,2652 365,2653 401,2654 437,2655 474,2656 510,2657 546,2657 582,2658 619,2659 655,2659 691,2660 728,2660 764,2661 800,2661 837,2662"/>
                <TextEquiv>
                    <Unicode>dans Baden. II est allé sous les</Unicode>
                </TextEquiv>
            </TextLine>
            <TextLine id="r1l110" custom="readingOrder {index:109;}">
                <Coords points="861,2663 1779,2695 1859,2684 1860,2648 862,2623"/>
                <Baseline points="872,2659 920,2661 969,2662 1018,2663 1067,2665 1116,2666 1164,2667 1213,2669 1262,2670 1311,2672 1360,2673 1408,2674 1457,2676 1506,2676 1555,2677 1604,2678 1652,2679 1701,2679 1750,2680 1799,2680 1848,2680"/>
                <TextEquiv>
                    <Unicode>de la Sainte-Croix, ne croyez-vous pas? Ils sont</Unicode>
                </TextEquiv>
            </TextLine>
            <TextLine id="r1l111" custom="readingOrder {index:110;}">
                <Coords points="1875,2695 2742,2726 2798,2702 2899,2729 2874,2662 1877,2648"/>
                <Baseline points="1886,2684 1936,2687 1986,2689 2036,2692 2086,2694 2136,2695 2186,2697 2236,2699 2286,2700 2336,2702 2387,2703 2437,2704 2487,2705 2537,2706 2587,2706 2637,2707 2687,2708 2737,2709 2787,2710 2837,2710 2888,2711"/>
                <TextEquiv>
                    <Unicode>freiter, l’äme est un vaste pays, comme Ta</Unicode>
                </TextEquiv>
            </TextLine>
            <TextLine id="r1l112" custom="readingOrder {index:111;}">
                <Coords points="94,2705 585,2703 620,2724 747,2702 780,2721 854,2706 855,2660 464,2652 359,2672 95,2645"/>
                <Baseline points="104,2695 140,2696 177,2697 214,2698 251,2699 288,2699 325,2700 362,2700 399,2701 436,2701 473,2702 509,2702 546,2703 583,2704 620,2705 657,2706 694,2706 731,2707 768,2708 805,2711 842,2712"/>
                <TextEquiv>
                    <Unicode>rna. Or, nous savons qu’Otto en¬</Unicode>
                </TextEquiv>
            </TextLine>
            <TextLine id="r1l113" custom="readingOrder {index:112;}">
                <Coords points="851,2711 1823,2747 1861,2743 1862,2703 852,2662"/>
                <Baseline points="862,2705 911,2706 960,2708 1010,2710 1059,2711 1109,2712 1158,2714 1207,2716 1257,2718 1306,2719 1356,2721 1405,2722 1454,2723 1504,2725 1553,2726 1603,2727 1652,2728 1701,2729 1751,2729 1800,2730 1850,2730"/>
                <TextEquiv>
                    <Unicode>tous assis dans le jardin, sous le feuillage om¬</Unicode>
                </TextEquiv>
            </TextLine>
            <TextLine id="r1l114" custom="readingOrder {index:113;}">
                <Coords points="1861,2745 2811,2797 2911,2773 2912,2746 2837,2713 2049,2692 2019,2716 1862,2687"/>
                <Baseline points="1872,2732 1923,2735 1974,2738 2026,2740 2077,2742 2129,2744 2180,2745 2232,2746 2283,2748 2335,2748 2386,2749 2437,2750 2489,2751 2540,2753 2592,2754 2643,2755 2695,2756 2746,2759 2798,2760 2849,2762 2901,2766"/>
                <TextEquiv>
                    <Unicode>dit un jour un poête. Die Seele ist ein weites</Unicode>
                </TextEquiv>
            </TextLine>
            <TextLine id="r1l115" custom="readingOrder {index:114;}">
                <Coords points="96,2755 365,2766 443,2740 463,2761 643,2756 700,2780 852,2759 853,2711 679,2708 634,2736 586,2705 97,2704"/>
                <Baseline points="108,2747 144,2747 181,2747 217,2748 254,2748 291,2749 327,2749 364,2750 400,2750 437,2751 474,2751 510,2752 547,2753 583,2753 620,2754 657,2754 693,2755 730,2755 766,2756 803,2756 840,2756"/>
                <TextEquiv>
                    <Unicode>par la fenétre dans la chambre</Unicode>
                </TextEquiv>
            </TextLine>
            <TextLine id="r1l116" custom="readingOrder {index:115;}">
                <Coords points="856,2763 1858,2776 2020,2812 2066,2806 2068,2757 857,2716"/>
                <Baseline points="868,2755 927,2757 986,2759 1046,2761 1105,2762 1164,2763 1224,2764 1283,2765 1342,2766 1402,2767 1461,2768 1520,2769 1580,2770 1639,2772 1698,2773 1758,2775 1817,2777 1876,2780 1936,2783 1995,2787 2055,2791"/>
                <TextEquiv>
                    <Unicode>breux, et ils fétent la réconciliation. Le déjeu- Land. u.</Unicode>
                </TextEquiv>
            </TextLine>
            <TextLine id="r1l117" custom="readingOrder {index:116;}">
                <Coords points="91,2805 1891,2849 1892,2778 92,2749"/>
                <Baseline points="103,2794 191,2797 280,2799 369,2801 458,2803 547,2804 636,2806 724,2807 813,2809 902,2810 991,2811 1080,2812 1169,2814 1258,2816 1346,2817 1435,2819 1524,2821 1613,2823 1702,2825 1791,2828 1880,2831"/>
                <TextEquiv>
                    <Unicode>Hofreiter a mandé Mauer, avec  ner a été commandé d’avance par MM. les</Unicode>
                </TextEquiv>
            </TextLine>
            <TextLine id="r1l118" custom="readingOrder {index:117;}">
                <Coords points="97,2867 1872,2902 1873,2851 98,2802"/>
                <Baseline points="109,2846 196,2848 284,2851 371,2853 459,2855 547,2857 634,2859 722,2860 809,2862 897,2863 985,2864 1072,2865 1160,2867 1247,2868 1335,2869 1423,2870 1510,2872 1598,2874 1685,2876 1773,2877 1861,2880"/>
                <TextEquiv>
                    <Unicode>rouillé depuis le voyage à Veels;témoins. Et on s’est vite réconcilié, comme</Unicode>
                </TextEquiv>
            </TextLine>
            <TextLine id="r1l119" custom="readingOrder {index:118;}">
                <Coords points="2403,2884 2518,2904 2626,2878 2666,2889 2686,2874 2766,2874 2768,2812 2744,2818 2722,2804 2667,2831 2595,2815 2585,2824 2559,2805 2504,2810 2488,2798 2432,2821 2406,2813"/>
                <Baseline points="2414,2866 2440,2867 2466,2868 2492,2869 2518,2870 2544,2871 2570,2871 2597,2873 2623,2873 2649,2874 2675,2875 2701,2876 2727,2877 2754,2878"/>
                <TextEquiv>
                    <Unicode>IIENRY Bipou.</Unicode>
                </TextEquiv>
            </TextLine>
            <TextLine id="r1l120" custom="readingOrder {index:119;}">
                <Coords points="2724,4060 2811,4046 2845,4049 2869,4065 2889,4052 2896,4059 2914,4046 2956,4042 2957,3993 2935,3986 2870,4001 2799,3988 2779,3997 2726,3992"/>
                <Baseline points="2737,4033 2763,4032 2789,4032 2815,4032 2841,4033 2867,4033 2893,4034 2919,4035 2945,4036"/>
                <TextEquiv>
                    <Unicode>——</Unicode>
                </TextEquiv>
            </TextLine>
            <TextEquiv>
                <Unicode>24. D
0
as1te Land
box 29/6
ière fois dans le ton de la simple#et cesi aussi est un présage menaçant.
si on n’avait jamais été fäché. Pensez-vous,
erité, Erna répond: &amp; Je taime v.Enfin, il raconte à Mauer qulil sait l’infidélité de
Erna, qu'ils boivent à notre santé? Pourquoi
ne acte se passe, comme le se¬
Genia. Mais le sentiment qu’il éprouve est bien
pas? La vie est si plaisante. Peut-étre vont-ils
la Hofreiter, devant le tennis. Un
singulier: c’est une espéce de contentement.
apparaitre ensemble ici, se donnant le bras.
e féter le retour du maitre de la
Je n'ai pas ressenti la chose, dit-it à Mauer,
Nous devrions aller à leur rencontro.
iln’a pu y assister. Il a été retenu
comme un événement douloureux, ni möme fa¬
La mère d’Otto vient ensuite la voir, la mère
nia parle avec le jeune Otto, assise
cheux. &amp; Au contraire. Gest plutôt une déli¬
qui ignore le duel. Et Genia se contient encore,
mème de la maison. II part le
vrance intime, Je ne rentre plus comme un
cttout à coup éclate en sanglots. Mais Frédéric
our les ners du Sud, ou il navi¬
coupable dans cette maison. Jo respire de
parait. Le moment est vraiment tragique. Im¬
ns. II demande comment il pourra
nouveau. Cest comme si elle avait en quelque
possible de parler devant la mère. Frédéric la
es nouvelles. II tutoie la jeune
sorte fait une expiation pour la mort de Kor¬
salue, lui serre la main, échange quelques pro¬
mment pourrai-je vivre sans toi?¬
sakow, une expiation tres raisonnable et non
pos avec elle et quand elle a disparu, il ap¬
de encore: &amp; Que feras-tu après
douloureuse. Elle recommence à étre humaine¬
prend à Geniaqu’Otto est mort.
Je ne sais pas. Aujourd'hui, je
ment proche de moi. Nous vivons de nouveau,
La fin est assez obscure. Genia, après avoir
Due savions-nous il y a deux se¬
pour ainsi dire, sur la méme planéte.
injurié son mari, va prévenir la mère d’Otto.
a quelques jours? On glisse. On
Il est donc oxtrémement calme. II atrès bien
Frédéric, après avoir rejeté la faute surle Des¬
rsplus loin, qui sait ou? - Elle s’é¬
dormi jusqu'à sept houres du matin. Que ferait¬
tin, prend les mesures de sécurité nécessaires.
omédie qu'elle joue. Comme elle
il? Nous ne savons. Mais un autre personnage
Quand Ernalui ditqu'elle l’aime, il la repousse en
reuses confidences, son mari pa¬
revient en scène. C’est l’abominable Natter. Ce
lui répondant que tout n’est qu'illusion; et“
, juste au-dessus d’elle. Elle n’est
mari, qui se sait trompé, ct qui n’a pas le cou¬
quand elle proteste qu'elle lui appartient, 1l Jui
. Elie lui dit tranquillement bon¬
rage de renoncer à sa fomme, hait Hofreiter.
répond que lui-mémo n’appartient à personne.
1disparaft, la conversation recom¬
Hla fait courir des calomnies atroces, ou il le
Cette sorte de nihilisme sentimental sert de
les amants. Otto conjure Genia de
représente comme le meurtrier de Korsakow.
conclusion à la pièce, II correspond au titre
dans cette maison. Elle n’est pas
II fait maintenant des allusions perfides à la
même, lequel nous a été expliqué par le viell
mensonge; elle se trahira ou elle
vertu de Genia. Cette vilenie détermine-t-elle
Aigner au troisième acte. II aimait sa femme et
ontairement. Peut-être, dit-elle.
Hofreiter? In'ani haine, ni colère, ni jalousie,
il l’a trompéc, II en est de lui comme de stous
emain, des que tu seras parti. Ou
ni arour. Mais, comme il dit, on ne peut pour¬
les personnages: sos actes et ses pensöes-de¬
burd'hui. — Et qu'arrivera-t-il? —
tant pas faire le seliveau. A la fin de l’acte, il
meurent distincts et opposés. &amp; Pourquoi je l'ai
nblabloment. Et tu ne reviendras
provoque Otto.
trompée 7 dit-il. Vous le demandez! N’avez-vonk
mais. Promets-moi, jamais, mème
Le dernier acte est tres court. On me dit
donc jamais senti quols étres compliqués sont
ux ans, jamais. — Ah! dit Otto,
que la représentation émeut. Il se passe pen¬
au fond les hommes? Tant de choses trouvent
 l’aimes de nouveau. Voild ou tu
dant le duel. Erna est venne aux nouvelles
place à la fois en nous: l’amour et la trompe¬
chez Mme Hofreiter. A cette heure terri¬
rie, la fidélité et l’infidélité, la vénération pour
diable va payer cher l’ivresse d’a-ble, Genia parle, avec une ironie qui nous don¬
l'une ot le désir d’une autre ou de plusieurs.
penant deux semaines par ven-nerait le change, si nous laconnaissions moins.
Nous cherchons bien à mettro de l’ordie en
t d’abord, nous apprenons quel'e A cette heure, dit-elle, c’est fini. Maintenant
nous, mais cet ordre reste pourtant artificiel.,
ndant la nuit derrière s’est pro-[iln’ya plus rien à faire, n’est-co pas? Au bois
Le naturel, c’est le chaos. Oui, mon hon Ho¬
dans Baden. II est allé sous les
de la Sainte-Croix, ne croyez-vous pas? Ils sont
freiter, l’äme est un vaste pays, comme Ta
rna. Or, nous savons qu’Otto en¬
tous assis dans le jardin, sous le feuillage om¬
dit un jour un poête. Die Seele ist ein weites
par la fenétre dans la chambre
breux, et ils fétent la réconciliation. Le déjeu- Land. u.
Hofreiter a mandé Mauer, avec  ner a été commandé d’avance par MM. les
rouillé depuis le voyage à Veels;témoins. Et on s’est vite réconcilié, comme
IIENRY Bipou.
——</Unicode>
            </TextEquiv>
        </TextRegion>
    </Page>
</PcGts>
