3344 4384
1369 243 1813 330 box 28/4
248 235 1333 338 24. Das weite Land
1257 1118 1765 1201 —   —
496 1196 1774 1247 Papstes Innocenz XI. aus dem Hause Odescalchi. Italien
500 1244 1776 1291 vollbringe ein Werk der Zivilisation, indem es in
499 1285 1774 1341 Tripolis den Halbmond durch das Kreuz ersetze. Er erinnerte an
499 1318 1773 1389 den Sieg der Christen bei Lepanto und schloß mit dem Wunsch,
512 1369 1767 1441 Italien möge die Mission der Zivilisation, die es mit der Be¬
491 1408 1757 1500 setzung von Trivolis unternommen habe, glücklich beendigen.
2764 1109 3073 1196 unsge
1797 1179 3069 1235 schlagene Lager des kaiserlichen Generals durch einen Angriff von
1801 1229 3065 1294 rückwärts zu nehmen. Zwischen dem kaiserlichen Admiral und
1796 1276 3060 1332 dem Führer der Aufständischen sind Verhandlungen ein¬
1795 1317 2128 1381 geleitet worden.
1921 1356 3058 1432 Die Verstärkungen der Revolutionäre wurden beim¬
1787 1423 3064 1467 Ueberschreiten des Flusses etwas in Unordnung gebracht. Die
1793 1509 3062 1568 wie die guten Tenöre, das ist sehr wenig, wenn nicht zum tech¬
1788 1552 3057 1614 nischen Können und zur musikalischen Gewissenhaftigkeit ein
1797 1595 3061 1656 Einschlag von Persönlichkeit, ein Schuß von Eigenart hinzu¬
1796 1642 3062 1679 kommt. Von den Dingen, die das Klavierspiel erst zu einer
1790 1679 3052 1748 schöpferischen Tätigkeit machen, die es über das Niveau einer
1797 1742 3042 1793 mannellen Fertigkeit und auer Kunst des Nachempfindens hin¬
1793 1773 3044 1835 ausheben, verspürte man im Vortrag des Herrn Walter;
1789 1810 3049 1857 Georgii nur wenig. Den semoll=Variationen Op. 17 des
1787 1859 3051 1927 nanz in Vergessenheit gentenen Friedrich Kiel (der in
1790 1901 3054 1960 seinem klassizistischen Besteben nicht viel mehr als akademische
1791 1944 3034 1993 Werte produzierte) blieb er auch manches an technischer Deli¬
1794 1995 3010 2070 katesse und Klarheit schuldg. Anderes geriet ihm im-einsel#
2909 2033 2984 2071 ab
1790 2031 2007 2085 I3-G
2499 2033 2701 2093 Teiepten II.
2824 2060 3047 2125 raus zu
1784 2082 1888 2138 nie
1941 2065 2253 2164 Berlin N. 24
2860 2108 3044 2166 hin zu
1782 2126 1900 2182 sche
2850 2150 3048 2206 überzeu¬
2202 2156 2584 2235 Ausschnitt aus
1784 2168 1909 2229 ton
2853 2192 3049 2251 uck einer
1786 2218 1881 2271 gen
2869 2237 3025 2295 „Béné¬
1785 2257 1889 2308 auf
2019 2216 2792 2380 innischen Correspondent
2863 2281 3022 2339 ihrauch¬
2007 2274 2092 2347 133
1788 2299 1914 2348 dieti
1780 2341 1924 2400 Eksta
1796 2384 1928 2448 Juge
1784 2435 1917 2489 nur!
2921 2460 3018 2522 r an
1794 2478 1942 2535 wendi
1794 2520 1942 2586 den N.
2169 2611 2674 2701 Berliner Cheater.
1856 2682 2463 2753 Ma. schreibt uns aus Berlin:
1865 2681 3053 2785 rs. Trotz der ungewöhnlich hohen Preise (ein Parkettplatzj
1797 2752 3042 2830 kostete 13.50 M) war das Lessingtheater an Schnitzlers Pre¬
1792 2793 3054 2857 mierenabend ausverkauft. Nicht nur jenes äußerlich vornehmes
1797 2841 3039 2907 Berlin, das ohne rechtes Interesse bei allen großen Ereignissen
1791 2878 3065 2943 dabei sein muß, sondern auch die wahren Literaturinteressenten,
1796 2930 3056 2989 die große Gemeinde derer, denen der Wiener Poct köstliche Stun¬
1799 2955 3062 3022 den bereitet hat, waren erschienen. Man rüstete sich zu Ova¬#
1797 2995 3058 3058 tionen, trat in erwartungsvoller Stimmung ein und verließ das
1801 3043 3050 3106 Haus mit einem Gefühl der Enttäuschung. Und doch hatte man
1796 3058 3063 3142 kein Recht, unzufrieden zu sein. Auch dieses nicht ganz glückliche
1788 3114 3064 3177 Werk weist poctische Schönheiten und eine fesselnde Psychologie
1801 3141 3065 3225 auf, die einen wohl aufhorchen lasser und spannen kann. Aber!
1770 3195 3060 3278 1 das Problem mit seinem wunderlich verworrenen Thema ist, so
