3436 4448
683 128 765 175 W7
506 107 650 176 aS
262 114 1205 211 24.—Land
1373 99 1831 190 box 28/2
1196 326 1486 394 ussen
1181 422 1788 521 om: 13. 0KT. 1911
1244 540 2219 645 Artur Schnitzlers Tragikqnizee
1410 530 2020 730 Mrilte reah¬
1291 700 2177 762 Uraufführung im Burgkheater.
1388 754 2064 832 Von Ludwig Hirschfeld.
1275 818 2239 879 * Wien, 13. Okt. In Wien und Berlin, in
1219 860 2252 920 München, in Prag und in noch einigen deutschen
1219 903 2246 958 Städten wird morgen das neue Werkt Artur Schnitz¬
1217 945 2245 1015 lery gleichzeitig gespielt. Man kann sogen, daß das
1219 998 2236 1056 genze literarische und intellektuelle deutsche Publi¬
1201 1030 2250 1097 Fkum in diesem Abend erwartungsvoll gestimmt ist.
1201 1087 2246 1145 Man bringt der Entwicklung unseres ernstesten und
1204 1126 2235 1178 besten Dichters überall ein starkes Interesse entgegen,
1218 1162 2248 1224 so wunderlich diese Entwicklung manchmal auch sein
1200 1212 2249 1281 mag. Ich weiß nicht, ob diese Tragikomödie „Das
1204 1259 2234 1318 weite Land“ eine Entwicklung des Dramatikers
1222 1300 2248 1370 Schnitzler bedeutet. Eher scheint mir dieses Werk
1205 1336 2238 1419 zurückzuführen zu früheren Dichtungen; zum
1222 1380 2242 1441 „Zwischenspiel“ und zum „Einsamen Weg“, dessen
1212 1434 2238 1500 tiefgründig nachdenkliche, kompliziert verinnerlichte
1214 1484 2232 1537 Art sich hier wieder findet. Wieder dieselbe resig¬
1210 1534 2236 1580 nierte geistige Grundstimmung, dieselben wunder¬
1214 1563 2250 1639 lichen Menschen, für die das Aergste und Erschüt¬
1211 1610 2235 1668 terndste, der Tod und die Liebe, bloß Anlässe zur
1221 1650 1517 1714 Grübelei sind!
1272 1692 2246 1743 Der Herr v. Sala, der Held des „Einsamen
1213 1750 2233 1802 Wegs“ und der Fabrikant Friedrich Hofreiter, die
1199 1773 2243 1852 Hauptfigur des „Weiten Landes“ sind nahe seelische
1216 1831 2237 1882 Verwandte. Auch hier handelt es sich wieder um die
1204 1870 2237 1931 Tragik des innerlich Einsamen und Alternden. Hof¬
1213 1915 2237 1973 reiter lebt mit seiner jungen Frau Genia in einer
1207 1963 2234 2023 Villa in Baden bei Wien, und hier spielen vier von
1215 1999 2229 2067 den fünf Akten. Der erste Aktesetzt mit einer echt
1212 2048 2231 2118 Schnitzlerschen Stimmung ein: Die Hauptfiguren
1210 2089 2237 2151 kommen von dem Leichenbegängnis eines berühmten
1201 2119 2232 2199 Pianisten, der sich erschossen hat. Man führt nach¬
1200 2184 2227 2231 denkliche und gleichmütige Gespräche über den Tod
1196 2231 2225 2285 und stellt Vermutungen über die Ursache des Selbst¬
1198 2268 2252 2325 mordes auf. Man glaubt allgemein, der Pianist
1206 2316 2237 2371 habe sich aus unbefriedigtem Ehrgeiz das Leben ge¬
1201 2360 2230 2408 nommen. Nur Hofreiter ahnt einen andern Grund.
1202 2405 2228 2459 In einem Gespräch mit seiner Frau wird die Ahnung
1203 2445 2230 2506 zur Gewißheit. Der Pianist hat sich aus unglück¬
1196 2496 2215 2546 licher, hoffnungsloser Liebe zu Genia umgebracht
1203 2535 2232 2580 Sie selbst zeigt ihrem Mann einen Brief, den der
1196 2577 2224 2649 Pianist eine Stunde vor seinem Selbstmord an sie
1209 2623 2232 2694 gerichtet hat. In den übrigen Szenen des ersten
1194 2672 2227 2722 Aktes werden die sonstigen Figuren des Stückes ein¬
1201 2724 2228 2768 geführt: eine Frau Wahl und ihre Tochter Erna, ein
1199 2752 2232 2803 junges, kluges Mädchen, eine Schauspielerin und ihr
1210 2800 2237 2853 Sohn Otto, ein junger, sympathischer Marinefähn¬
1191 2839 2224 2901 rich, und ein Arzt Dr. Mauer. Hauptsächlich wird
1200 2877 2233 2947 aber das Verhältnis der beiden Ehegatten zueinander
1200 2917 2236 2987 charakterisiert; er betrügt sie fortwährend, und sie er¬
1205 2966 2235 3023 fährt alles. Aber es ist ihr egal; denn sie denk¬
1204 3021 2231 3067 nicht daran, sich zu rächen. Aber Hofreiter, ein merk¬
1203 3056 2236 3095 würdiger, komplizierter Mensch, kann die Episode
1199 3091 2238 3155 mit dem Pianisten nicht vergessen. Es ist ihm ein
1201 3155 2224 3202 unerträglicher Gedonke, daß jemand gestorben ist,
1200 3189 2218 3247 weil seine Frau so unerbittlich und tugendhaft war.
1196 3231 2227 3293 Er braucht einen Milieuwechsel und fährt in die
1191 3274 2230 3333 Dolomiten. Dort, in einem Hotel am Völser Weiher,
1201 3319 2223 3362 spielt der dritte Akt. Hier treffen mit Ausnahme
1194 3370 2232 3422 von Genia alle Figuren und noch einige Episoden
1192 3402 2234 3457 zusammen, und auch Hofreiter begegnet Erna, in
1183 3450 2231 3495 die er sich verliebt hat. In der Nähe des Ortes gibt
1198 3493 2232 3541 es einen Turm, den Aigenturm, von dem vor 15
1203 3536 2230 3592 Jahren ein Freund Hofreiters abgestürzt ist, und
1197 3576 2230 3636 seither hat sich niemand mehr getraut, den Turm zu
1205 3618 2214 3674 besteigen. Hofreiter wagt es und zwar in Gesell¬
1199 3668 2232 3707 schaft Ernas. Er will sich von seiner Frau scheiden
1198 3705 2218 3762 lassen, um Erna zu heiraten. Sie küssen sich, und
1204 3744 2227 3798 sie sagt ihm, daß er heute nacht ihre Tür offen
1204 3791 2227 3847 finden werde. Inzwischen hat Hofreiters Frau
1210 3840 2215 3894 Genia in Baden mit jenem Fähnrich ein Verhältnis
1203 3875 2220 3944 begonnen. Die Sache kommt Hofreiter in standa¬
1197 3919 2212 3972 löser Form zu Ohren, und obwohl ihm die Ange¬
1192 3970 2210 4019 legenheit ziemlich gleichgültig ist, muß er sich mit den
1204 4008 2399 4072 Fähnrich schlagen. Er erschießt ihn im Duell, und
1198 4056 2207 4106 damit ist das letzte Band zwischen den Ehegatter
