3392 4352
289 137 1257 264 24. Das veite Land
1402 148 1868 247 box 29/5
1045 777 1271 869 Seite 12
1677 801 2060 897 Wien, Sonntag
2598 838 2894 919 DER T
1883 942 2914 1037 hat kein leichtes Handgelenk, doch das Gewicht Büh
992 917 1885 1103 Bühne und Kunst
1890 1001 2904 1080 der Persönlichkeit. Sie war in ihrer edlen Haus= Diff
1895 1054 2902 1148 frauenmojestät wie eine traurige Königin im chei
1211 1088 1682 1190 Das weite Land.
1891 1109 2787 1192 Exil. Und auch aus tiefsten Tiefen emporgequäl¬
2786 1129 2912 1195 spiel
1884 1154 2789 1227 tes Leid — besonders ergreifend bei dem Vorlesen!
2783 1169 2911 1259 Jose
977 1160 2791 1301 Tragikomödie von Artur Schnitzler. Zum ersten des Brieses im ersten Akt und bei den Schluß¬
1216 1219 1672 1304 Male im Volkstheater.
2779 1233 2917 1289 tätig
1886 1245 2793 1345 szenen — bringt nichts Trübes und Dunkles mit,
1031 1257 1885 1369 * Das weite Land ist die Seele. Sie ist ein so
1894 1296 2565 1379 sondern hat edlen, goldenen Klang.
2770 1303 2919 1404 kürz
985 1325 1886 1411 weites Land, daß ihre Zentralregierung die Kon¬
1926 1351 2910 1447 In der herzenswarmen Biederkeit des Herrn Ther¬
986 1384 1887 1471 troll= und Herrschaft über die fernen Provinzen
1887 1397 2910 1480 Lessen, in der skurril=geistreichen Bohemie desslan
981 1431 1883 1520 perliert. Diese schließen Bündnisse und lassen sich
1884 1450 2896 1541 Herrn Ziegler, in der unheimlichen, masochi= für!
981 1477 1880 1559 in kriegerische Abenteuer ein, die den Absichten
1883 1505 2905 1596 stischen Selbstironie des Herrn Lackner wurden Jose
974 1525 1875 1623 und Interessen des Zentrums widerlaufen, was
1877 1549 2900 1651 die interessantesten Gestalten des Dichters restlos stank
968 1576 2878 1675 zu schweren innerpolitischen Konflikten führt. lebendig. Frau Else Schilling machte in einer gen
1035 1622 2862 1723 Es ist das Schnitzlersche Erlebnis, das funda= kurzen Rolle ein langes und schweres Schicksal 75.
973 1667 1880 1747 mentale Problem all seiner Dichtungen. Sie
1886 1697 2890 1782 fühlbar. Sie kann mit Perspektive spielen. Cäcilie statt
977 1727 1876 1800 scheiden sich in verschiedene Gattungen je nach der
1883 1750 2892 1839 Lvovsky: frühlingsherb und — nicht aus Kört
974 1776 1864 1864 Verfassung des „weiten Landes“. Wenn dieses bloß
1880 1795 2769 1884 Moral ehrlich, sondern von Natur echt — klar wie
2762 1814 2894 1891 ange
974 1827 1872 1903 ein locker gefügtes System von vereinigten Staaten
1873 1857 2767 1939 geschliffener Kristall. Sehr gut auch Herr Benno
2772 1873 2881 1938 dem
967 1880 1866 1958 ist, wo kein verantwortliches Zentrum schwere
1869 1896 2763 1982 Smytt — mit seinem bebenden Feuer und seiner
2754 1914 2899 2002 sofor
971 1929 1873 2009 Konsequenzen für die Grenzzwischenfälle zu tragen
1869 1935 2768 2044 schüchternen Entschlossenheit — als der junge Lieb¬
970 1968 1874 2047 kat, bann sind besagte Provinzabenteuer eher
1873 1992 2191 2063 haber der Frau.
2761 2007 2891 2087 teilt
961 2016 1882 2128 amüsant und ergeben ein Lustspiel. Hat aber jene
1908 2033 2759 2127 Überhaupt scheint Schnitzler in der jüngeren
2759 2072 2886 2132 nah#
970 2064 1869 2153 weite, äußere Seele trotz allem eine innere Seele,
1874 2091 2896 2176 Generation unproblematischere, klarere, stärkere hand
962 2120 1872 2195 einen Kern, dann ergibt sich die Tragödie, daß
1863 2135 2882 2238 Menschen gesehen zu haben. Mit Recht. Zumindestvorge
959 2159 1865 2250 einem die kleinen Freuden großes Leid bereiten,
1865 2191 2899 2280 hat diese Generation eines voraus: sie ist in ihrer gelin
957 2206 1865 2304 daß die Dinge, die man so tut, zwei Bedeutungen
1862 2239 2874 2323 Frivolität viel sachlicher und weniger empfindsam. hat
958 2259 1867 2340 haben. Eine Bedeutung an sich von angenehmer
1868 2290 2877 2384 Die unwichtigen Nebenerlebnisse konnten für Fin
957 2311 1878 2412 Nichtigkeit und eine tödlich ernste Bedeutung für
1864 2335 2903 2432 Schnitzlers Helden nur darum tragisch=gefährlich einer
958 2363 1862 2455 die Seele unserer Seale. Ein bitteres Unrecht ge¬
1852 2398 2895 2485 werden, weil sie ihnen nicht genügend un¬ finan
953 2412 2930 2534 schieht durch dieses Lebensgesetz den Menschen=swichtig waren. Die neue Generation aber hat zu s#
959 2452 1860 2556 kindern. Die Steuerseele hält treu den Kurs. Doch
1860 2491 2755 2562 andere Sorgen, zuweilen in Form von ernsten
955 2506 1851 2600 hundert kleine Segelseelchen sind freien Winden
1861 2527 2756 2620 Aufgaben und Lebenszielen Ihre Seele ist fester
956 2569 1848 2644 ausgeliefert und wersen das Schiff zuweilen doch
2766 2542 2911 2653 21
1857 2583 2754 2674 verankert. Die kleinen Liebeleien werden nicht aus
938 2611 1853 2685 aus der Bahn in hafenlose, dunkle Gewässer. Die
1847 2630 2760 2733 der Mode gekommen sein, aber sie bleiben die
946 2639 1845 2751 Menschen verlassen und verraten einander, ohne
1862 2677 2470 2765 Bagatellen, die sie zu sei. haben.
946 2697 1600 2778 eigentlich untreu geworden zu sein.
2377 2721 2719 2817 Béla Balázs.
980 2749 1862 2851 Der Fabrikant Hofreiter liebt seine Frau. Und
2711 2777 2865 2857 licht:
951 2783 1857 2907 trotzdem. Sie leidet und wartet und ein sympathi¬
1900 2795 2739 2905 „Clo=Clo“ am Johann Strauß¬
2791 2848 2849 2906 b
2166 2869 2396 2944 Th.-4.„
944 2844 1862 2950 scher junger Anbeter hat sich ihrer Tugend wegen
937 2899 1852 2986 erschossen Doch gerade diese unerschütterliche Tu¬
945 2940 2002 3053 gend ist dem Manne unheimlich. Sie bedrückt ihr. eine ##
945 2989 2001 3096 Er ist vor allem stolz und weil er es nicht er=[Leha
941 3031 1974 3131 tragen kann, der schlechtere zu sein, flieht er vor nicht
943 3098 1999 3198 seiner Frau in neue Abenteuer. Inzwischen er= über 1
942 3146 1994 3235 scheint ein neuer Anbeter und die Verlassene und schen !
937 3194 1987 3286 Gekränkte nimmt seine Liebe auf sich, weil sie retten
939 3229 1983 3356 seinen Tod nicht auf sich nehmen will. Der Gatte mit se
929 3275 1981 3394 scheint wie von einem Alpdruck befreit, Eifersucht neuen
933 3327 1988 3444 läßt alte Liebe entflammen und auf dunklen, unter=wirksar
927 3387 1984 3477 seelischen Wegen zu seiner Frau zurückgefune späre,
926 3421 1975 3528 den erschießt er ihren Geliebten, den sie nicht Tenor
925 3473 1982 3583 liebt, im Duell. Er ist vor allem stolz. Doch die das m¬
930 3518 1986 3603 Frau, die seit Jahren auf diese Wiederkehr ge= lampe
922 3579 1827 3649 wartet hat, wendet sich entsetzt und angeekelt nun
1830 3598 1988 3676 mäßig.
927 3617 1828 3713 endgültig von ihm ab. Denn viel zu viel Strömun¬
1824 3657 1995 3721 stellung
928 3667 1821 3773 gen hat die Seele und nur wer eine ganz stille oder
1827 3707 1993 3784 französ
922 3714 1822 3800 gar keine hat, vermag sein Leben sicher zu steuern.
1823 3755 1985 3826 üblich
923 3769 1817 3867 Es kommt immer anders und man kennt sich nicht
1856 3804 1988 3866 Frä¬
918 3813 1046 3879 aus.
1817 3848 1989 3919 natürli
945 3842 1980 3969 Diese schöne Dichtung, voll leicht=flüssiger[Kran
921 3889 1807 4003 Schwerr und elegant verhaltener Leidenschaft,
1818 3948 1992 4012 Kolbes
913 3959 1979 4068 hat keine straffe Konstruktion, wie es die Vor¬ Tänzer
913 4009 1811 4095 schrift für das Drama erforder“. Sie „gleuet“,
1813 4048 1984 4111 werden
913 4065 1811 4140 wie auch in ihr gesagt wird, mit romanhaftem
1812 4098 2029 4169 wie ihr —
902 4094 1984 4198 Schweben von Einem ins Andere und man sind, a
916 4148 1069 4194 kommt
