3296 4320
583 105 659 161 W
891 106 997 164 I. a
1295 90 1712 191 box 29/1
166 96 1139 211 24. Das seite nund
267 908 944 1069 Hacaoverscher Anzeige
424 1016 1099 1231 Unon 1020
872 1082 1182 1255 G00
1340 1240 1760 1299 K
1204 1308 3170 1377 Stückchen seelisches Leben einiger Menschen, wirk= f übelriechenden Verwesungsprozeß für die ganze, à
495 1214 976 1391 Mn ME-Au.
1212 1333 1936 1385 liches wahres, unbeschönigtes Leben-
1911 1348 2177 1403 — munterer
2175 1353 3133 1419 menschliche Gemeinschaft bedeuten, wenn sie all¬
265 1361 1187 1432 Pragikomödie in 5 Akten von Arthur Schnitzler.
1210 1363 2167 1434 Genuß, in dem das Leid ruht, und furchtbare Not,
2168 1397 3136 1454 gemein wären. Und man kann so gesund sein, so
3118 1291 3247 1459 55
1211 1412 2172 1466 die der Komik nicht entbehrt, weil alle kleinen
344 1408 1153 1486 (Uraufführung in der Schauburg.)“
2171 1422 3142 1496 unmodern — man schämt sich allerdings beinahe,
1196 1434 2175 1504 menschlichen Schwächen mit im Spiele sind. So
2160 1449 2524 1514 es einzugestehen
285 1445 1202 1524 Tragikomödie nennt Schnitzler sein neuestes
2563 1455 3131 1514 daß man doch einen leisen
1205 1471 1298 1520 ist
1288 1469 1470 1530 dieses
1479 1478 1618 1526 Werk
1611 1475 1745 1526 ein
1734 1478 1917 1533 Beweis
2052 1488 2176 1536 der
1936 1485 2074 1531 von
2162 1487 3130 1540 Abschen vor den Schnihzlerschen Menschen nicht ver¬
237 1475 1213 1559 Werk. Leicht ist es ihm gewiß nicht geworden,
1209 1508 2170 1559 Kenntnis der menschlichen Seele, eine starke Lei¬
2169 1528 3126 1573 windet. Aber wer will dem Dichter sein Ma¬
235 1513 1208 1586 diese Bezeichnung zu wählen, denn er weib so
1707 1554 1791 1594 —
1216 1535 1730 1601 stung an geistiger Kraft
1762 1547 2174 1601 eine echte Dichtung
2161 1557 3129 1616 terial vorschreiben? Weniger was er verarbeitet
247 1542 1212 1619 gut wie wir, daß die Tragikomödie ein Stieftind
1200 1584 2169 1641 endlich, weil nicht spitzfindige Klügelei, sondern
2163 1587 2946 1653 als wie er es tut, kommt in Betracht.
235 1582 1203 1651 der Muse ist, ein Zwitter, meist eine Scheußlichkeit.
2934 1604 3128 1653 Und der
1206 1615 2160 1678 allein dichterische Inspiration auf diesen allerver¬
2167 1623 3135 1682 letzte Akt des Werkes bringt ja denn auch eine
237 1622 1208 1688 Aber Schnitzlers „Weites Land“ is ein anderer
1201 1647 2161 1715 borgensten Pfaden des weiten Landes führen
239 1652 1201 1727 Schauplatz der Handlung als der bisher geschaffe¬
2158 1661 3123 1720 ganz offenbare, sittliche Klärung und Erhebung.
1198 1675 1377 1729 konnte.
230 1685 828 1742 ner Tragikomödien. Sonst —
2206 1693 3135 1754 Doch halt! Ist das auch wirklich der Falls
813 1701 1206 1760 man denke an das
1262 1710 2162 1779 Das Aeußere dieses Werkes zeugt von großer
238 1718 1211 1785 klassische Beispiel des Unerträglichen: Hebbels
2157 1720 3132 1777 Man kann beim Lesen des Werkes anderer An¬
1193 1736 2173 1804 Kunst: der dramatische Aufbau ist geschickt, was
2167 1759 3129 1817 sicht sein. Man kann es erleben, daß keine Er¬
240 1758 1198 1824 „Trauerspiel in Sizilien“ — schritt eine sozusagen
1199 1785 2172 1843 ich schon dadurch erweist, daß eine Zuhörerschaft
229 1779 1204 1847 äußerliche Handlung lustig dahin, um durch Ver¬
2167 1786 3136 1860 wärmung für die Schnitzlerschen Menschen ein¬
1195 1802 1321 1861 sehr
1327 1824 1869 1872 bald durchaus gefesselt
2056 1823 2173 1871 Die
1862 1827 2030 1867 wird.
233 1820 1213 1896 wickelungen oder auch die rohe Hand des Zufalls
2168 1829 3125 1875 tritt. Ich habe den Argwohn, daß hier Hand
1202 1846 2163 1906 Charaktere sind von verblüffender Mannigialtig¬
2158 1866 3123 1927 und Geist eines Nachschaffenden etwas Sympa¬
233 1855 1202 1918 in grausamste Tragik verwandelt zu werden, die
1206 1870 2163 1935 keit und doch jeder in sich geschlossen, eine zum
225 1875 1197 1958 sich doch nur wieder wie ein frecher Spaß ge¬
2152 1889 3092 1952 thischeres zustande gebracht und uns durch die
1187 1900 1919 1977 mindesten interessante, Persönlichkeit
1971 1926 2168 1970 ein le¬
2152 1931 3069 1995 1 Bühne vermittelt haben, als der Dichter selbst vie
241 1925 1203 1995 bärdete. Solche Tragikomödie ist eine dichterische
1200 1945 2165 1993 bender Mensch. Die Sprache ist von ungezwun¬
2149 1958 2546 2017 leicht beabsichtigte
233 1947 1198 2023 Anstrengung nicht wert. Aber Schnitzler fand
2570 1967 3007 2024 Es sollte mich darum
1198 1987 2163 2035 gener Alltäglichkeit der Worte und doch oft schön.
2152 2001 2982 2061 wundern, wenn bei anderen Bühnen der
227 1993 1203 2066 einen entschieden neuen Weg, dem Tragikomischen
1196 2015 2164 2077 Wenn man Ibsens Dialog einen solchen Zzweiten
225 2028 982 2085 mit dichterischer Würde beizukommen.
2152 2027 2972 2095 des Werkes nicht ein so warmer, unbest
1200 2051 2157 2109 Grades“ genannt hat, so möchte ich den Schnitzlers
2152 2063 2957 2110 wäre als in der Schauburg. Direktor
280 2052 1198 2126 Dem Menschen pessimistischer Weltanschauung ist
1202 2087 2155 2143 einen Dialog der vierten Dimension nennen. Hier
2155 2096 2964 2154 Rolan hat das Werk meines Erachtens i
229 2097 1201 2156 es eine ausgemachte Sache, daß hinter allen Freu¬
1192 2115 2157 2177 wollen oft die Worte nicht sagen, was sie zu
2153 2123 2935 2193 rend aufgefaßt, wozu die Möglichkeit
217 2129 1076 2196 den des Daseins das Fixchtbare lauert —
1096 2150 1200 2193 die
3121 2142 3210 2196 Wier
1193 2149 2162 2213 bedeuten scheinen. Nein, hinter ihnen bergen sich
223 2172 1199 2222 natürlichen, eigenwilligen Mächte, die sich als Zu¬
2157 2165 3035 2228 man will — ebenfalls aus der Eigenart
3110 2178 3182 2231 che
1196 2189 2088 2241 Dinge, die der Hörer nicht weiß, und die
226 2201 1191 2259 fall geben und den Glauben an einen Gott des
2155 2196 3112 2254 Schnitzlerschen Dialogs zu gewinnen ist. Sodann
3101 2217 3182 2266 we
1193 2212 2162 2292 o Kühnheit! — der Sprecher selbst vielleicht nur
2157 2223 3107 2286 hat er der Dichtung sehr umfangreiche Streichun¬
213 2211 1196 2291 Bösen, nicht des Guten, aufkommen ließen. Um¬
1187 2249 2079 2310 ahnt oder auch das nicht einmal. Denn so
219 2262 1202 2339 gekehrt erkennt der Mensch jedweder Anschauung
2147 2268 3116 2331 gen angedeihen lassen die eine geradezu uner¬
3104 2283 3199 2330 ideg
1182 2277 2158 2335 ist es im wahren Leben. So sprechen die diffe¬
215 2291 1187 2368 auch in dem Traurigsten des Lebens, in der Nähe
2152 2307 3128 2356 trägliche und ermüdende Breite glücklich verbin¬
3116 2307 3249 2372 striche
1188 2310 2160 2379 renzierteren Menschen — zumal unseres modernen
2147 2333 3118 2396 dert haben. Für beides muß das hannoversche Pu¬
215 2330 1201 2402 besehen, meist eine gewisse Komik. Sie kommt
1186 2346 1410 2408 Zeitalters
3112 2345 3230 2398 Aber
1453 2355 2149 2417 zumal wenn sie auf der Kehrseite
218 2364 1190 2430 aus den menschlichen Schwächen, die noch der
2150 2365 3119 2436 blitum dankbar sein, und es bewies dies auch
3109 2376 3248 2441 stellun
1189 2395 2161 2457 seiner Kraft stehen, wo Nervosität, Hysterie und
2148 2396 3011 2463 durch starken, immer wiederholten Beifall.
217 2403 1188 2460 Stärkste hat. Das Leben — die Welt der Tatsachen
3103 2413 3224 2468 des
1187 2422 2152 2488 gar psychopathische Anwandlungen zu Hause sind.
216 2429 1200 2502 ist so die Stätte der Tragikomik. Unser einseiti¬
2193 2435 3111 2499 Die Uraufführung dieser Tragikomödie bedeutet
3100 2449 3257 2507 eigene
1243 2461 2157 2515 Damit bin ich bei dem Punkte der Betrachtung,
211 2454 1194 2521 ges, bedingtes Fühlen läßt uns nur oft das im¬
2150 2466 3031 2532 einen wahren Erfolg für die Schauburg. Es
3109 2483 3226 2534 gen
1184 2471 2149 2548 der nicht allein die Freude auslöst. Mußte es
216 2505 1188 2564 mer Zwiespältige nicht sehen. Die Welt aber ist
2153 2503 3118 2565 sehr zu beachten, wie diese Bühne, die doch oft der
3104 2513 3225 2569 noff
1188 2522 2153 2577 sein, daß unter diesen vielen Menschen der Dich¬
218 2530 724 2592 in des Menschen Seele,
2138 2528 3114 2597 leichtgeschürzten Muse dient, eine derartige Auf¬
752 2541 1193 2605 im Mikrokosmus der
3109 2559 3219 2606 legt
1191 2555 2156 2609 tung gerade nur ein Mann lebt, der wahr und
211 2571 1190 2629 Makrobosmus, — die Seele ist — das weite Land.
2150 2568 3115 2622 gabe bewältigte. Das waren schauspielerische Lel¬
3111 2585 3224 2651 Cle¬
1176 2585 2145 2644 treu ist, und eine Frau, die die Reinheit keunt?
2143 2611 3119 2674 stungen von sowohl literarischer wie gefühlsmäßt¬
254 2598 1193 2658 Ein Wandern in dem weiten Land der Men¬
1188 2618 2152 2678 Mußten die anderen Männer neben tächtigen Eigen¬
2145 2648 3099 2693 ger Durchdringung. Der Dichter soll zufrieden sein,
203 2626 1186 2698 schenseele ist das Schnitzlersche Werk. Seine Hand¬
3099 2557 3239 2705 10
1181 2645 2150 2716 schaften die der Schürzenjägeret haben oder jäm¬
2149 2674 3107 2731 dem eine solche Verdolmetschung seiner Gedanken
217 2666 1185 2738 lungen sind nicht klar bewußte, wie sie Dramen¬
3100 2680 3211 2738 und
1191 2684 2141 2745 merliche Ehehelden sein, die die Ehebrechereien
211 2698 1195 2772 helden schaffen, seine Verwicklungen sind nicht
2144 2710 3105 2759 zuteil wird! Wie die dramaturgische Bearbeitung,
3101 2724 3211 2772 daß
1185 2722 2149 2787 ihrer Weiber wissen und doch in Liebe vor ihnen
219 2746 1185 2805 äußerliche, die irgend eine Kraft klären könnte,
2137 2738 3091 2790 so lag selbstverständlich auch die Spielleitung in
3098 2750 3244 2805 Abend
1185 2761 2153 2803 auf den Knien liegen? Mußte die zuerst tugend¬
219 2767 1181 2834 sondern allerfeinste, seelische Verästelungen der
2146 2784 3089 2828 Franz Rolaus Händen. Und sie bewies sich
3104 2785 3254 2850 hanno
1178 2788 2136 2852 same Heldin den jungen Sohn ihrer Freundin —
214 2796 1194 2878 einen Menschen, die in ähnliche oder gleiche an¬
2145 2806 3117 2872 durch straffste Disziplin aller Mitwirkenden, feinste
1186 2829 2151 2887 verführen? Mußte ein junges Mädchen von sonst
204 2832 1184 2900 derer hineinranken, sich mit ihnen verkrampfen,
2134 2842 3117 2906 Durcharbeitung jeder kleinsten Szene, auch der
1183 2854 2144 2921 scheinbar klaren Anschauungen durchaus das Ille¬
207 2861 1197 2945 ein schweres Kampfspiel treiben, das doch so ober¬
2150 2877 3119 2928 scheinbaren Nebensachen, endlich stilvolle Ausstats
1181 2887 2143 2945 gitime wollen und schamlos sein, wo man die
203 2897 1186 2964 flächenfern ist, daß man es nur ahnt uind fühlt,
2147 2902 3108 2970 tung. Wenn nun auch noch die außerordentlich
3089 2907 3224 2969 rung
1168 2911 2147 2980 Kraft einer großen Liebe fühlen soll? Mußte es
198 2937 1187 3009 oft nicht sieht und selten — versteht. Denn die
2147 2935 3108 3001 schwierige Rolle des Hauptspielers der Dichtung
3100 2944 3253 3003 berichts
1184 2950 1375 3001 sein? —
1353 2959 2139 3023 Natürlich! Wer will mit einem Dichter
208 2967 1183 3036 Seele ist ein ach so weites Land! Unsere eigene
2137 2975 3098 3025 denselben Mann ins Feld führte und ihm schau¬
3101 2980 3241 3034 meist
1184 2988 1384 3036 rechten!
1361 3001 2137 3060 Schnitzler ist Oesterreicher und seine
206 3011 1182 3067 schon, wie wir mit Eitelkeit konstatieren. Und
2132 3009 3104 3065 spielerisch ehrliche. Bewunderung eintrug, so kommt
3095 3016 3250 3079 genan
1176 3026 2149 3089 Menschen sind Wiener. Die Decadence steht auf
211 3040 1187 3110 nun erst die des andern, zu der wir im letzten
2143 3046 3105 3097 man dazu, diese Leistung der Schauburg, die sich mit
3100 3060 3250 3108 Wien,
1173 3058 2138 3126 ihren Stirnen eingebrannt. Moral ist ein ver¬
210 3074 1178 3150 Sinne nie den Schlüssel finden. „Hineinschauen
2136 3073 3100 3130 der Uiraufführung des Wertes in die Reihe von
3093 3070 3243 3148 wuirde
1180 3081 1479 3147 alteter Begriff
1571 3109 3096 3167 Ich will nicht sagen, daß dreizehn anderen ersten Bühnen stellte, als seine
215 3102 1173 3172 in mich kannst du doch nicht! Kana keiner!“
3099 3131 3220 3170 mer.
205 3134 333 3186 Das
1170 3127 3113 3211 wir anderen Menschen alle anders wären. Ich] Tat zu erkennen und das warm und dankbar zu
415 3149 1188 3208 der Grund und Boden, auf dem die
3092 3148 3245 3221 richtet
1171 3159 2332 3229 werde mich hüten. Aber Menschen wie die der j betonen.
206 3185 3154 3232 Schnitzlersche Tragikomödie gewachsen ist: ein Schnitzlerschen Tragikomödie würden natürlich einen! Eine Angabe des Inhalts der Tragikomödie!
