3392 4224
687 51 792 106 We
263 34 1218 137 24. basLand
1393 60 1802 150 box 29/6
401 1178 1615 1244 eine Fahrt ins Dunkle, von der Lüge in die Lüge ge¬
388 1238 583 1307 trieben
675 1249 1627 1329 nur schade, daß all das nicht dramatisch
402 1309 1632 1386 ist. Es ist ein gewaltiger Irrtum unserer Dichter zu
389 1355 1623 1440 glauben, daß sie das Groteske oder — wie sie es oft
398 1418 1628 1503 nennen — Tragikomische, das darin besteht, daß der
398 1484 1618 1559 Mensch scheint, was er nicht ist, und unter der Geißel
395 1525 1621 1622 des Augenblicks tut, was er nicht will, einfach zum
396 1603 1617 1668 Lebensnerv des Dramas machen können. Auf der
386 1662 1597 1733 Bühne muß aus seinen eigenen Gedanken und Hand¬
389 1727 1619 1794 lungen (die deshalb für den Zuschauer eindeutig und
383 1775 1611 1833 logisch sein müssen durch sich selber oder durch die Ge¬
376 1839 1609 1902 danken und Handlungen anderer Personen) ein Charakter
374 1906 1603 1950 erwachsen, der in sich abgerundet ist, dessen Lebens¬
381 1953 1615 2030 äußerungen so mannigfaltig sein können, wie es der
384 2023 1611 2076 enge Raum der Bühne zuläßt, von dem ich aber eine
384 2079 1611 2139 so feste Vorstellung gewinne, daß mir seine Handlungen
380 2135 1607 2218 durch sein Wesen erklärlich erscheinen. Der Novellist
375 2215 1615 2274 dagegen zeichnet weniger plastisch; er kann uns selbst
377 2261 1610 2337 mit wenigen Worten sagen, wie geartet seine Personen
383 2309 1608 2395 sein sollen, und wir glauben es ihm; mit ebenso wenigen
375 2381 1612 2457 Worten kann er uns Wandlungen im Geiste seiner
372 2430 1617 2494 Personen oder Aberraschungen in ihren Handlungen
375 2500 1597 2572 bringen. Dem Dramatiker wird es nicht leicht, einen
378 2555 1599 2633 Othello in Eifersucht zu hetzen; der Novellist braucht
373 2618 1604 2686 uns kurz zu sagen: ein Schurke verstand, seine Eifersucht
365 2679 1600 2746 zu erwecken, — und niemand wird Zweifel daran hegen.
361 2732 1592 2815 Dagegen hat der Novellist andere Verpflichtungen: wir
372 2794 1598 2871 stehen seinen Personen nicht so Auge in Auge gegen¬
360 2859 1591 2934 über, wir glauben ihnen nicht gleich, daß sie Menschen
364 2915 1600 2989 von Fleisch und Blut sind, und der Dichter muß eine
369 2974 1594 3035 Anmenge kleiner und kleinster Züge zusammentragen; die
366 3026 1603 3121 Art der Schilderung übt hier den Neiz aus, das Milieu,
1981 1194 3213 1305 in dem sich die Personen bewegen. Deshalb mag es
1986 1286 3205 1361 eine naturalistische, idealistische usw. Epik geben, je nach¬
1978 1309 3204 1421 dem der Epiker objektiv, subjektiv usw. ist, für die
1975 1377 3200 1483 Dramatik taugt nur der Realismus, der weder photo¬
1972 1460 3194 1525 graphiert, noch phantasiert, sondern folgerichtig entwickelt.
1980 1506 3201 1593 Der Dramatiker muß die Seelenkräfte des Menschen in
1968 1566 3196 1650 ihrer unendlichen Mannigfaltigkeit kennen, sie sind die
1967 1629 3198 1720 Bausteine, aus denen er in geheimnisvoller Gesetzmäßig¬
1970 1686 3204 1774 keit seinen Bau schafft: den Charakter, und alles, was
1973 1750 3198 1837 nicht diesem letzten Ziele dient, ist im Drama minder¬
1968 1805 3196 1896 wertig. Zwar heißt Drama Handlung, wie alle
1971 1867 3185 1935 ledernen Dramaturgen in ihren poetischen Handwerks¬
1963 1927 3114 2016 lehren betonen, dennoch ist eine Handlung an sich
1955 1986 3198 2061 d. h., wenn sie nicht von den Charakteren getragen
1949 2059 3194 2129 wird — etwas Zufälliges, Erklügeltes und deshalb etwas
1966 2100 3193 2190 Vergängliches (man denke an die Myriaden von farb¬
1951 2160 3192 2256 losen Liebes= und Ebedramen); wahre Kunst ist jedoch
1952 2237 3191 2316 unvergänglich, da sie der Mensch selbst in seiner Seelen¬
1945 2272 3193 2374 blöße ist; aus den Zufälligkeiten, aus dem Erklügelten
1945 2342 3179 2430 der Handlung muß sich erst das Höchste loslösen, an
1943 2386 3188 2484 das der Dichter sein Herzblut verschwendet hat: der
1954 2465 3176 2526 Charakter. — Ansere Dramatiker (mit geringen Aus¬
1949 2527 3172 2595 nahmen) sind wenig geeignet für das Drama höheren
1954 2574 3174 2666 Stils — vielleicht, weil ihnen das Herzblut fehlt,
1945 2638 3181 2723 vielleicht, weil ihre Weltanschauung die Schaffenskraft
1945 2700 3165 2794 lähmt. Fragen wir uns: Warum sind uns Shakespeare,
1941 2763 3172 2845 Molière, Goethe usw. und selbst der von der modernen
1941 2821 3168 2906 Generation so sehr verhöhnte Schiller noch lebendig, so
1940 2870 3180 2971 können wir nur antworten: sie haben Charaktere ge¬
1926 2922 2133 2999 schaffen.
2016 2991 3163 3077 Arthur Schnitzler hat in seiner Tragikomödie weder
1928 3060 3162 3162 dramatische Handlung noch dramatische Charaktere. Erst
