3344 4352
1567 166 1838 237 e
704 166 1505 243 Gechiltadt dnt in nete. eseen
2183 195 2335 253 Wen
695 230 2173 285 sein Prinzeßlein heimgeführt. Daran bedeutet alles, aber es wird nicht daran
2183 233 2923 305 bezeigung für den Komponisten, der so viel
1439 261 2173 318 gedacht, was eigentlich geschehen würde,
696 264 1436 325 wäre allerdings noch nichts so Besonde¬
2178 282 2613 340 Schönes geschaffen hat.
1451 314 2173 364 wenn die Frau das Gleiche thäte. Ehe¬
695 314 1441 366 res, wenn nicht der Prinz, der nach dem
2220 314 2923 379 Im Großen Musikvereinssaale sang ge¬
1453 337 2176 392 bruch? Kleinigkeit! Bis er eines Tages
694 348 1439 422 gegenwärtigen Thronfolger erbberechtigte
2180 360 2929 412 stern Emmy Destinn. Dinh Gilly von der
1442 389 2164 443 doch so weit kommt und in diesem Mo¬
707 398 1429 451 Anwärter auf den Habsburgerthron wäre,
2519 401 2928 458 a in New York wirkte
2184 409 2429 459 Metropolitan
1450 426 2174 474 mente das durch moderne Zucht zurückge¬
694 440 1430 485 und seine junge Frau, ein wirklich reizen¬
2190 443 2928 499 mit. Die Destinn ist ja bei uns in Wien
1445 470 2163 515 haltene, aber so ungeheuer menschliche Ge¬
700 476 1436 544 des Weibchen, so ein echtes Märchenprin¬
2180 488 2915 546 nicht unbekannt und wie immer so wur¬
1442 508 2175 564 fühl der Eifersucht sich Bahn bricht, und
696 523 1441 572 zeßlein, die allen Leuten den Kopf ver¬
2191 536 2918 574 den ihre Darbietungen aus diesmal mit
1441 553 2170 615 dieses ganze System moderner Lebensauf¬
704 560 1444 616 dreht. Aber es kommt noch viel mehr.
2172 564 2924 613 lautem Beifall belohnt. Das Programm
1443 585 2047 657 fassung über den Haufen wirft.
702 605 1437 666 Etwas, was bei österreichischen Erzherzo¬
2181 609 2942 678 allerdings schien diesmal nicht von Mei¬
1476 638 2167 699 Auch die Operette hat in Wien bereits
692 643 1446 698 gen eigentlich schon ziemlich lange nicht da
2182 649 2928 716 sterhand gewählt zu sein. Wagner's
700 683 1434 751 war, ist in Schwarzau geschehen: Die
1448 690 2168 738 ihre Triumphe gefeiert. Im Johann
2189 682 2929 749 Duett aus dem „Fliegenden Holländer“
704 730 2171 781 Heirath ist nämlich standesmäßig und soll Strauß=Theater, und eine Woche später
2186 722 2927 788 gehört nicht in den Konzertsaal, ebenso¬
694 776 1442 834 eine veritable Liebesheirath sein. Sie
1451 772 2173 826 im Carl=Theater. Hier ist Oskar Strauß
2193 752 2933 835 wenig die „Ballade der Senta“. Dinh
1447 815 2174 858 der Komponist, dort Ottenheimer, ein gu¬
694 804 1435 876 heißt Zita, er Karl Franz Joseph. Er ist
2189 805 2936 878 Gilly haben wir das erste Mal in Wien
704 852 1435 902 der älteste Sohn des verstorbenen Erzher¬
1452 858 2166 905 ter Kapellmeister, aber ein noch ganz un¬
2181 836 2934 910 gehört. Ein schöner klarer Bariton aber
1456 900 2175 946 bekannter Operettenkomponist, der schein¬
700 892 1435 945 zogs Otto, der Großneffe unseres Kai¬
2193 900 2430 972 ohne Wärme.
1459 941 2177 985 bar gegen die Popularität Straußen's
704 931 1441 992 sers, kaum vierundzwanzig, seit seiner
2221 917 2946 991 Nun schreitet die Saison rüstig ihrem
1457 980 2169 1034 nicht aufkommen zu können schien. Auf
700 977 1441 1037 Verehelichung Major der österreichischen
2193 983 2935 1037 Höhepunkt zu. Die Theater machen die
1458 1020 2178 1073 beiden Seiten Routiniers als Librettisten.
694 1017 1436 1068 Armee; sie eine Prinzessin von Parma,
2194 1021 2935 1083 besten Geschäfte und die ersehnten Kassen¬
1456 1066 2174 1113 Im Strauß=Theater unser bekannter Sa¬
692 1061 1447 1129 und die beiden heiratheten, wie gesagt,
2194 1064 2934 1120 erfolge bleiben nicht aus. Burgtheater,
1459 1108 2171 1153 tyriker Julius Bauer. Im Carl=Theater
747 1107 1443 1157 — aus Liebe. Man erzählt da ein ganz
2190 1114 2930 1154 Carl=Theater und Johann Straußtheater
706 1122 751 1172 —
1456 1141 2187 1195 Leo Stein und Dr. Willner, da und dort
700 1141 1440 1196 hübsches Anekdötchen: Als nach dem Ring¬
2190 1138 2945 1205 haben bereits ihre Zugstücke, ebenso die
1458 1184 2172 1249 schönklingende und vielsagende Titel:
700 1185 1442 1251 wechsel die kleine Schloßkapelle, denn die
2196 1184 2936 1241 Volksoper mit der Aufführung von Um¬
1448 1226 2177 1291 „Heimliche Liebe“ und die „Kleine Freun¬
704 1231 1437 1289 jungen Leute hatten sich für eine Hoch¬
2188 1233 2940 1297 berto Giordano's Sibirien, worüber ich
1455 1273 2171 1330 din“. Als man vor etwa einem Monat
707 1278 1449 1329 zeit im engsten Kreise, ganz nach moder¬
2201 1276 2941 1323 das nächste Mal berichten werden. Nur
1447 1309 2182 1357 von den beiden Novitäten hörte, da waren
710 1315 1448 1380 ner Art, entschieden, ohne auf das Zere¬
2195 1313 2937 1373 Herr Direktor Gregor schlägt vergebens die
1454 1355 2174 1406 sich die Operettenmacher klar darüber, daß
2196 1363 2929 1407 Reklametrommel. Ihm blüht kein Kassen¬
701 1352 1451 1413 moniell viel Rücksicht zu nehmen, das „Te
1449 1395 2178 1465 der Schauplatz der Sensation das Carl¬
712 1395 1445 1462 deum laudamus“ durchbrauste, und selbst
2196 1395 2942 1448 erfolg. Mag er thun was er will. Und
1454 1436 2177 1488 Theater sein werde. Aber wie oft im Le¬
707 1438 1457 1500 der Kaiser gerührt das Taschentuch zu
2201 1437 2932 1492 da er schließlich nichts Besseres zu thun
1454 1481 2180 1543 ben, so ist auch diesmal das Entgegen¬
710 1480 1449 1546 den Augen führte, gebärdete sich das
2198 1477 2944 1534 weiß, greift er wieder zu seinem alten
1464 1527 2184 1586 gesetzte von dem eingetroffen was man er¬
2183 1517 2933 1575 Trostmittel und zettelt Streit mit den
706 1529 1452 1574 Brautpaar so verliebt, daß der dem
1464 1561 2190 1624 wartete. Die „Kleine Freundin“ im Carl¬
2189 1563 2930 1624 Mitgliedern seines Ensembles an. Dies¬
704 1558 1437 1623 päpstlichen Nuntius assistirende Onkel des
1459 1612 2192 1655 Theater hat der „Heimlichen Liebe“ im
702 1614 1444 1658 Bräutigams, der durch seinen Antimoder¬
2201 1605 2939 1659 mal hat er es auf unseren tüchtigen Bari¬
1465 1639 2187 1701 Johann Strauß=Theater nicht widerstehen
704 1648 1448 1710 nistenkonflikt bekannte Prinz Max von
2199 1646 2932 1703 tonisten Melms abgesehen, den er eines
715 1696 2189 1744 Sachsen, sich einigemale recht vernehmlich können. Zunächst schon nicht durch das
2193 1687 2937 1744 Tages ganz unerwartet mit der Forderung
709 1735 2179 1789 räuspern mußte, sonst hätte vielleicht noch Libretto: Feine geistreiche Arbeit, ein sym¬
2186 1729 2941 1792 kam, sich seine Gage von fünftausendzwei¬
1460 1772 2178 1828 pathisches Milieu und sympathische Gestal.
2190 1780 2926 1833 hundert Dollars auf zweitausendsiebenhun¬
704 1774 1453 1828 gar der Zeremonienmeister einschreiten
1456 1813 2176 1864 ten. Das Stück spielt in Wien im Vor¬
710 1809 1443 1869 müssen. Dann speiste man, mehr der
2199 1823 2936 1867 dert Dollars reduziren zu lassen, angeblich
1461 1853 2188 1913 märz. Da ist die kleine Toni, ein Putz¬
704 1849 1443 1906 Form zu genügen, als aus Vergnügen,
2200 1854 2931 1912 weil er zu wenig beschäftigt ist. Als sich
1468 1891 2188 1945 machermädel, das in den Jägerhauptmann
2207 1892 2941 1952 der Sänger natürlich weigerte, diesem An¬
713 1900 1453 1949 auf Gold, und ehe man sich versah, war
1467 1937 2179 1987 Romberg verschossen ist; der aber wieder
2199 1922 2940 2003 erbieten Folge zu leisten, wurde er ganz
714 1935 1456 1996 schon zur Hochzeitsreise gerüstet. Aber
709 1974 1455 2032 sie ging nicht nach Aegypten oder Indien,
1460 1985 2934 2043 liebt Rositta, die erste Tänzerin der Mai= einfach kalt gestellt. Und nun soll die In¬
1473 2020 2193 2073 länder Scala, die gerade in Wien gastirt
708 2018 1456 2081 nicht einmal nach Italien oder Tirol, son¬
2198 2017 2936 2079 tendanz darüber entscheiden. Derweilen
1469 2070 2183 2115 und Furore macht. Krieg ist im Anzug
2210 2071 2937 2118 brüstet sich Herr Gregor, Hans Richter für
709 2060 1453 2113 dern man that just so wie ein recht ver¬
1469 2104 2185 2152 und das Jägerregiment, dem Hauptmann
706 2098 1465 2172 liebtes Pärchen, das recht rührend von
2206 2099 2941 2162 die nächste Saison für's Hofoperntheater
713 2145 2180 2188 Verwandten und Freunden Abschied Rombert angehört, muß nach dem Süben.
2202 2146 2930 2209 gewonnen zu haben. Gewiß, daß ist ein
720 2187 2183 2242 nimmt, als würde es eine recht weite Just an den Gardasee wird der Haupt¬
2200 2181 2939 2250 großer Erfolg und ein großer Vortheil
1469 2226 2187 2279 mann kommandirt, wo Rositta eine Villa
709 2223 1472 2290 Reise antreten, aber schon im nächsten
2209 2228 2958 2289 für's Hofoperntheater. Fraglich ist nur,
1462 2271 2195 2326 hat. Die Sache ist schnell abgemacht.
2207 2277 2940 2333 ob Herr Direktor Gregor, noch als Direk¬
716 2273 1458 2328 Städtchen Station macht. Von „Schwarz¬
719 2314 2186 2372 au“ fuhr das junge Erzherzogenpaar ge= Die Beiden geben sich unten Rendezvous.
2213 2306 2952 2370 tor der Wiener Hofoper, Hans Richter am
1450 2348 2211 2416 Das hält die kleine Toni, die das Ge¬
2205 2356 2940 2414 Dirigentenpult erscheinen sehen wird. Ich
720 2354 1414 2407 rade nicht weiter als zwei Stunden,
1466 2390 2196 2451 spräch mitangehört hat, nicht aus. Da
710 2401 1465 2450 bis nach Reichenau. In einem kleinen,
2197 2395 2904 2477 zweifle daran. J. P. Flandrak.
1468 2432 2201 2493 kommt ihr eine verteufelte Idee. Sie ver¬
713 2439 1453 2491 nicht gerade komfortablen Jagdschloß,
1465 2482 2203 2529 kleidet sich als Mann, entschlüpft schlau
715 2482 1459 2547 mitten in der herrlichen Alpenwelt, wird
1465 2520 2204 2576 der Assentirungs=Kommission und läßt sich
714 2520 1471 2583 Aufenthalt genommen. Was kümmert sie
1463 2564 2200 2619 just bei der Kompagnie als Tambour an¬
713 2565 1459 2621 die Welt? Dürfen denn Erzherzoge nicht
1472 2608 2201 2657 werben, die Hauptmann Romberg kom¬
709 2601 1454 2670 gerade so thun wie andere Menschen? Und
1468 2648 2222 2702 mandirt. Unten am Gardasee sind alle
715 2648 1459 2706 ohne Rücksicht auf das Naserümpfen
1465 2669 2216 2739 Mädel in den jungen Tambour verschos¬
716 2685 1465 2750 mancher hohen Herren werden da in der
716 2719 2220 2785 Waldeinsamkeit die Flitterwochen verlebt. sen, der seinerseits aus dem Gefängnisse
1472 2765 2212 2834 nicht herauskommt, weil man ihn stets nach
758 2783 1464 2828 In Wien macht so etwas populär, po¬
1468 2819 2208 2864 dem Zapfenstreiche noch im Freien an¬
717 2823 1461 2873 pulärer als all die angestammte und an¬
1477 2853 2217 2905 trifft und immer hinter dem Hauptmann
720 2849 1463 2908 erzogene Hochachtung für das Kaiserhaus,
1470 2893 2214 2945 her. Romberg hat nun einen Ring, den
718 2904 1461 2949 besonders für ein Mitglied desselben, das
1472 2933 2214 2998 er im letzten italienischen Kriege erbeutete
726 2950 1468 2993 einmal Kaiser werden soll. Diese unge¬
719 2969 2228 3031 zwungene offene Art imponirt. Man und der dem verstorbenen Grafen Arturno,
1477 3020 2212 3074 gehörte, dem ersten Freunde der Rositta.
717 3021 1469 3075 liebt es, sich darüber zu, unterhalten, Be¬
720 3060 2219 3114 trachtungen darüber anzustellen und am Er hat diesen Ring versetzt, um seinen
719 3108 2208 3168 Stammtisch mit Details zu brunken. Zu= Freund Willibald Stölzt vom Schuld¬
713 3146 2215 3208 nächst sind es natürlich wieder unsere lie¬arrest zu bewahren und der Profos hat ihn
1471 3194 2221 3237 in Verwahrung. Da ereignet es sich nun,
727 3184 1461 3248 ben Frauen, die sich der Sache bemächtigt
1472 3225 2216 3284 daß die Profosin diesen Ring findet und
721 3228 1463 3289 haben und die junge Erzherzogin mit
1483 3276 2225 3323 ihn in der Meinung, ihr Mann hätte ihn
729 3273 1466 3329 Sympathiebeweisen überschütten. Schon
1471 3308 2210 3363 für irgend eine italienische Donna reser¬
727 3313 1461 3361 kopirt man ihre Frisur à la Zita, man
1467 3344 2211 3416 virt, wegnimmt und beim Gastwirth ge¬
723 3364 1463 3408 geht, wenn man es sich leisten kann, zu
1472 3384 2216 3449 genüber verkauft. Der hat wieder ein
720 3396 1473 3450 ihrer Schneiderin, man schwärmt von ih¬
1483 3434 2223 3490 Töchterlein, das in den Tambour ver¬
732 3443 1474 3499 rer Schönheit, von ihrer Haltung und
1472 3467 2216 3532 schossen ist und den Ring just maust, um
730 3485 1466 3535 auch Anekdoten werden natürlich erfun¬
1470 3522 2217 3575 ihn als Herzensgabe dem kleinen Freund
723 3524 1458 3582 den, über ihre Güte und Einfachheit
1481 3560 2209 3619 zu überbringen. Derweilen sucht Haupt¬
732 3564 1459 3626 (sicher hat sie daheim Zimmer gebürstet)
1480 3599 2218 3652 mann Romberg wie wahnsinnig nach dem
721 3614 1469 3662 und den heranwachsenden Töchtern, die
1480 3636 2221 3700 Ring, denn Rositta hat erklärt, sie werde
731 3648 1459 3699 von Einfachheit nichts mehr wissen wol¬
1472 3682 2214 3751 ihn nur dann erhören, wenn er ihr den
730 3695 1468 3746 len, recht häufig als Beispiel präsentirt.
1471 3715 2211 3790 Ring wiederbringt. OOhne diesen Sach¬
728 3732 1466 3796 Geschickte Spekulanten sind auch schon an
1485 3763 2212 3818 verhalt zu ahnen, erfährt der kleine Tam¬
707 3772 1462 3829 der Arbeit, und wir haben es neben der
1482 3802 2211 3865 bour, daß der Hauptmann den Ring sucht
730 3822 1461 3871 Frisur auch zu einem Puder und einer
1480 3848 2224 3899 und übergiebt ihn ihm. Erst später sieht
743 3858 1470 3917 Seife à la Zita gebracht. Wie gesagt,
1473 3884 2218 3941 Toni was sie angerichtet hat und nun
734 3906 1467 3950 Wien schwelgt wieder einmal in Begeiste¬
1475 3927 2225 3992 giebt es nur eins: Rasches Handeln. Nach
736 3940 1460 4000 rung und Theuerung und Wohnungsnot)
1480 3986 2215 4024 Eintritt der Finsternis soll Romberg den
725 3983 1409 4046 treten vorläufig in den Hin#egrund.
1478 4010 2212 4073 Weg zur Tänzerin Rositta offen finden.
771 4014 1461 4080 Die Sache hat aber auch eine ernste
1478 4055 2220 4117 Gleichzeitig aber hat der Bruder des ver¬
726 4067 1468 4124 Seite. Wir haben nun eine nichtstandes¬
741 4118 2223 4182 gemäße Thronfolgergattin und eine stan= storbenen Grafen Arturno, der die Tänze¬
