3344 4256
285 39 1248 157 24. Das veite Lang
1410 58 1850 144 box 29/4
169 707 335 852 del
188 820 489 921 britte —
177 906 381 987 platz 9#
172 1037 434 1174 eitung
162 1204 354 1310 aha
174 1269 474 1359 9U. 1001.
803 1360 2029 1453 streicher, von dessen leidenschaftlicher Sehnsucht ein Gefuhl von
163 1342 746 1483 eater=Woche
798 1400 2030 1495 Heiligkeit auf jedermann übergehen soll, und der dabei als eine ganz
805 1440 2012 1515 schwache Kreatur von einer Verführung in die andere durch Lügen,
172 1436 424 1520 schreibt uns:
797 1487 2018 1542 Schmutz und Verbrechen taumel: Ihm folgt die andere Hauptgestalt
168 1498 776 1562 dieser Woche wieder so Massethäft
787 1514 2011 1595 des Stückes der zweifelnde Thomas, der in seiner reinlichen Stube
158 1552 780 1611 n ausgeschnitten, daß es auch dem
797 1562 2011 1636 grübelnd Gott suchte und von der Lebenskraft des Fremden unwider¬
158 1588 789 1653 hr, sie alle zu sehen, und daß der
800 1600 2004 1673 stehlich angezogen wird. Schließlich erreicht er den heiligen Sünder.
164 1624 782 1692 i einigen dieser welterschütternden
790 1632 2009 1711 um von ihm das gut russische Geheimnis zu erfahren: daß der Weg
160 1664 780 1728 ing begnügen muß. Also die Ge¬
780 1679 2018 1751 zu Gott durch die Hölle führt und daß die eigentliche Sünde ist, nicht
164 1692 775 1759 rResidenztheater das alte
803 1704 1225 1763 gesündigt zu haben. —
1216 1726 2011 1790 Das alles ist weder sehr selbständig erdacht
201 1737 756 1796 „Das weite Land“ gela¬
797 1753 2002 1820 noch künstlerisch sehr gekonut; die Gestalten gewinnen kein überzen¬
157 1773 771 1838 sten und tiefsten Werken des Wie
785 1792 2015 1848 gendes Leben, weil ihre Handlungen sehr schematisch und vom lyvisch
148 1813 772 1877 ade deshalb für diesa Bühne noch
785 1823 2014 1901 ekstatischen Worterguß ganz überschwemmt sind. Aber trotz allem
160 1846 783 1918 haben eine Reihe zum Teil recht
796 1870 2018 1943 lebt in einigen Szenen, in einigen Wendungen ein echtes, suchendes
227 1898 782 1966 sch, die Bertens, Arno
796 1906 2006 1970 menschliches Gefühl, das auf eine Zukunft dieses Dichters hoffen laßt.
154 1923 758 1995 Unternehmen in Bewegung esetzt.
783 1941 2020 2019 Dies problematische Erstiingswerk, das der Regissem Beinhagd
157 1973 751 2033 ub ein altes Lustspiel von Lud
787 1972 2015 2055 Reich mit Sorgfalt und Geschmack, freilich ohne wirklich bezwin¬
155 2006 776 2070 opf“ aus, um darin dem Hof¬
787 2012 2008 2093 gende Menschendarsteller, inszeuiert hatte, fand einen anerkennenden
159 2036 774 2108 hastierrolle zu geben. Und in der
781 2057 2016 2151 Beifall, der allerdings mit dem Protest der Unzufriedenen ziemlich
162 2084 767 2142 für Ludwig Hartau Wede¬
780 2089 1233 2152 beftig zu kämpfen hatte.
170 2122 713 2179 idallo“ wieder einstudiert.
859 2137 2032 2205 Auch das wichtigste Ereignis dieser Theaterwoche war ein Werk V
147 2162 762 2224 der fünften Male erschien auf den
781 2160 2018 2237 der Volksbuhne. In ihrem großen Hause am Bulowplatz
142 2205 764 2261 nd Strindbergs „Ostern“,
774 2211 2007 2289 wagte sich der Regisseur Jürgen Fehling an das gewaltigste
145 2237 767 2301 hergreifenden, seinen Einzelzugen
772 2250 2009 2321 Werk der dromatischen Literatur, on Shalespeare Weltuntergangs¬
143 2275 762 2342 esebuch=Beispiel gibt für den Hoch¬
775 2286 1263 2341 Gedicht „König Lear“
1265 2300 2002 2353 Er bestand in diesem schwersten Kampfe
154 2312 764 2374 die belohnt wird Karlheinz
779 2333 2007 2400 aufs rühmlichste und hätte völlig gesiegt, wenn er den rein technischen
151 2345 750 2414 chden nur halb verschuldeten Un
774 2364 2004 2430 Notwendigkeiten mehr Rechnung getragen und nicht seine eigene Wir¬
142 2388 740 2441 ing zu rehabilitieren, dies Ztuck in
776 2400 2012 2482 lung durch eine fast sechsstündige Dauer der Vorstellung gelähmt
143 2427 758 2488 sehr schöne, zart abgetönte und doch
773 2442 1997 2519 hätte. Es war sehr rühmlich, im Gegensatz zu den üblichen Inszenie
141 2466 765 2525 Führung erreicht. Allerdings stand
777 2479 2005 2553 rungen, die namentlich die zweite Halfte des Werkes elend zusammen
136 2509 751 2558 etzung zu Gebote; vor allen Din¬
769 2513 2012 2578 zu streichen pflegen, nahezu alle jene Szenen zu bringen, die dies
139 2538 761 2612 Rolle einer Strindberyschen Mut
761 2546 2002 2613 erhabene Schicksalsgewebe zusammenknüpfen, aber da mußte die Zeit
138 2584 766 2639 ersten Mal zeigen, was für eine
774 2587 1998 2670 durch schnellste Verwandlungen lückenlosen Vorwärtsgang eingebracht
132 2610 739 2680 re Gehetztheit, diese böse Stumpf
766 2624 1997 2712 werden. Die Umbauten vollzogen sich aber so schwerfällig, daß die
141 2654 751 2724 ie der ganz schlichte Ton der Liebe.
768 2669 1997 2745 Pausen zuweilen länger waren als die Spielzeit! Man hatte ohne
141 2694 742 2760 Seele überflutet und rein wäscht.
772 2704 2001 2795 Schaden manche Schauplätze zusammen legen und gewisse Szenen so
142 2732 753 2794 die beiden Kinder: Roma Bahn
767 2747 1989 2829 vereinfachen konnen, daß sie auf die Drehbühne hätten gesetzt werden
140 2773 748 2830 plich, Haus Brausewetter
771 2781 2003 2847 können. Von diesem technischen Manko abgesehen, war aber auch
197 2812 749 2877 Und ganz wundervoll wieder
764 2822 1980 2902 das szenische ausgezeichnet. Der Maler Strohbach hat hier nahe
134 2836 748 2908 kubosen Riesen, den gütigen Weih¬
765 2871 1979 2941 zu vorbildlich die Mitte zwischen dem nötigen Mindestmaß der Illu¬
135 2884 757 2957 Fibelstückes ebenso herzhaft wirklich
757 2894 1993 2977 sionen und monumentaler Vereinfachung getroffen. Und diese recht¬
131 2924 291 2970 mußte.
754 2928 1994 3012 eckig weißen Mauern, diese Pfeiler, Säulen und weiten Erdwellen
137 2954 744 3022 kommt, wie all die jungen Leute
758 2981 1984 3057 gaben auch die düster heroische Stimmung der Dichtung ausgezeich¬
140 3001 707 3058 Wiener Paul Baudisch, dei
764 3015 1987 3090 net. Die Menschen hatte Fehling nach Möglichkeit auf jene höchst
126 3031 717 3095 ne in ihrem kleinen Theater in
763 3054 1993 3123 gespannte leidenschaftliche Energie eingestellt, von der diese Tragödie,
127 3074 744 3140 Führung herausbrachte. Das Werk
755 3093 1976 3174 der sich selbst zerstorenden Königskraft lebt. Wo nicht die Innerlich¬
131 3114 741 3175 in seine Szenentechnil gonz von
755 3132 1997 3226 leit reicher Schauspieler ausgestaltend hinzutritt, entstcht da leicht
128 3154 739 3216 in und Hauptgestalt recht aus dem
747 3170 1981 3234 ein außerlich anmutende Larm. und nicht überall reichte das
136 3191 1999 3304 n im Mittelpunkt steht ein Land= Ensembie der Volksbühne aus. Eine angenehme Ueherraschung aber
2892 1303 3077 1423 AR
2030 1398 3264 1455 bedeutete der riesige Georg August Koch, der als Kent neben
2030 1432 3255 1492 der Gewalt der Muskeln und Stimmbänder auch Herzenskraft zeigte.
2029 1477 3264 1542 Als Edmund sah man Ferdinand Asper, in dem ein bedeu¬
2036 1519 3258 1580 tendes Talent heranreift, und Edward war der junge Christian
2035 1551 3270 1623 Friedrich Kayßler, der zuweilen noch durch die natürliche
2022 1593 3254 1644 Aehnlichkeit mit dem Vater lacheln macht, in allem Ungelenken und
2027 1626 3277 1703 Unreisem aber doch eine starke persönliche Begabung verrät. Dieser"
2021 1670 3270 1712 Vater aber stand als Lear im Mittelpunkt der Aufführung und ent¬
2021 1700 3256 1776 schied durch seine zur sicheren Meisterschaft gereifte Kunst den Sieg.
2102 1749 3277 1813 Mit einer Fülle einsacher, leiser und tief treffender Züge ließ?
2021 1784 3259 1850 Kayßler den königlichen und gütigen, den in aller Wildheit des
2021 1824 3264 1882 Blutes zarten Mann vor uns erstehen und war gleich erschütternd
2030 1860 3256 1922 in der verzweifelten Empörung wie in der Auflosung des Wahn¬
2028 1900 3254 1954 sinns. Eine schauspielerische Leistung, so stark wie sie sein muß, um
2025 1940 3252 2022 das Gewicht-dieser Dichtung zu tragen, und damit ein großer Abend.
2899 1989 3247 2064 Julius Bab.
