3392 4320
698 161 786 218 W
1386 145 1845 233 box 28/2
288 156 1232 251 24. Das
771 283 983 355 #schnitt
949 302 1639 406 Der Salon, Wien
757 407 1236 517 1 121911
1127 579 1250 649 + 5
1487 584 1607 664 21
881 629 1193 694 0 0CO
1549 633 1869 700 FO00O
1256 617 1492 708 Theater.
1504 701 1570 755 21
1007 681 1704 804 Te E. e S GI Sr
1219 804 1501 882 Burgtheater.
972 873 1866 955 Wenn man eben vor Jahresende einen Blick
866 943 1865 1016 auf das Repertvire des Hofburgtheaters vom Beginn
873 1004 1864 1054 der Saison 1. September) bis jetzt wirft, so muß
883 1056 1871 1108 man zur Erkenntnis kommen, daß die klassischen Auf¬
887 1097 1870 1153 führungen in bedeutender Minderheit verblieben sind:
882 1149 1870 1204 früge man nach der Ursache, würde man wahrlich mit
867 1192 1864 1262 der Selbstbeantwortung in Verlegenheit geraten.
873 1236 1871 1306 Liegt es an der Teilnahmslosigkeit des Publikums
880 1292 1861 1363 für ernstere Stücke oder vielleicht gar an Be¬
879 1348 1862 1402 setzungsschwierigkeiten? Vielleicht an allen beiden!
877 1398 1868 1445 Daß der Geschmack des Publikums wesentlich ein
870 1447 1876 1495 anderer geworden ist, beweist uns ja am dentlichsten
880 1503 1871 1554 der noch immer gute Besuch des „Weiten Land“
881 1548 1872 1602 Wenn wir dieser Schnitzlerschen Tragikomödie, die
877 1600 1876 1648 Komödie von Adolf Paul, die letzte Neuheit im
889 1642 1864 1698 Burgtheater, „Die Sprache der Vögel“ gegen¬
874 1697 1864 1750 überstellen, so muß sowohl der gute Geschmack als
887 1754 1866 1808 auch das kritische Empfinden für die weitaus künst¬
882 1795 1878 1856 lerischen Qualitäten der letzteren entscheiden. Wenn
881 1851 1863 1903 dennoch bereits das Interesse für die Paulsche Ko¬
886 1896 1874 1955 mödie zu verflachen beginnt, liegt der Grund einfach
881 1952 1874 2002 im Stoff des Stückes, keinesfalls aber an der ganz
884 2002 1880 2046 einwandfreien Darstellung. Der Aufbau der „Sprache
892 2052 1878 2103 der Vögel“ ist weitaus kunstgerechter als der des
892 2095 1865 2162 „Weiten Landes“ und die Hauptfigur, die des Königs
893 2148 1878 2201 Salomo, mindestens ebenso interessant, als die des
886 2197 1869 2259 Fabrikanten Hofreiter. Aber König Salomo tritt ja
889 2263 1878 2308 nicht im Frack bekleidet auf die Szene und auch seine
891 2300 1868 2356 Empfindungen und seine Worte sind nicht in die enge
891 2349 1871 2395 Schnürbrust eines Frackhemdes gezwängt; das allein
882 2397 1872 2449 wäre schon Grund genug, sie einem Schnitzlerschen
887 2448 1877 2501 Hofreiter hintanzusetzen. Daß in diesem Menschen
889 2500 1878 2553 der Paulschen Komödie eine viel tiefere echtere Seele,
883 2550 1870 2608 ein viel reineres und gesünderes Erfassen des mensch¬
880 2598 1862 2653 liches Tuns und Handelns liegt, will ja unser auf
887 2651 1875 2696 das Hypermoderne gestimmte Publikum nicht mehr
890 2695 1880 2761 qnerkennen. Daß hier auch der Dichter nur das
883 2760 1878 2812 märchenhafte Milien und Kostüm borgt, wie sein
886 2799 1879 2845 König Salomo das Märchen von der „Sprache der
887 2856 1872 2907 Vögel“ (womit nur die Sprache des Herzens, des
881 2913 1874 2957 Empfindens gemeint ist, wird heute kein moderner
893 2949 1873 2998 Premierentiger mehr verstehen wollen. Nein, lieber
884 3012 1874 3062 verlogene, sogenannte komplizierte Charaktere Schnitz¬
880 3057 1879 3105 lerscher Schreibekunst! „Sprich in Gefühlen, nicht in
884 3096 1874 3148 Worten! Sprich jene große, allgemeine Sprache der
889 3151 1871 3218 Natur, die in jedem Herzen zittert, dann bist du all¬
886 3213 1881 3259 wissend, dann ist dir nichts geheim, dann wirst du
888 3259 1881 3307 in jedem Herzen wie in einem offenen Buche lesen
883 3302 1876 3350 können! In dieser Sprache sprach ich längst zu dir,
887 3356 1870 3411 nur du antwortest nicht!“ Aus diesem wunderbaren,
877 3399 1877 3459 eine tiefe Wahrheit bergenden Schlußsatz, den uns
871 3454 1882 3516 Herr Reimers als Salomo mit seiner zu Herzen
874 3507 1878 3547 dringenden sonoren Stimme so einfach und doch so
886 3549 1878 3612 schön zu Gehör brachte, liegt ein so erhabener Sinn,
881 3605 1881 3665 eine so tiefe Wahrheit, daß derjenige, der noch nicht
880 3646 1875 3709 ganz stumpf, noch nicht ganz auf die seichten Phrasen
886 3699 1876 3766 Schnitzlers gestimmt ist, jedenfalls von der Paulschen
881 3745 1873 3810 Komödie mehr befriedigt sein muß. Allerdings müssen
882 3805 1871 3850 wir konstatieren, daß die Paulsche Dichtung nicht bis
880 3853 1883 3901 zum Schlusse jene Tiefe durchführt, die so zu packen
891 3902 1879 3957 gewußt und der letzte Akt sich bereits gewaltsam mit
884 3948 1878 4011 Aeußerlichkeiten behelfen muß. Aber hier hat die
883 3998 1880 4065 famose Besetzung günstig eingegriffen. Neben Herrn
873 4048 1871 4119 Reimers (Salomo=, der diese schöne Leistung wieder
1895 507 2884 591 zu dem Besten seines reichen Rollentreises legen kann,
1895 576 2888 635 war es Fräulein Wohlgemuth, die, halb Taube,
1889 629 2890 689 halb Schlange, der Abisag einen bleudenden Reiz
1893 682 2894 741 verlieh. Die Gefühlsübergänge drückte die Künst¬
1889 732 2887 794 lerin mit feinster Abklärung aus. Nicht so Herr
1895 783 2899 831 Gerasch als Sabnd. Ihm fehlte die künstlerische
1894 823 2886 891 Ruhe und der feine, überlegene Humor eines
1898 873 2902 933 Bonvivants. — Das dieser Komödie folgende
1896 926 2893 975 Lustspiel: „Lottchens Geburtstag“ von
1892 969 2886 1034 Ludwig Thoma, wäre seiner Art nach ein Lust¬
1897 1036 2890 1082 spiel aus der guten alten Zeit, nicht aber seiner
1893 1083 2902 1141 Tendenz wegen. Solch bedenklichen Themen ist man
1892 1128 2898 1191 früher weise aus dem Wege gegangen und dennoch
1894 1183 2894 1239 wurden damals, ohne diese, bedeutendere Erfolge er¬
1894 1243 2892 1283 zielt als eben jetzt mit der vermeintlichen Not¬
1896 1278 2891 1330 wendigkeit sexueller Aufklärungen. Der Reiz dieses
1890 1326 2887 1393 Einakters liegt aber wohl nur darm, daß er die Hof¬
1895 1377 2896 1430 theaterzenfur passieren mußte und erst nach harten
1895 1430 2894 1478 Kämpfen von dieser freigegeben wurde. Daß das
1898 1476 2895 1533 schlüpfrige Stück Erfolg haben wird, war ja voraus¬
1893 1535 2904 1580 zusehen, schon deshalb, weil Herr Thimig als
1902 1581 2911 1630 Professor Giselins ganz in seiner bekannt trockenen.
1898 1629 2903 1681 und drolligen Weise darin aufgehen konnte. Frau
1891 1678 2890 1763 (Haeberle hat in diesem Lustspiel mit vielem Ge¬
1896 1724 2891 1772 schick ihren Uebertritt ins „rach der Mütter getan.
1902 1784 2894 1834 Auch Frau Lewinsky und Frau-Frank wirkten
1908 1827 2168 1900 sehr komisch.
2395 1833 2877 1912 Deralte Wiener.
