3392 4352
712 150 785 208 W
1413 132 1840 222 box 28/4
291 143 1251 259 24. DasiteLand
1511 1076 1910 1154 Bühne und Welt.
2330 1084 2448 1166 103
977 1165 2438 1255 berühmter russischer Pianist hat sich erschossen, weil Frau Genia seine
985 1237 2444 1327 Leidenschaft nicht erwiderte. Herr Hofreiter kann diese starre Tugend,
978 1279 2444 1375 die doch für ihn so schmeichelhaft ist, nicht begreifen. Er sagt das dem
984 1326 2442 1425 Weibe in dürren Worten vor seiner Abreise ins Gebirge, und Frau
977 1383 2443 1443 Genia bewahrt sie in nur zu treuem Gedächtnis: einem zweiten jugend¬
983 1428 2440 1519 lichen Verehrer, dem Marinefähnrich, öffnet sie nächtens das Kammer¬
972 1479 2440 1563 fenster. Und Hofreiter, der, geduldig auf der taufeuchten Wiese im
974 1526 2453 1618 Baumschatten sich rekelnd, das verbotene Liebesspiel belauert, ist nicht
971 1570 2431 1648 Philosoph und nicht bequem genug, die Tatsache stillschweigend hin¬
970 1630 2442 1684 zunehmen, sondern er brüskiert den Jüngling vor vielen Zeugen und
973 1681 2443 1762 erschießt ihn im Zweikampf. — Der Dichter, der über manches Neben¬
974 1720 2441 1796 sächliche sich ausführlich verbreitet und wenigstens in den ersten drei
980 1774 2434 1844 Akten sich gehörig Zeit läßt, zu schildern und zu motivieren, stellt uns
975 1822 2448 1911 merkwürdigerweise ohne jede Vorbereitung vor die vollendete Tatsache
973 1871 2438 1958 des ehebrecherischen Verhältnisses zwischen Genia und dem Fähnrich. Wir
971 1928 2434 1997 sehen kein Schwanken, keinen letzten Versuch der Frau, sich an den
968 1969 2440 2043 Gatten, der im Karersee=Hotel seine jüngste Eroberung macht, zu klam¬
976 2022 2428 2106 mern. Wir müssen annehmen, daß Schön=Erna, die jungfräuliche Toch¬
968 2081 2429 2144 ter aus gutem Hause, ihr eine gefährlichere Rivalin dünkt, als die
968 2107 2432 2196 Madame Natter und andere femmes de trente ans, denen Hofreiter
964 2171 2430 2236 vordem sein Taschentuch zugeworfen. Für ein Spiel der Eitelkeit, für
972 2218 2434 2303 einen Bluff mit ##blutigem Ausgang und obligater Versöhnung hielt
974 2259 2431 2350 Genia den Zweikampf, und nun, wo der Gatte Ernst gemacht, wo er nach
969 2305 2428 2399 seinem Geständnis in jäh aufloderndem Zorn den jugendlichen Neben¬
972 2359 2429 2415 buhler niedergeknallt, da erscheint er ihr als Untier, als Mörder. Frl. Erna
973 2414 2433 2498 freilich möchte um so brünstiger den starken Sieger in ihre Arme schließen,
966 2461 2421 2520 aber Hofreiter wehrt ab. Ist es der moralische und physische Katzen¬
974 2506 2429 2575 jammer nach einer übermäßigen Anspannung der seelischen und körper¬
959 2564 2427 2636 lichen Kräfte, oder hat er wirklich seinen Tag von Damaskus erlebt?
967 2607 2430 2688 Der rüstige Dolomitensteiger fühlt sich plötzlich alt, der Leidenschaft der
966 2657 2433 2739 Zwanzigjährigen nicht mehr gewachsen; er wehrt trotz seiner früheren
956 2709 2430 2779 Werbung ihre Begleitung auf seinem ferneren Lebenswege ab. Nur in
967 2755 2425 2833 Gestalt des eben aus der englischen Pension heimgekehrten Sohnes will
968 2810 2426 2864 er die Jugend noch grüßen. Vielleicht führt der Knabe die Eltern,
965 2857 2421 2919 wenn Schmerz und Reue verrauscht sind, wieder zusammen. Denn, so
963 2904 2424 2981 will Schnitzler uns klar machen, Friedrich Hofreiter hat Genia vielleicht
962 2957 2429 3029 unbewußt immer geliebt, wie sie ihn, wenn er es auch nicht wahr haben
961 3004 2423 3064 will, wie sein Freund Natter, der der ungetreuen Gattin immer wieder
965 3050 2429 3119 stillschweigend verzeiht und sich mit den Brosamen ihrer Liebe begnügt.
968 3095 2428 3153 Als Kontrastfiguren benutzt der Dichter das Ehepaar Aigner; die in
961 3145 2427 3229 ihrem Stolze gekränkte Frau hat dem Manne den ersten, ihr bekannt ge¬
962 3198 2425 3276 wordenen Treubruch nicht verziehen und sich scheiden lassen. Er macht
965 3253 2425 3311 als Direktor der Tiroler Hotelbetriebs=Gesellschaft den weiblichen Kur¬
955 3299 2426 3353 gästen nach Leibeskräften den Hof, und doch kann er die einstige Gattin
962 3341 2417 3396 nicht vergessen, die als berühmte Schauspielerin in der Kunst Ersatz ge¬
964 3386 2430 3447 funden hat. Um Liebes= und vielleicht Lebensglück betrogen ist der junge
962 3441 2421 3491 Arzt, dessen Bewerbung von Erna abgewiesen wird, weil sie lieber
953 3502 2418 3570 Hofreiters Mätresse als die ehrbare Gattin des andern sein will. So
960 3554 2424 3620 geht der aus Schnitzlers früheren Werken sattsam bekannte Zug müder
964 3588 2437 3652 Resignation auch durch diese Tragikomödie, in der der Dichter freilich
