3296 4320
766 105 871 170 te
886 109 1068 171 Lan
1278 102 1718 195 box 29/1
151 115 1136 205 24. Das weitaa
360 1024 1053 1164 Hanneversches Tageblal
528 1190 871 1298 916 10 1911
465 1292 1098 1429 Das weite Land.
1251 1360 2227 1439 Jugend, die zugleich Angst vor dem Alter ist. Und
2215 1392 3251 1473 soweit ist, den armen Jungen über den Haufen: ge
1261 1395 2208 1474 vorläufig ist er noch unwiderstehlich, wer weiß, wie
318 1397 1231 1494 Tragikomödic in fünf Akten von
2219 1435 3189 1511 der Aliernde hat die frische Jugend des Gegners
1258 1439 2213 1510 lange es dauert Eine seiner Geliebten weist ihn
3165 1460 3238 1511 r1
517 1445 1066 1524 Artbur Schuigle
2213 1470 3200 1554 plötzlich als freche Provokation empfunden. Das
1253 1450 2215 1544 darauf hin, daß es doch noch andere Lebenswerte
270 1478 1253 1562 (Uraufführung in der Schauburg am
2206 1502 3187 1557 letzte Band zwischen den Eheleuten ist zerrissen; er
1257 1509 2212 1580 auf der Welt gebe. „Ja. — die Pausen zwischen
3165 1512 3218 1568 9
521 1528 1024 1590 Sonnabend, 14. Oktober.)
2214 1531 3191 1611 geht, sein Leben irgendwo zu Ende abschnurren
1248 1537 2207 1614 der einen und der anderen ... Wenn man Zeit hat
327 1561 1245 1631 Das Hin und Her der Geschlechter, oder wie der
2208 1572 3185 1634 zu lassen. Die letzte Liebste, die ihm ihre frische
1245 1578 2215 1656 und in der Laune ist, baut man Fabriken, erobert
281 1595 1243 1666 auch in diesem neuen Stück wieder auftauchende
2217 1611 3186 1684 Jugend als Begleiterin anbietet, scheucht er von sich;
1250 1614 2131 1688 Länder, schreibt Symphonien, wird Millionär.
279 1635 1245 1706 Dichter und Vonmotsfabrikant Albertus Rhon in
2206 1655 3171 1703 „Irrtum ... Alles ist Täuschung. Nächstens schnapp'
1254 1646 2206 1741 aber glaub' mir, das ist doch alles nur Nebensache.
278 1669 1251 1735 der dem Hannoverschen Publikum leider bisher vor¬
1248 1675 1571 1740 Die Hauptsack -
2206 1685 3179 1755 ich doch zusammen. Aus, Erna, auch zwischen uns.
1550 1691 2177 1759 — seid Ihr! — Ihr! — Ihr! ...
266 1708 1260 1758 e#thaltenen Komödie „Zwischenspiel“ es einmal for¬
2202 1708 3037 1773 Du bist zwanzig, Du gebörst nicht zu mir.“
1294 1732 2211 1805 Seine Frau Genia hängt mit tiefer, treuer Liebe
274 1740 1253 1800 muliert, „die tiefe Unsicherheit aller irdischen Be¬
2257 1765 3188 1835 Das ist die Hauptlinie des Stückes, mehrere
1240 1741 2206 1838 an ihm und ist gern, ach, gar zu gern bereit, ihm
275 1786 1255 1847 ziehungen zwischen Mann und Weib“ ist das Grund¬
2203 1775 3193 1863 Variationen des Themas laufen nebenher. Die
1236 1792 2216 1875 seine „Herzensschlampereien“ zu verzeihen, wenn er
276 1812 1238 1886 thema des Skeptikers Schnitzler. Das „vielleicht“
2203 1828 3187 1895 Mutter des Fähnrichs hat ihren Gatten vor zwanzig
1237 1839 2206 1907 ehrlich zu ihr zurückkehren wollte. Er aber fühlt
269 1833 1238 1920 kann ebenso gut ein „vielleicht auch nicht“ sein, und
2208 1872 3177 1933 Jahren von sich getrieben, als er ihr einen Fehl¬
1243 1870 2204 1945 sich durch ihre Tugend geniert, belästigt, ins Unrecht
280 1889 1235 1950 es beherrscht nicht nur die Zukunft, sondern auch
2211 1903 3187 1959 tritt bekannte. Sie lonnte ihrem Herzen keinen
1244 1912 2199 1977 gesetzt, und als sich einer seiner Freunde, dessen
271 1916 1236 1984 die Vergangenheit. Man kann nichts wissen, und
2199 1938 3183 2004 Kompromiß abgewinnen. Sein Weg hat ihn dann
1236 1944 2202 2005 Liebeswerben sie abgewiesen hat, ihretwegen um¬
270 1962 1240 2025 man soll nichts vorhersagen, nicht für die nächste
2198 1970 3182 2042 mancherlei Straßen geführt, vielleicht endet er noch
1237 1974 2202 2052 bringt, wird sie ihm geradezu, unheimlich. Was
274 1990 1232 2057 Minute kann man einstehen. Der Menschen Tun
2209 1998 3177 2081 einmal in dem tleinen Hause der noch immer ge¬
1243 2013 2197 2083 bedeutet Weibestugend gegenüber einer so irrepara¬
273 2033 1235 2091 und Lassen entscheiden nicht Grundsätze, sondern die
2208 2041 3185 2111 liebten Gattin. Der Bankier Natter, der in seine
1232 2043 2200 2128 belen Sache wie der Tod? Und in plötzlicher Wallung
272 2065 1240 2134 Zufälligkeiten des Alltags; ein Wort, ein Blick, eine
2197 2075 3185 2131 stets abwechslungslüsterne Frau Gemahlin rettungs¬
1245 2084 2197 2154 schreit er ihr seine Meinung und Stimmung ins
259 2094 1235 2168 Situation, eine Wallung des Blutes sind mächtiger
2198 2110 3182 2182 los verliebt ist, hat sich beschieden, das Leben fabel¬
1237 2116 2196 2188 Gesicht, mit Worten, die, kaum ausgesprochen, schon
265 2125 1228 2200 als der sogenannte Charakter. Zwischen Mann und
2196 2147 3169 2214 haft amüsant zu finden und den Liebhavern seiner
1241 2149 2199 2227 nicht mehr wahr sind, die aber fortwirkend die letzten
266 2167 1235 2240 Weib gibt es keine Logik, sondern nur Willkür,
2199 2186 3168 2254 Frau, sobald sie abgelöst sind, eins auszuwischen.
1229 2178 2206 2277 Trümmer seiner Ehe umstürzen und vernichten.
267 2203 1236 2269 Laune, Trieb. Im dritten Akte läßt der Dichter
2198 2225 3178 2288 Er will doch nicht für einen Trottel gehalten wer¬
1228 2226 2195 2295 Frau Genia schließt die Augen und läßt sich eben¬
267 2242 1237 2311 den Kern und Gehalt des Stückes zu Protokoll geben:
2188 2249 3174 2316 den. Und wie im „Einsamen Weg“ und im „Ruf
1237 2259 2200 2337 falls gleiten, wie die andern: im ersten Aufruhr
270 2278 1225 2338 „Sollte es Ihnen noch nicht aufgefallen sein, was
2195 2294 3178 2361 des Lebens“ steht inmitten dieses Reigens von
1224 2295 2200 2359 gegen ihren Gatten, aus Haß, der nichts anderes ist
260 2306 1226 2379 für komplizierte Subjekte wir Menschen im Grunde
2181 2331 3079 2391 problematischen Naturen ein Arzt als einzige
1229 2335 2202 2418 als wütende Liebe, schenkt sie sich dem ersten besten
3054 2343 3170 2393 ge¬
269 2348 1228 2416 sind?: So vieles hat zugleich Raum in uns —!
2193 2361 3166 2431 rade Gestalt als ruhender Pol, Maßstab und
1221 2370 2846 2462 guten Jungen, der sie begehrt. Friedrich geht in Kritiker. Schnitzler ist selbst Arzt.
257 2385 1184 2444 Liebe und Trug . . . Treue und Treulosigkeit ..
1220 2399 2197 2478 die Dolomiten, wo er ein bereits daheim ange¬
249 2413 1229 2480 Anbetung für die eine und Verlangen nach einer
1225 2435 2191 2518 knüpftes neues Abenteuer zum gewohnten Ende
2235 2436 3159 2513 Wenn man das Drama als eine mit innerer Not¬
253 2453 1126 2510 anderen oder nach mehreren. Wir versuchen
1103 2468 1237 2526 wohl
1227 2477 2193 2532 führt. Die Kraft zum Siege hat er noch, aber zu
2179 2475 3159 2546 wendigkeit sich vollziehende Handlung auffaßt, so ist
253 2489 1126 2551 Ordnung in uns zu schaffen, so gut es geht,
1114 2506 1225 2564 aber
1225 2514 2180 2584 rechter Freude kommt er nicht mehr, ruhelos treibts
2179 2506 3162 2580 diese Tragikomödie Schnitzlers kein Drama. Aber
259 2520 1132 2588 diese Ordnung ist doch nur etwas Künstliches
1222 2539 2177 2616 ihn am folgenden Tage von dannen. Er wird alt.
2187 2533 3166 2622 das hat seinen Grund in des Dichters Auffassung
252 2560 1215 2629 Das Natürliche ... ist das Chaos. Ja — die Seele
2180 2582 3152 2649 vom Leben der Menschen untereinander. Was ist
1226 2579 2177 2655 Als er, wieder zu Hause angelangt, das Verhältnis
268 2594 824 2661 ... ist ein weites Land .
2183 2620 3167 2695 eine Theorie gegenüber einer lebendigen Dichtung,
1213 2613 2184 2693 seiner Frau mit dem Marinefähnrich Otto von
301 2632 1221 2693 Der Wiener Fabrikant Friedrich Hofreiter iss ein
2179 2646 2733 2707 die lange in uns nachklingt!
1222 2645 2199 2728 Aigner entdeckt, fühlt er sich zwar im ersten Moment
255 2652 1224 2729 vergnügter Anhänger dieses Chaos. Er hat es längst
2233 2682 3153 2752 Die Darsteller waren ihren schweren Aufgaben
1215 2673 2182 2768 wundervoll erleichtert, aber dann lassen ihn alle seine
253 2702 1215 2776 aufgegeben, Ordnung zu schaffen; das hat ja doch
2803 2725 2861 2763 ∆
2171 2723 3154 2780 nur zum Teil gewachsen. Herr Direktor Franz
1220 2708 2182 2798 Genüßlingspbilosopheme völlig im Stich. Er, der
253 2733 1222 2797 keinen Zweck. Er läßt sich treiben von Moment
2188 2754 3149 2810 Rolan gab den Hofreiter, als den Narren seiner
1213 2751 2172 2828 tausendmal seiner Frau völlige Bewegungsfreiheit
237 2769 1220 2827 zu Moment und folgt blindlings und rücksichtslos
2179 2789 3153 2850 Triebe und Launen, sehr gut. Die unter konzilian¬
1208 2798 2185 2867 zugestanden hat, zwingt jetzt, da er in den Augen
244 2803 1227 2875 der Eingebung des Augenblicks. Je mehr graue
1952 2841 2004 2870 210
2175 2823 3156 2887 tem Wiener Wesen verbornene Energie des Mannes
1214 2821 2172 2900 der Leute wissenden Spott flimmern sieht, den
247 2831 1224 2913 Haare sich in seinen blonden Scheitel stehlen, desto
2170 2852 3146 2934 brachte er trefflich zur Darstellung und rettete damit
1210 2866 2169 2935 Nebenbuhler brüsk vor die Pistole. -Und obwohl er
250 2871 2173 2937 krampfhafter hält er die Don=Juan=Rolle fest, aus gewiß zunächst nichts weiter beabsichtigt, als einer
2169 2892 2882 2948 den Gesamteindruck des Stückes.
2883 2903 3147 2959 Stellenweise
2175 2924 3137 2992 führte ihn der Wunsch, die Untertöne des Stückes
258 2907 3143 3041 #ttelkeit. Gewohnkeit und Sehnsucht nach der Formalität zu genügen, schießt er dennoch, als es in den Zuschauern aufklingen zu lassen, zu unnöti¬
3126 2935 3248 3001 wär
