3344 4384
658 251 728 311 W0
239 236 1772 355 24. Das Land box 2971
374 1076 734 1150 Isschuftt aus.
739 1130 1102 1240 wenkoy, Prag
460 1129 802 1245 UR1 1914
385 1200 456 1245 in
404 1233 507 1285 —
513 1275 1427 1392 Ze svöla umäleckého. Reditel dvornf Einohry
419 1328 1434 1440 widenské svob. p. Berger sdélil zástupcum tisku, 20
477 1390 1438 1484 pfisti saisoné bude klästi hlavnf vähn vice na
415 1409 1431 1519 fnovbiky nez na klasická dila. Jak uz jsme zazna¬
418 1462 1436 1554 menali, bude nová saisona dvornf Einohry zahäjena
427 1509 1418 1596 dramatem =Siegfried der Cheruskere od Adolfa Wil¬
421 1537 1424 1616 brandta. Počätkem Hjna bude provedeno nové
423 1586 1420 1670 drama Artura Schnitzlera-Das weite Lande,
416 1630 1419 1720 Po té bude uvedena na scénu veselohra, kterou pfimo
415 1656 1413 1773 pro dvornf Einohru videnskou pisf francouzstf dra¬
421 1704 1412 1800 matikové Flers a Caillavet. Zavázali se, Ze
416 1744 1420 1831 dodajf rukopis do konce méssce Hina. Koneëné bylo
406 1774 1415 1864 ziskäno nové drama -Muttersohne od Zibrida Tre¬
406 1817 634 1887 hitsche
501 2175 1482 2279 ausschnitt Af G BLI9IA, PRAG
510 2278 668 2339 vom:
530 2304 1041 2395 Swee
960 2346 1076 2422 □
535 2408 1391 2509 Theater und Aufik.
474 2490 1404 2582 Schnitzler — Bahr — „Faust“ im
619 2558 1272 2649 Deutschen Landestheater.
529 2612 1444 2687 Direktor Heinrich Teweles hat für die nächste
455 2674 1443 2735 Spielzeit Arthur S#h###=Schauspiel „Das
451 2716 1449 2784 weite Land“, Hermann Bahrs Lustspiel „Das
454 2774 1436 2826 [Tänzchen" und Otto Ernsts Tragikomddie „Die
452 2804 1439 2874 Liebe höret nimmer auf“ erworben. Schnitzler und
459 2843 1452 2912 Bahr haben dem Landestheater das Recht der Ur¬
465 2888 1460 2950 aufführung gleichzeitig mit Wien, beziehungs¬
447 2942 968 3009 weise Berlin zugestanden.
541 2959 1454 3031 Für den diesjährigen Goethetag wird eine
453 3019 1448 3093 Aufführung des „Faust“ vorbereitet, die zugleich
460 3054 1448 3136 eine Erinnerung an den vor kurzem dahingeschiedenen
464 3108 1450 3161 Adolf Wilbrandt sein soll, indem seine dei¬
471 3140 1444 3211 teilige „Faustbearbeitung“ gewählt wurde. Der erste
465 3185 1444 3254 Abenb (28. August) beginm mit dem Vorspiel auf
462 3228 1452 3302 dem Theater und schließ. mit der Hexenküche ab,
467 3267 1464 3325 der zweite Abend (29. Aug=st) umfaßt das Gretchen¬
460 3307 1450 3371 drama, von der Begegnung vor der Kirche bis zur
469 3350 1452 3423 Kerkerszene, der dritte Abend bringt den zweiten Teil
459 3403 1007 3475 der Dichtung (30. August).
834 3460 984 3519 ——
2198 423 2535 510 Ausschmnt as
2042 444 2720 594 Noue treie Presse, Wiet
1898 814 2988 869 Schnitzlers „Das weite Land“ am Prager
2189 852 2683 913 Deutschen Theater.
2123 906 2764 966 (Telegramm der „Neuen Freien Presse“.)
1919 944 3034 1029 Prag, 14. Oktober. Mit der ersten Aufführung von
1845 979 3026 1051 Schnitzlers Tragödie „Das weite Land“ im Neuen
1854 1041 3027 1095 Deuischen Theater eröffnete heute Direktor Heinrich Teweles
1862 1079 3026 1137 die Saison. Der Eröffnungsabend kann als ein durchaus ge¬
1855 1122 3030 1179 lungener bezeichnet werden. Das ist von günstigster Vor¬
1861 1169 3028 1218 bedeutung für die beginnende Aera des neuen Direktors, der
1864 1205 3037 1274 sich auch bisher schon als seinfühliger und zielbewußter Leiter
1866 1241 3033 1304 dieses Kunstinstituts gezeigt hat. Die heutige Aufführung
1866 1295 3032 1354 wurde von Herrn Obetregisseur Dr. Eger mit viel Geschmack
1853 1329 3036 1404 und technischer Sicherheit geleitet. Das Stück brachte in den
1861 1371 3029 1445 Hauptrollen vortregfliche Leistungen der Damen Medelsky,
1855 1430 3030 1474 und Neff sowie der Herren Faber, Rittig und Schütz.
1854 1464 3044 1538 Der Dichlung, den Darstellern und den Leitern des Spieles wurde
1859 1514 2287 1587 reicher Beifal zu teil.
1874 1573 3036 1663 Schnitzlers „Das weite Land“ an reichsdeutschen
2332 1639 2580 1703 Bühnen.
2323 1687 2569 1753 In Berlin.
2143 1711 2761 1799 (Telegramm der „Neuen Freien Presse“.)
1936 1757 3057 1846 Berlin, 14. Oktober. Artur Schnitzlers Tragi¬
1860 1809 3040 1891 komödie „Das weite Land“ wurde im Lessing=Theater auf¬
1871 1864 3036 1926 geführt. Unbestrittenen Erfolg hatte der dritte Akt, in
1867 1909 3046 1960 dem namentlich die hübschen Lustspielszenen gefielen.
1871 1946 3049 2007 Nach den anderen Akten klang der Beifall nicht sehr start. Vom
1876 1989 3040 2052 vierten Akt an gab es auch Widerspruch. Die Aufführung
1882 2038 3042 2094 war sehr ungleich. Die Darsteller der männlichen Rollen er¬
1880 2069 3048 2133 wiesen sich zumeist als unzureichend mit Ausnahme von Karl
1878 2113 3044 2176 Forest, der als Dichter Rhon eine amüsante Charge bot.
1882 2156 3040 2221 Vielleicht wird die männliche Hauptsigur, der betrügende und
1879 2198 3041 2268 betrogene Ehemann, der zuletzt den Liebhaber seiner Frau
1873 2237 3045 2307 erschießt, verständlicher und sympathischer, wenn ein guter
1880 2291 3042 2359 Schauspieler sich ihrer annimmt. Von Heinz Monnard
1869 2332 3045 2397 gespielt, war sie unverständlich und unsympathisch. Die Schau¬
1881 2377 3031 2443 spielerinnen übertrasen ihre männlichen Kollegen beträchtlich.
1879 2415 3043 2488 In der weiblichen Hauptrolle der Genia zeigte Irene
1885 2463 3043 2524 Triesch, daß ihre Kunst durch die Krankheit, die sie durch¬
1875 2510 3049 2576 gemacht, nicht gentten hat. Vorzüglich war Mathilde Sussin
1884 2561 3040 2613 als Mutter des armen Fähnrichs, der zuletzt erschossen wird.
1893 2607 3053 2654 Sie ist eine vornehme Schauspielerin im guten alten Stil des
1887 2635 3051 2703 Burgtheaters. Nur Hilde Herterich in der Rolle des
1888 2680 3043 2755 jungen Mädchens mit der offenen Tür ließ zu wünschen
1891 2739 2031 2812 übrig.
2324 2747 2617 2834 In München.
2154 2807 2780 2872 (Telegramm der „Neuen Freien Presse“.)
1946 2846 3061 2913 München, 14. Oktober. Im Königlichen Residenztheater
1884 2904 3050 2963 sand heute Schnitzlers Tragikomöde „Das weite
1882 2937 3052 3000 Land“ eine namentlich vom dritten Akt an sehr lebhafte
1884 2975 3059 3045 und steundliche Au,nahme. Am Schlusse wurden die Dar¬
1877 3025 3053 3104 ster er, besonders Herr Steinrück (Hofreiter) und Frau
1883 3069 3057 3138 v. Hagen (Genla) ostmals gerusen. Regisseur Basil trat
1888 3107 3050 3172 vor die Rampe und erklärte dankend dem Publikum daß er
1878 3141 3048 3233 dem Dichter sojort von der freundlichen Aufnahm Mitteilung
1887 3207 2176 3276 machen werde.
2316 3237 2639 3305 In Hamburg.
2163 3282 2806 3360 (Telegramm der „Neuen Freien Presse“.)
1954 3320 3069 3382 Hamburg, 14. Oktober. Der Erfolg von Schnitzlers
1884 3361 3065 3433 Tragilomödie „Das weie Land“ im Deutschen Schauspielhaus,
1896 3408 3055 3484 inszeniert von Dr. Hagemann, war bereits nach dem
1888 3449 3057 3533 zweiten Akt entschieden, obwohl die leichere wenerische Lebens¬
1886 3503 3070 3567 auffassung das schwerblütige Hamburger Publikum teilwese
1895 3539 3073 3610 befremdete. Besonders packte der vierte Alt. Robert Ohil¬
1889 3587 3063 3649 als Fabrikant Hofreiter war köstlich, Marie Elsinger als
1889 3637 2320 3714 Genia recht erfteulich.
2322 3652 2630 3733 In Hannover.
2155 3697 2768 3778 (Telegramm der „Neuen Freien Presse“.)
1961 3765 3009 3817 Hannover, 14. Oktober. In der Schauburg z
1890 3806 3063 3879 Hannover sand heute unter ungeteiltem großen Beifall, bei
1884 3835 3052 3901 vorzüglicher Darstellung die erste Aufführung von Ann¬
1940 3884 2674 3966 chnitzlers „Das weite Land“ statt.
2787 4168 2971 4240 ——
