3344 4320
618 190 714 240 WE
441 171 588 238 Das
200 171 1173 276 24 iteLand
432 1683 1162 1870 Das weite kand. 96.—
382 1846 1171 1924 Deutsches Schauspielhaus.4 0
306 1924 1169 1991 Die ganze dichterische Produktion Schnitz¬
307 1960 1113 2043 släßt sich in bezug auf ihren geisten
269 1904 343 2052 *
327 2006 1176 2050 eine Art naturwissenschaftlicher Formel
211 2037 1171 2092 bringen. Sie lautet etwa so: befreit den Men¬
214 2079 1167 2133 schen von dem dünnen Lack einer aufgezwunge¬
221 2122 1171 2170 nen Kultur und ihr findet das Herdentier mit
218 2163 1170 2211 allen Instinkten eines solchen; der Mann mehr.
225 2211 1168 2248 polygam, das Weib mehr monogam veranlagt,
219 2233 1178 2295 beide in ihrem Liebesleben von Natur aus ohne
223 2281 1165 2330 Treue, ohne Beständigkeit, ohne Wahrhaftig¬
210 2313 1179 2372 keit, und immer, bewußt oder unbewußt, auf
219 2354 261 2393 d
310 2352 979 2412 siche nach neuen Sensationen.
1077 2354 1174 2408 Der
230 2390 1182 2445 Drang, immer wieder den keinen Triebmenschen
226 2431 1178 2479 darzustellen, ist so stark in Schnitzler, daß man
221 2470 1171 2520 in seinen Dramen und Novellen nur selten zu
224 2511 1176 2553 erkennen vermag, wie der Mensch in Millionen
224 2542 1171 2598 von Individuen seiner Gattung längst aus dem
228 2588 1165 2639 Tier herausgewachsen ist und es gelernt hat,
225 2628 1173 2675 seine Neigungen und Sehnsüchte mit dem Ver¬
230 2662 1172 2710 stand zu beherrschen. Wo dann diese „sittlichen“
224 2704 1163 2752 Menschen in Schnitzlerschen Dichtungen dennoch
227 2745 1167 2795 auftreten, gleichen sie merkwürdigerweise Trot¬
223 2782 1177 2827 teln und Sonderlingen, weil sie von der anders¬
226 2819 1164 2871 gearteten Umgebung allzu sehr abstechen, oder
225 2859 1172 2905 weil sie von der absoluten Mehrheit der Trieb¬
225 2895 1158 2943 menschen erdrückt werden. Schnitzler ist der
226 2936 1163 2985 Liebespsycholog in der zeitgenössischen deutschen
222 2970 1160 3024 Dichtung, es ist ihm nicht möglich, das Welt¬
223 3015 1173 3067 getriebe anders als nur unter einem erotischen
218 3050 1164 3098 Gesichtswinkel zu sehen. Dabei ist er ein haar¬
226 3092 1156 3136 scharfer Beobachter, nur wer die Augen absicht¬
220 3131 1167 3182 lich schließt, wird leugnen, daß er die Wahrheit
221 3169 1170 3221 schreibt. Die Menschen, die Schnitzler so unver¬
217 3209 1169 3252 hüllt in all ihren Lüsten und in all ihrem wider¬
220 3246 1167 3296 spruchsvollen Treiben vorführt, sind ohne Aus¬
215 3287 1160 3335 nahme Wesen von unserm Fleisch und Blut, nur
216 3330 1158 3378 verschweigt der Dichter meistens, daß ihnen un¬
213 3366 1158 3426 gezählte Mengen „anders“, wenn man will,
215 3414 1162 3457 „besser“ geartete, fortgeschrittenere Individuen
220 3449 1160 3497 gegenüberstehen. Die Schnitzlerschen Dichtungen
219 3483 1161 3532 sind also nicht ganz als Kulturbilder aufzufassen,
222 3527 1164 3581 sie sind einzeitige Ausschnitte aus dem Leben
215 3550 1159 3609 der Gegenwart, und wenn fie auch viele abso¬
211 3603 1163 3651 lute Wahrheiten in bezug auf das Seelenleben
214 3640 1161 3686 des Menschen enthalten, so fehlt ihnen doch zu
210 3681 1159 3723 ganzen und lehrhaften Lebensbildern das
212 3719 1159 3771 Gegengewicht, der Ausgleich nach allen Seiten.
296 3771 1157 3816 Schnitzler hätte nie seine großen berechtig¬
196 3806 1170 3871 #ten Erfolge errungen, hätte die Natur ihm nicht
1310 173 1777 264 box 29/1
1193 757 2143 805 in seiner zersetzenden Beobachtungsgabe in ero¬
2172 759 3124 800 einem andern. Ein anderer liebt seine Frau
1216 796 2146 835 cis eine Anmut in der Wortführung verliehen,
2160 800 3117 863 zärtlich, was ihn aber doch nicht abhält, sich
1216 824 2147 877 ie ihresgleichen sucht. Leichtfüßig wie seine Ge¬
2163 837 3116 885 in fremde Liebesbande zu begeben, überdies
1215 871 2141 923 hichtchen, jenseit von Gut und Böse wie seine
2168 875 3127 924 zwingt ihn seine Wahrheitsliebe, den Abstecher
1205 907 2154 955 derrchen und Dämchen, die in verschwiegenen
2169 913 3126 964 seiner Frau mitzuteilen. Ein Bankier sieht mit
1211 953 2129 1006 Liener Chambre separées „nachtmahlen",
2163 946 3110 1009 zu, wie seine Gattin, als ob es so sein müßte,
1210 990 2145 1042 cherzen, plänkeln, philosophieren und lieben,
2167 991 3119 1054 von einem der Freunde zum andern wandelt,
1208 1027 2138 1073 sauptsächlich das letztere, sind auch seine gra¬
2164 1026 3121 1071 scheinbar ohne sich je über ihr Treiben ganz
1195 1068 2150 1114 ziösen Dialoge. Er ist ein Meister des fein¬
2157 1060 3126 1118 klar zu werden. Kurz, es ist ein wahres Durch¬
1196 1101 2143 1151 geschliffenen und pointierten Stils. Mit einer
2166 1104 3120 1162 einander von Liebeleien leichten und ernsten
1188 1148 2140 1194 Leichtigkeit, die sich nur noch bei den geschickte¬
2165 1124 3125 1202 Charakters, ein Gartenbeet, um keinen anderen
1184 1180 2141 1230 sten Franzosen vorfindet, gleitet der Wiener über
2162 1176 3124 1222 Ausdruck zu gebrauchen, das die seltsamsten Ge¬
1188 1216 2142 1268 die schlüpfrigsten und gewagtesten Situationen
2155 1213 3119 1261 wächse sprießen läßt. Jedes einzelne ist vom
1192 1263 2139 1306 und Gespräche hinweg, ohne zu verhüllen und
2164 1258 3112 1320 Dichter mit Sorgfalt behandelt. Er hat sich
1181 1300 2150 1341 ohne zu Zweideutigkeiten seine Zuflucht zu
2152 1289 3022 1339 bemüht, die Widersprüche aufzuzeigen,
3019 1300 3118 1349 in
1188 1330 2137 1389 nehmen. Man tut ihm übrigens Unrecht, wenn
2156 1336 2782 1388 denen alle diese Menschen
2779 1341 3118 1388 sich bewegen
1193 1377 2137 1425 man ihn mit irgend einem der französischen
2151 1365 3113 1428 oder in denen sie von einer höheren Macht,
1190 1417 2144 1461 Meister des Stils vergleicht, Schnitzler bedeutet
2155 1408 2477 1465 der Natur, d
2530 1414 3118 1479 nach Schnitzler mit dem
1184 1448 2121 1508 mehr als sie, er ist nicht bloß der Causeur, er
2165 1454 3117 1507 Chaos identisch ist, bewegt werden. Der Held
1180 1483 2149 1543 ist in Wahrheit der lachende Philosoph, er ist
2157 1491 3109 1554 ein absolut polygam veranlagter Mensch, der
1185 1526 2149 1580 der Psycholog, der nicht nur unterhält, sondern
2157 1527 3111 1592 darüber verzweifeln will, daß einer seiner
1188 1573 2145 1624 auch immer etwas zu sagen hat und durch seine
2158 1570 3125 1620 Freunde aus Liebe zu seiner Frau den Tod ge¬
2162 1606 3126 1654 sucht hat, und der es der Gattin beinahe zum
1185 1606 2144 1654 verblüffenden Wahrheiten und. Offenheiten zum
2154 1649 3118 1700 Vorwurf macht, daß sie jenen „in den Tod ge¬
1192 1645 2134 1693 Nachdenken anregt. Sicher ist jedoch auch dies,
2152 1682 3123 1741 trieben“ hat, knallt einen anderen Freund nieder,
1192 1686 2139 1732 daß viele Schnitzlersche Dichtungen ohne die
2154 1710 3123 1782 weil er das erreicht hatte, was dem andern
1194 1721 2139 1765 Gragie, mit der sie vorgetragen werden, un¬
1200 1763 2140 1818 genießbar blieben. Jede Plumpheit müßte ihnen
2162 1763 3119 1805 nicht gelungen war. Und zwar greift der Gatte
2155 1802 3129 1851 in einem Augenblick zum Revolver, der ihn selbst
1193 1801 2140 1842 verderblich werden, sie sind ganz auf den leich¬
1188 1839 2145 1878 ten Ton eingestellt, den Schnitzler sich geschaffen
2156 1842 3129 1892 untreu vorfindet. „Andere sind vielleicht an¬
1189 1877 2148 1944 hat, und der das vorstechendste Merkmal seiner
2147 1874 3123 1940 ders, ich bin amal so." Jeder Mensch eine Welt
1193 1912 1398 1976 Muse ist.
2157 1916 3113 1979 für sich. Es wäre schwer, eine geschlossene
2144 1953 3105 1994 Ordnung in dieses dramatische Gebilde zu brin¬
1269 1952 2139 2027 Auch die neue Tragikomödie „Dasweite
2158 1990 3122 2047 gen. Aus diesen Streiflichtern geht aber schon
1184 1996 2148 2067 Land“ die am letzten Sonnabend auch im
2160 2031 3124 2076 hervor, welcher Kunst es bedurft hat, um einen
1183 2052 2143 2091 Deutschen Schauspielhause eine
2162 2071 3131 2124 solchen Stoff nicht abschreckend wirken zu lassen.:
1183 2089 2137 2132 ihrer Uraufführungen erlebte, ist ein ichter Schnitz¬
2225 2117 3119 2194 Schnitzlers Hand war in dem Aufbau seines
1183 2132 2147 2193 ler, wenngleich diese Arbeit keineswegs zu den
1193 2169 2145 2225 besten Werken des Dichters gehört. Alle Licht¬
2154 2148 3133 2229 neuen Stückes nicht ganz glücklich. Die Stim¬
1192 2209 2135 2266 und Schattenseiten Schnitzlers finden sich hier
2145 2204 3128 2247 mungen wechseln zu häufig. Auch haben die
2148 2238 3119 2301 unlogischen Handlungen der Menschen dann
1180 2245 2135 2302 gehäuft, aber nicht ausgeglichen; zudem läßt
2148 2274 3110 2327 und wann etwas Gewaltsames, Naturfremdes.
1184 2273 2148 2336 die Technik des Stückes, früheren Leistungen
2155 2331 3112 2377 Die Frau, die mit Emphase bemerkt, „um mich
1195 2325 2144 2380 gegenüber, sehr zu wünschen übrig. Schnitzler
2161 2364 3118 2417 muß man lange werben“ ergibt sich eine Stunde
1187 2357 2139 2413 bietet diesmal kein festes dramatisches Gefüge,
2156 2403 3125 2441 später irgendeinem jungen Laffen. Dazu genügt
1183 2395 2147 2452 er würfelt vor unseren Augen eine Reihe von
1182 2437 2132 2490 Menschen durcheinander, von denen nur ein ein¬
2146 2437 3120 2495 kein plötzlicher Affekt. Der Mann, dessen gan¬
2142 2480 3111 2524 zes Leben eine Kette von untreuen Handlungen
1187 2476 2132 2534 ziger einen festen Halt im Leben gewonnen zu
2152 2521 3114 2559 ist, schießt den Liebhaber seiner Frau nieder,
1189 2524 2129 2567 haben scheint, alle anderen werden fast ganz
2144 2558 3113 2608 nachdem er selbst sie hineingetrieben hat. Auch
1189 2562 2134 2612 von ihrem Liebesleben beherrscht und taumeln
2148 2596 3114 2642 die szenischen Stimmungen schwanken allzu sehr
1180 2585 2127 2648 willenlos hin und her. Schnitzler bemüht sich,
2156 2634 3104 2689 hin und her. Drama, Schwank, Lustspiel und
1193 2638 2131 2691 vor unsern Augen in die Seelen dieser Menschen
2161 2667 3111 2725 schließlich Tragödie wechseln mit einander ab.
1194 2675 2129 2718 hinabzuleuchten, denn „das weite Land“, das
2149 2707 3111 2770 Die Technik ist auffallend nachlässig, zuweilen
1186 2715 2138 2773 ist eben die Menschenseele, die noch kein Wande¬
2150 2752 3114 2796 in modernem Sinne ganz unmöglich. Während
1187 2751 2129 2795 rer der Philosophie ganz durchmessen hat. Er
2157 2789 3109 2830 im Vordergrund minutenlange Gespräche ge¬
1185 2787 2142 2843 will zeigen, wie viele einander widersprechenden
2145 2827 3123 2871 führt werden, stehen hinten sechs, sieben Per¬
1183 2830 2128 2886 Leidenschaften, Sehnsüchte, Gefühle, Affekte und
2144 2861 3113 2916 sonen in stummem Gespräch, gleichsam als leben¬
1184 2876 2136 2915 Regungen hier nebeneinander Platz haben und
2151 2905 3111 2955 des Dulo. Der erste Akt mit seiner Entwicklung
1181 2910 2131 2956 daß man den Menschen, dieses komplizierteste
2146 2945 3108 2996 wirkt sehr spannend, der zweite bringt zweifel¬
1180 2950 2099 3004 aller Wesen, eben so nehmen muß, wie es ist
2135 2983 3102 3031 los noch eine Steigerung, aber der dritte, der
1182 2994 2136 3048 nicht wie die Moralisten es haben möchten. Um
2141 3018 3112 3073 in einem Gebirgshotel spielt, fällt, so amüsant
1180 3026 2125 3072 zu seinem Ziele zu gelangen, hat der Dichter
2145 3061 3114 3112 und interessant er auch ist, ganz aus dem Rah¬
1189 3064 2138 3110 die Probleme nur allzu sehr gehäuft, er führt
2138 3104 3107 3140 men, ist in einer ganz anderen Stilart ge¬
1181 3101 2131 3158 uns einen wahren Sumpf vor, der mit bunten,
2147 3135 3103 3181 schrieben und wirkt unorganisch. Die beiden
1178 3139 2130 3196 üppig wuchernden Blumen besponnen ist. Kein
2143 3178 3102 3237 letzten Akte wandeln das Stück, ganz wider jedes
1187 3181 2007 3233 einziges Geschöpf dieses Dramas ist so
1997 3184 2141 3234 ganz
2152 3213 3104 3266 Erwärten, zur Tragödie. Das Stück verdient
1182 3223 2134 3268 eigentlich „intakt" oder handelt nach den Ein¬
2154 3254 3111 3297 seinen tiefen Titel nicht ganz, aus dem weiten
1187 3264 2130 3324 gebungen der Vernunft, alle lassen sich ganz
2149 3293 3101 3349 Lande der Seele hat Schnitzler uns allzu viel
1177 3302 2132 3346 und gar von ihren Gelüsten treiben. Dadurch
2149 3334 3109 3385 Gestrüpp vorgeführt, keine starken, gewaltigen
1181 3324 2125 3385 erhält das ganze Stück einen ungesunden An¬
2141 3372 3103 3425 Bäume, keine dunklen Geheimnisse, nur un¬
1190 3372 2137 3428 strich, und da auch einzelnen Teilen der Dich¬
2138 3402 3109 3467 gehemmte tierische Triebe. Gestrüppartig ist
1179 3421 2131 3462 tung die gewohnte Grazie fehlt, gibt es Par¬
2150 3447 3100 3495 auch der ganze Charakter des Stückes geblieben.
1180 3457 2128 3506 tien, die brutal wirken. Geht man den Zettel
2217 3494 3104 3549 Herr Direktor Hagemann hatte das schwierige
1179 3495 2124 3539 durch, so findet man außer einem auf einsamer
2142 3528 3106 3590 Stück mit aller Diskretion herausgebracht. Eine
1179 3532 2122 3580 Höhe wandelnden Arzt auch nicht eine einzige
2149 3567 3098 3621 große Regiearbeit ist sicherlich nötig gewesen,
1179 3571 2124 3620 Hauptperson ohne dunkle Punkte. Der Held
2149 3609 3109 3663 um alle Härten abzuschleifen und den ganzen
1190 3603 2132 3654 hält es mit allen Frauen, nur die Pausen zwi¬
2140 3648 3104 3696 Umkreis des Werkes einigermaßen einheitlich zu
1191 3648 2023 3695 schen der einen und der andern füllt er
2013 3651 2137 3700 mit
2138 3695 3107 3738 gestalten. Sehr bestechend war das szenische
1183 3691 2120 3736 den Dingen aus, die das Leben sonst noch
2140 3731 3102 3774 Bild der ersten beiden Akte und das des letzten
1186 3733 2126 3787 bietet, seine Frau scherzt mit dem einen Freunde
1177 3769 3107 3815 des Mannes so lange, bis jener aus unglück= Bildes mit dem Ausblick in die Szenerie der
1163 3801 3108 3865 licher Liebe Selbstmord begeht, und ergibt sich i ersten Aufzüge. Den eigentlichen Helden der
