3436 4352
451 138 1737 218 Am nächsten Morgen stand schon Herr Devrient genau an
336 213 1742 275 jenen Stellen der Bühne, die Lartmann in den verschiedenen Situationen
336 261 1739 319 ringenommen hatle, um als Doktor v. Aigner genau dieselben Worte
328 320 1736 373 in derselben Haltung zu sprechen, die vor zwei Tagen Hartmann noch
321 368 1746 421 gesprochen. Er machte dieselben Schritte, er lächelte, wie sein Vor¬
322 403 1743 474 gänger gelächelt hatte, er hielt das blaue Rollenhest in der Rechten,
334 460 1730 515 das Hartmann daheim aufs Nachtkästchen gelegt hatte, um noch vor
332 505 1742 562 dem Einschlafen ein bischen hineinzuschauen und tiefer einzu¬
327 551 1733 618 prägen, was noch nicht ganz festsaß. Von dort hatte man
321 612 1735 660 das Heft geholt und es Herrn Devrient eilig übergeben, damit
334 651 1740 703 er raschest zu lernen beginne. Herr Devrient konnte natürlich
326 701 1736 765 anfangs bei den Proben nur mittun, wenn er möglichst oft in die Rolle
319 766 1744 819 schaute. Und da konnte man sehen, daß in der unteren rechten Ecke des
326 802 1739 857 blauen Umschlages der Name Ernst Hartmann mit einem dicken
318 849 1733 901 schwarzen Strich durchzogen war... Ein durchstrichener Name. Und
328 898 1744 941 von nun an gibt ein anderer die Rolle, die der Dahingegangene hätte
321 949 1736 1010 spielen sollen. Warum sich die Damen des Burgtheaters eigentlich
330 997 1738 1054 darob so sonderlich aufregten? Sie haben doch nicht geglaubt, daß sich
319 1044 1735 1103 solch schmerzliche Neubesetzungen nur beim Theater vollziehen? Jeden
316 1096 1746 1160 Tag gebt es tausend Rollen, die über Nacht verwaist werden. Der
316 1147 1736 1212 Name des Besitzers streicht sich von selbst aus, ein anderer Name
321 1189 1271 1233 schreibt sich hin — und das Leben geht weiter.
433 1232 1728 1284 Es ist gewiß nicht uninteressant, sich die Figur näher zu be¬
329 1276 1729 1347 sehen, die Ernst Hartmann zuletzt im Burgtheater hätte gestalten
331 1340 1741 1389 sollen. Wie oft hatte er dem Dichter gegenüber seine Freude
323 1388 1733 1449 ausgedrückt, diesen Doktor Aigner spielen zu können. Man
322 1433 1738 1501 muß nämlich folgendes wissen: Im Burgtheater war schon seit
330 1482 1740 1535 längere Zeit erzählt werden, der Dichter Artur Schnitzler habe bei der
315 1523 1732 1585 Schaffung einiger Gestalten seines Dramas an bestimmte Personen
328 1597 1733 1647 gedacht — an bekannte Persönlichkeiten sogar. Man braucht da nicht
324 1628 1738 1684 gleich an große historische Erscheinungen zu denken. Zum Beispiel: Ein
323 1680 1728 1743 Hotelportier kann, wenn das Etablissement, dem er seine Dienste weiht,
327 1728 1732 1786 stark beiucht ist, leicht eine bekannte Persönlichkeit werden. Und in der
317 1781 1723 1839 Tat hat — so erzählt man sich — der Portier des Südbahn¬
322 1821 1733 1887 hotels auf dem Semmering dem Dichter zum Urbild für jenen
328 1880 1727 1938 „Portier Rosenstock“ gedient, den der Theaterzettel der Novität „Das
325 1923 1721 1973 weite Land“ als Pfortenfunktionär des „Hotels am Völser Wether“
320 1974 1721 2031 bezeichnet, wo es, nebenbei gesagt, gar kein Hotel gibt. Gemütliche
324 2023 1731 2086 Portiers, die mit „ihren" Gästen so gewissermaßen auf wohlwollend
313 2069 1727 2123 vertrauim Fuße stehen — in unserem freundlichen Oesterreich gibt es
320 2121 1732 2188 deren gewiß viele. Trotzdem aber erzählte man sich im Burgtheater
311 2166 1730 2228 der Mann vom Südbahnhotel stecke ganz speziell hinter diesem Rosen¬
317 2208 1728 2281 stock. Dr. Schnitzler habe oft dort auf dem Semmering gewohnt und
316 2257 1725 2328 diesen hervorragenden Vertreter des Portierstandes studiert, und der Dar¬
324 2312 1723 2391 steller des Rosenstock, Herr Thimig, sei sogar in letzter Zeit eigens
324 2355 1577 2422 auf den Semmering gefahren, dieses Original kennen zu lernen.
448 2395 1726 2480 Doch nicht von dem auf einmal literarisch gewordenen Portier
323 2447 1724 2538 wollten wir sprechen, sondern von einer andern, wirklich interessanten
316 2496 1726 2578 Persönlichkeit, die Artur Schnitzler in seiner Tragikomödie nicht etwa
321 2569 1728 2634 gachgebildet, deren eigenartige Erscheinung ihm jedoch vorgeschwebt
325 2595 1725 2673 hai, als er die Figur ausarbeitete und selbstverständlich auch — gewiß
320 2663 1725 2728 absichtlich — mit fremdartigen Aeußerlichkeiten ausstatiete. Da erzählt
322 2702 1737 2773 man sich nun, der Holeldirektor oder eigentlich Hotelunternehmer Doltor
327 2759 1727 2824 o. Aigver, der da in dem Stücke als ein um die Hebung von ganz
317 2802 1723 2870 Südtirol überaus verdienter Mann hiugestellt wird, sei niemand andeter
317 2846 1724 2921 als der erst im Jänner dieses Jahres in Meran verstorhene Präsident
316 2900 1729 2970 des Vereines für Alpenhotels in Tirol Dr. Theodor Christomannos.
315 2946 1727 3020 Natürlich decken sich Orignal und Kopie nicht in den Details und
320 2997 1718 3067 niemand darf sagen, der Dichter habe die Absicht gehabt, Dr. Christo¬
326 3036 1729 3122 mannos, wie er leibte und lebte auf die Szene zu bringen. Aber immer
317 3098 1722 3165 hin gibt es da schon gewisse Anhaltspunkte, da es sich um eine
325 3140 1723 3200 um das öffentliche Leben wirklich verdiente und in weiten Kreisen
313 3194 1724 3264 bekannte Persönlichkeit handelt. Dr. Schnitzler hat es vielleicht
313 3226 1725 3311 ein bißchen gewollt, daß man an den verstorbenen Dr. Christomannos
318 3291 1726 3360 denke, bevor Dr. Aigner auf der Bühne erscheint. Denn die Hauptperson
321 3333 1666 3410 des Stückes kündigt ihn mit einer Biographie an, die sich anbört,
314 3381 1710 3446 wären die paar Sätze aus der Lebensgeschichte Dr. Christomannos herau
316 3427 1353 3501 gerissen. Da wird nämlich von dem Manne erzählt:
545 3478 1748 3566 . Dr. Aigner ist damals gerade von einer Wahlreise zurück¬
311 3527 1738 3604 gekommen .. . Jeden Tag hat er zwei bis drei Reden gehalten ....
314 3594 1737 3664 Schon damals war er Präsident im Touristenklub . . . Na, und gar
316 3635 1737 3682 jetzt als Abgeordneter ... Da redet er nicht nur, er tut auch was
313 3684 1738 3760 fürs Land. Die neuen Dolomitenstraßen wären ohne ihn nie gebaut
313 3734 1724 3809 worden. Diese Riesenhotels und die Automobilverbindungen sind eigentlich
319 3786 1733 3870 alles sein Werk. Und nebstbei hat er in jedem Tiroler Dorf mindestens
311 3822 518 3907 ei —
428 3880 1740 3975 Doch weiter dürsen wir aus dem Stücke nicht zitieren, weil wir
322 3905 1734 3992 eben dem on dit folgend erzählt haben, wer das Urbild dieses Doktor
316 3991 1736 4050 v. Aigner sein soll. Oder — eigentlich könnte man rubig auch die
311 4024 1734 4117 Einzelheiten der Figur mitteilen, da doch der Dichter gewiß kein Photo¬
1758 174 3184 257 graph ist und seine Phantasie zum Schweigen verurteilt, sobald er nach
1771 222 2138 296 dem Leben schafft.
1860 273 3175 332 Jener Dr. Christomannos, dessen Nekrologe die Zeitungen am
1761 309 3162 372 letzten Jännertag dieses Jahres brachten, hat sich um seine Mitbürger
1754 365 3174 415 in ganz merlwürdig ähnlicher Weise verdient gemacht, wie der Dr. Aigner
1753 415 3169 484 Schnitzlers. Er war Landtags=Abgeordneter und, wie schon er¬
1750 472 3169 515 wähnt, Präsident des Tiroler Vereins zur Errichtung von Alpenhotels.
1759 535 3164 580 „Die großen Hotels in Trafoi, Karasee und Sulden“ — so lesen wir
1757 576 3161 627 in den Christomannos=Nekrologen — „waren der Anfang jener groß¬
1758 616 3157 664 zügigen Aktion, die seither in Tirol noch eine Anzahl ähnlicher Eta¬
1746 664 3173 705 blissements geschaffen hat. Auf Anregung Dr. Christomannos' wurden
1760 710 3158 760 Straßen und Wege verbessert. Unter anderen war die Verbesserung des
1750 764 3161 824 Mailcoachverkehres durch das Vintschgau und von Landeck und Meran
1752 804 3167 864 in das Sulden= und Trafoital auch sein Werk. Auch an der
1751 858 3173 908 Förderung des Bahnbaues durch das Vintschgau hat er regen Anteil
1749 906 3159 950 genommen und ebenso im Dolomitengebiet für die Hebung des Fremden¬
1760 953 3173 1005 verkehrs gewirkt. Im Landtage beschäftigte er sich in erster Linie mit
1758 1001 3157 1068 Fragen, die dem Fremdenverkehr und die Verbesserung der Kommunika¬
1753 1047 2298 1115 tionsverhältnisse betreffen.“
1870 1092 3154 1154 Wie man sieht, deckt sich da ziemlich viel. Im Stück fährt
1758 1134 3160 1205 De. v. Aigner gerade nach Wien, um beim Minister wegen eines neuen
1758 1191 3161 1244 Bahnbaues vorzusprechen. Wer diesen hochinteressanten Mann gekannt hat, der
1746 1240 3174 1298 in Wiener literarischen Kreisen viele Freunde zurückließ, wird sich sagen
1747 1290 3169 1337 müssen, der Dichter habe den Charakter mit erstaunlicher Klarheit erfaßt
1750 1339 3167 1388 und wiedergegeben. Dr. Christomannos war eine Erscheinung von einer
1759 1389 3160 1441 geradezu sieghaften Männlichkeit. Daß, wohin immer er kam, Frauen,
1757 1435 3156 1492 die gerne schöne Männer sehen, ihre Auge nach ihm wandten —
1748 1482 3165 1536 braucht's erst gesagt zu werden? Uebrigens hat Dr. Christomannos
1761 1532 3161 1585 seinerzeit in einem Wiener literarischen. Kreise verkehit, der sich im alten,
1762 1583 3173 1637 seither verschwundenen „Winterbierhause“ versammelte. Ludwig Speidel
1744 1639 3152 1689 präsidierte diesem Tisch, voll Anerkennung für den Geist und die Heiterkeit,
1745 1674 3169 1730 die der Meraner Politiker im Gespräch entwickelte. Wie sich's gebührt, lobt
1746 1725 3167 1776 der vortreffliche Mann im ausgezeichneten Andenken seiner Landsleute.
1751 1776 3165 1836 Erst vor einigen Tagen berichteten die Zeitungen, man beabsichtige ihm
1752 1823 3169 1882 in seiner schönen Heimat ein Monument zu setzen. Nun eilt auf einmal
1757 1869 3165 1919 der Dichter dem Bildhauer voran. Meran ist noch ohne Christomannos¬
1747 1920 3087 1976 Denkmal, und der Franzensring hat schon eines! Allerdings
1747 1971 3160 2043 Schminke und Bartwatte, sie lönnen's mit Erz an Dauerhaftigkeit nicht
1756 2015 2003 2090 aufnehmen
1849 2051 3155 2119 Dieser schöne, prächtige Dr. Christomannos war es also, den Ernst
1749 2127 3156 2184 Hartmann hätte spielen sollen. Der Künstler hatte ihn gewiß von
1749 2164 3149 2226 Wien aus gekannt. Und wenn nicht, so konnte ihm so mancher Kollege
1758 2216 3156 2298 vom Burgtheater, der seinerzeit der Speidel=Runde angehört hat, von
1752 2257 2451 2330 dem interessanten Tiroler erzählen.
1862 2298 3157 2372 Die Theatersaison steht nun in voller Blüte. Seit das Johann
1750 2361 3143 2423 Strauß=Theater vorgestern mit Bauer=Oltenheimers „Heimlicher Liebe“
1738 2410 3152 2468 die erste große Operettenpremiere gebracht, hat für die Vorstadtbühnen
1756 2460 3159 2534 der entscheidende Wettkampf um das Publikum begonnen. Wir haben
1748 2515 3170 2561 über diesen so animierten Theaterabend berichtet. Die gute Laune des
1751 2559 3156 2620 Publikums bewährte sich auch während der Zwischenakte: Auch die Zu¬
1745 2606 3160 2660 schauer wurden witzig, oder, wenn sie es schon waren, von der Bühne
1754 2670 3152 2723 aus zu guten Witzen angeregt, wie aus folgender Geschichte zu ersehen:
1863 2710 3164 2782 Zu den treuesten Stammgästen des Johann Strauß-Theaters zählt
1745 2757 3162 2824 der Vorsteher des Bezirkes Wieden, Reichsrats= und Landtags¬
1752 2810 3079 2859 Abgeordneter Rienößl. Er war aus dem Parlament, mo
1732 2851 3169 2931 viel von der drohenden Resistenz der Staatsbeamten gesprochen
1743 2898 3156 2975 worden war, ins Theater gekommen. Im Zwischenalt schreitet
1743 2963 3152 3023 ein Herr auf ihn zu, ein Wähler von Einfluß, seines Zeichens Steuer¬
1741 3005 3156 3063 beamter. Er sagte dem Abgeordneten, die Stimmung in der Beamten¬
1755 3047 3099 3113 schaft sei so erregt, daß es wahrhaftig zur Resistenz kommen könnte.
1856 3101 3164 3189 Doch der also apostrophierte Abgeordnete erschrickt nicht im pindesten.
1752 3132 2559 3217 Im Gegenteil. Schmunzelnd erwidert er:
1853 3172 3164 3263 „Ihr werd's doch nicht glauben, daß das Publiluch revoltieren
1748 3246 3156 3341 wird, wenn sämtliche Steuerbeamtse der Monarchie sofort
1733 3288 2034 3382 streiken!“
3003 3304 3153 3407 Pge
