3296 4320
558 162 709 231 WO
869 167 1122 234 Land
1254 169 1735 269 box 29/1
153 166 1131 277 24. Das „1te lund
1670 581 3003 669 ses indessen vor, sie zu verabschieden und allein zu neuen Liebes¬
360 581 1689 666 an die Vorzüge von Schnitzlers früheren Dramen, sondern an seinen
1686 635 3000 698 abenteuern nach Amerika auszuwandern. Der Tod des armen Otto
359 653 1692 708 unerquicklichen Roman „Der Weg ins Freie“ (1908) mit dessen endlosen
1678 677 3011 747 wegen die Liebelei mit einer verheirateten Frau erinnert in etwas
361 693 1679 757 Wiederholungen wird man erinnert. Ja ich fürchte, die Leser der
1686 730 3005 782 an Schnitzlers vielgerühmtes und mit Recht vielgerühmtes Jugenddrama.
370 730 1685 796 Schlesischen Zeitung werden, wenn sie die Bekanntschaft mit der an¬
1683 755 3005 831 Aber welch ein Abstand trennt ästhelisch wie ethisch die beiden ungleich¬
368 776 1676 834 gefaulten Gesellschaft machen, die durch fünf Akte Ehebruch und Ver¬
33 766 371 855 nfaltige „Tragi¬
1685 814 2005 888 artigen Werke!
365 818 1680 879 führung als Inhalt des Daseins betreibt, an den im Mittwochblatte ge¬
47 822 379 902 Akten von Artur
1755 833 3014 915 In der Burleske „Zum großen Wurstel“ hat Schnitzler mit Humm
371 851 1689 926 schilderten Inhalt von Artur Landsbergers Romanen aus Berlin W. un¬
62 861 367 935 80) hier zum
1685 884 3018 955 und scharfem Witz seine eigenen und fremde Dramen parodiert. „Das
367 904 1681 963 erfreulichst erinnert. So unendlich hoch der Dichter Schnitzler selbst in
53 902 367 977 en und an neun
1676 926 3013 999 weite Land“ kann in manchem Zuge beinahe als Parodie er¬
376 952 1683 1011 schwächsten Stunde über derartigen Machwerken selbstverständlich auch steht,
45 950 372 1020 nen wollen durch
1688 986 3006 1045 scheinen. Die Echtheit und Lebenstreue der Gestalten, für deren jede
377 972 1688 1064 so erscheinen die im „weiten Land“ angeführten Personen und Zustände
42 999 373 1064 die dem jungen
1689 1020 3011 1080 einzelne Schnitzler zumeist ein bestimmtes Vorbild vor Augen stand,
371 1030 1637 1093 doch kaumbesser als die „Moral“ von Hilde Simon und ihrem Kreise.
43 1045 385 1109 age 1911) gegen¬
1683 1055 3012 1121 ist nicht anzuzweiseln. Aber wollte man das Stück mit der Begründung
451 1060 1685 1129 Der sehr reiche Fabrikant Friedrich Hofreiter (Herr Strobl)
45 1080 379 1145 he „dramatische
1677 1102 3017 1164 verteidigen: so ist das Leben, dann wäre doch die Frage aufzuwerfen, ob
368 1105 1694 1166 erfährt, als er von dem Begräbnis eines ihm befreundeten russischen
53 1123 377 1191 Verfassers nicht
1686 1138 3019 1212 es eine dankbare Aufgabe des ernsten Dramas — denn als Satire kann
366 1163 1687 1211 Klavierspielers nach Hause kommt, durch seine Gattin Genia (Frau
66 1170 368 1229 in seiner Lob¬
1679 1198 3023 1255 man die Tragikomödie unmöglich auffassen — sein soll, uns ein solches
375 1210 1678 1258 Santen), daß jener sich aus unglücklicher Liebe zu Frau Genia erschossen
213 1209 375 1268 Viener“.
1687 1237 3013 1293 Stück Leben in dieser Weise vorzuführen. In der „Liebelei“ gewinns
373 1241 1687 1307 habe. Trotz der fortgesetzten Untreue des Mannes, dessen Maitressen
238 1254 378 1319 santen
41 1211 164 1317 ud
1689 1272 3018 1342 jeder Zuschauer einige Teilnahme für die jugendliche Heldin und ihren
370 1289 1670 1347 Frau Adele und Fräulein Erna (Fräulein Kernic und Lind) in
1679 1318 3034 1395 alten Vater. Im „weiten Land“ ist kein einziger Mensch, der unser
375 1334 1679 1390 seinem Hause ein= und ausgehen, wird der unwiderstel liche Friedrch
281 1346 378 1407 gen,
1683 1358 3027 1429 Interesse zu erregen vermöchte, nicht einmal Otto, dessen Begabung
371 1369 1686 1427 von seiner Frau noch geliebt; er dagegen fühlt sich neuerdings von ihr
1676 1395 3024 1465 ihm eine große Laufbahn versprechen soll. Es ist eine zu erbärmliche
374 1424 1685 1488 abgestoßen, weil sie seinen Freund durch Verweiserung einer so un¬
239 1420 357 1490 ietten“
46 1412 168 1493 s„ M
1678 1452 3022 1519 Gesellschaft, ums einen ganzen Abend uns in Anspruch zu nehmen.
372 1456 1686 1515 bedeutenden Extratour in den Tod getrieben habe. Dennoch gelingt
273 1467 366 1528 und
49 1464 154 1538 em E
1685 1496 3025 1557 Sittenschilderung? die ist das unbestreitbare Recht des Dichters. Aber
379 1505 1689 1555 es Frau Genia beinahe, ihren Don Juan zu einem ehelichen „Zwischen¬
57 1501 373 1577 gegeben worden;
1685 1535 3015 1592 dann sei auch an das neulich vorgeführte Wort Goethes über den rück¬
373 1539 1688 1598 spiel“ zurückzugewinnen, als er aufmerksam gemacht wird, das die von
50 1552 373 1621 n Aufnahme des
1683 1583 3009 1642 sichtslosen Sittenschilderer Molière erinnert: der beherrschte die Sitten
378 1596 1689 1646 seinem Freunde Dr. Mauer (Herr Elfeld), dem einzigen anständigen
67 1588 369 1661 im Lobetheater
1691 1623 3020 1693 seiner Zeit und war nicht von ihnen befangen. Von Schnitzlers
367 1634 1689 1689 Menschen im ganzen Stücke, umworbene Demivierge Erna Wahl
54 1626 371 1706 i (1908. 4. Auf¬
1685 1662 3022 1718 Schilderung von Wiener Finanzkreisen, Lebemännern und von der Ge¬
375 1671 1690 1732 (Fräusein Lind) sich gar gut zum nächsten Liebesverhältnisse eigne.
41 1678 379 1751 pas anklingen, ist
1680 1709 3012 1771 sellschaft geduldeten Dirnen dagegen gelten Schillers strafende Zenien.
366 1723 1688 1782 Die sehr emanzipierte junge Dame bleibt zunächst zweifelhaft, ob sie die
50 1727 373 1784 orgeführt worden.
1684 1750 2202 1821 was könne „dieser Misère
366 1764 1681 1815 wohlbehütete Ehefrau Mauers werden oder Erregungen vom Leben
53 1761 373 1824 bekamen wir in
1780 1798 2962 1879 Großes begegnen, was kann Großes denn durch sie geschehen?
365 1801 1695 1871 fordern soll. Sie entscheidet sich für die Liebschaft mit Herrn
208 1811 377 1871 Freunde,
44 1817 217 1876 rade die
1779 1846 2833 1903 Unseren Jammer und Not suchen und finden wir hier!“
372 1854 1686 1903 Hofreiter während und nach einer gefährlichen Bergbesteigung,
44 1847 379 1921 tricens Schleier“
372 1884 1690 1951 die zugleich ihrem in der Hütte zurückbleibenden Bruder Gustav
1689 1872 3033 1954 Diese Art von Lebenswahrheit nannte Schiller „die erbärmliche Natur“.
232 1899 376 1965 eutsche
56 1907 163 1960 um d
375 1928 1686 1987 (Herr Jltz) erwünschte Gelegenheit gibt, die Frau Rohn (Fräulein
1699 1932 3032 2002 Schnitzler will unter dem „weiten Land“ die menschliche Seele ver¬
270 1938 382 1996 tszu¬
50 1948 148 2002 Herhei
376 1972 1687 2035 (Ferver) über die Abwesenheit ihres im Hotel an einem
1696 1968 3022 2041 standen wissen. Nun, „schöne Seelen“ hat er uns gerade nicht vor¬
255 1994 372 2042 Mit
373 2021 1688 2073 Trauerspiel dichtenden Gatten (Herrn Glasemann) gründlichst
1691 2036 3020 2084 geführt, ja diese Leute, die in Herrn Friedrich Hofreiters Villa verkehren
289 2034 377 2089 gen.
362 2064 1684 2130 zu trösten und den ahnungslosen Ehemann und Poeten über dieses
1686 2056 3030 2129 und in dem Hotel des Herrn von Aigner, dem nachgerühmt wird, daß
242 2072 356 2131 ich ge¬
373 2112 1687 2167 „Dominospiel“ in der Alpenhütte dann zu verhöhnen. Während das
1684 2107 3031 2158 er in jedem Dorfe Tirols ein uneheliches Kind habe, bei denen sind
96 2106 379 2179 neue dichterische
369 2142 1688 2204 im eleganten Berghote! Herrn von Aigners (Herr Bauer) am Völser Weiher,
1688 2144 3021 2217 ganz andere Eigenschaften und Triebe ungleich stärker entwickelt, als
216 2158 376 2220 eit zwei
375 2191 1690 2250 vorgeht, glaubt die auf ihrer Villa in Baden bei Wien zurückgebliebene Genia
1687 2194 3031 2256 was man gewöhnlich unter seelischen Regungen versteht. Die Liebe
45 2203 369 2259 Hauptmann und
370 2234 1692 2289 ihren Mann durch das eigenartige Mittel zurückzugewinnen, daß sie die
1690 2230 3016 2286 Schnitzlers zu seinem Wien, wie Feigl sie jüngst geschildert hat, ist ein
49 2244 376 2305 in letzter Zeit zu
371 2282 1693 2344 zärtlichen Liebeswerbungen des blutjungen Marinefähnrichs Otto (Herr
1690 2269 3016 2346 schöner Zug an dem so hochbegabten, in vielem vortrefflichen Dichter.
57 2287 369 2356 gen unwillkürlich
380 2321 1698 2376 Skoda) das Sohnes, des Hoteldirektors von seiner geschiedenen Frau,
1688 2318 3017 2373 Aber sein Roman und seine letzten Dramen rufen uns die Warnung
41 2333 243 2400 ters auf:
379 2360 1704 2426 einer berühmten Schauspielerin (Fräulein Salta), erhört, um ja nicht
1691 2370 3027 2428 eines anderen Dichters, der sein Wien mit ganzer Seele umfaßte, ins
376 2412 1705 2471 einen zweiten Selbstmord eines abgewiesenen Liebhabers zu?
1687 2411 3009 2477 Gedächtnis. Grillparzer warnte seine dichtenden Genossen vor dem ge¬
371 2445 1707 2509 verschulden. Allein merkwürdiger Weise faßt ihr Gatte in einem
1687 2456 1985 2531 liebten Wien:
234 2444 386 2527 wollen,
1995 2480 2730 2564 „Entnervend weht dein Sonnenhauch,
379 2496 1708 2547 Anfall übler Laune die Sache diesmal anders auf. Da der Bankier
51 2405 142 2560 an
233 2501 377 2563 aß nur
2013 2535 2505 2597 Du Kapua der Geister.“
383 2527 1702 2590 Natter (Herr Schmidt) durch die Mitteilung der Verführung seiner
234 2548 378 2607 fehlung
53 2548 198 2606 zur En
1759 2556 3026 2626 Man könnte in Schnitzlers Roman und letzten Dramen wie bei
375 2586 1697 2635 Frau nicht zum Duell zu bewegen ist, insultiert Friedrich in brutaler
36 2591 374 2653 natolszenen, seine
1693 2619 3026 2690 Hofmansthal, so verschiedenartig, ja entgegengesetzt die Richtungen der
378 2621 1704 2688 Weise den jungen Fähnrich und schießt ihn im Zweilampf über den
39 2631 377 2687 idige Stunden“;
1691 2663 2917 2725 beiden Wiener Dichter sind, diese üble Einwirkung herausspüren.
369 2664 1709 2729 Haufen. Besonderen Spaß macht es Herrn Friedrich Hofreiter, dabei
52 2662 383 2739 leider völlig un¬
1762 2695 3021 2768 An die Aufführung stellt Schnitzlers „Tragikomödie“ ziemlich hohe
370 2694 1714 2769 als Sekundanten Herrn Natter und Ooerleutnant Stanzides,
40 2713 375 2775 Her Begtrice“ für
1684 2733 3024 2806 Anforderungen. Aber wenn es unseren Darstellern auch nicht gelang
373 2758 1688 2810 den Gatten und den jetzigen militärischen Geliebten seine abgedankten
45 2764 372 2823 die lang zurück¬
1693 2786 3029 2852 und nicht gelingen konnte, die schwache Komposition des Dramas als
365 2800 1695 2852 Maitresse Adele, zur Seite zu haben. Diesen Husarenleutnant Stanzides
46 2801 385 2865 flage erlebte, in
1696 2830 3040 2889 Ganzen zu verdecken, so haben sie doch die einzelnen Szenen, in denen
43 2831 384 2901 r Schauspielhause
368 2840 1694 2911 hätte Herr Oberregisseur Bonno, dessen übrige recht umsang¬
1696 2863 3029 2937 Schnitzlers Stärke liegt, zu starker Wirkung gebracht. Die ersten zwei
373 2881 1691 2939 reiche Striche ich bei dieser Tragikomödie wohl angebracht
40 2873 378 2948 Werte gewürdigt
1688 2916 3021 2978 Akte waren matt und die Inszenierung des Hotels im dritten ließ sehr
371 2925 1689 2982 finde, nicht beseitigen sollen. Ist er doch gerade in feiner Unbe¬
46 2927 384 2995 ungen Schnitzlers
1688 2959 3021 3018 viel zu wünschen übrig. Auch hörte man im Publikum vielfach klagen,
369 2964 1691 3027 deutendheit bezeichnend für dieses Milieu. Man braucht in diesen vor¬
56 2972 379 3034 neueste „Tragi¬
1692 3011 3014 3063 daß durch das an sich berechtigte Streben nach Abtönung viele
369 3012 1691 3067 urteilsfreien Millionärkreisen Offizieren als Liebhaber und Sekundanten
42 3004 380 3081 Schnitziers sichere
1689 3043 3018 3106 Reden unverständlich blieben. Aber im Ganzen dürfen Herr Bonno
368 3051 1686 3111 und gelegentlich auch, um durch ein Duell, zu dem Leute von Herrn
40 3047 392 3117 nenkenntnis. Ge¬
1688 3092 3010 3147 und seine Künstlerschar sich ihrer trefflichen Leistungen freuen.“
38 3083 1690 3149 Wendungen, aber Natters Schlag nicht zu haben sind, der abgestumpften, Blasiertheit
1688 3137 3010 3192 Herr Strobl ist wohl nicht so elegant und verführerisch, wie
1004 3140 1698 3207 Geliebte möchten als Begleiterin
932 3143 1012 3198 ie
43 3128 950 3198 zu deutlich auf neuen Reiz zu verleihen.
43 3192 3017 3249 ramatisch. Nicht 1 des Rächers seiner Ehre die Heimat verlassen, dieser zieht Schnitzler seinen Liebeshelden denkt, aber seine Durchführung der
1689 3222 3044 3288 Rolle wuchs von Akt zu Akt zu größerer Bedeutung. Seine Liebes¬
1696 3277 3025 3347 szene mit Fräulein Lind, die zum erstenmal im Lobetheater auftrat
1689 3311 3018 3389 und durch ihr gutes Spiel bald die nicht günstige äußere Erscheinung
1683 3354 3023 3421 vergessen ließ, entschied den Erfolg des Altes. Schauspielerisch am
1685 3407 3021 3471 höchsten aber stand wohl die Szene, in der Frau Weinhold der Geliebten
1687 3451 3017 3524 ihres Sohnes verzeiht. Freilich bot Frau Santen nicht bloß hier,
1691 3494 3020 3552 sondern in jedem ihrer Auftritte künstlerisch Vollendetes. Es war
1684 3520 3017 3611 eine besonders im ausdrucksroll stummem Minenspiel, aber auch
1685 3572 1803 3642 in
1784 3572 3011 3641 jedem Worte und jeder Bewegung großartige schau¬
1682 3622 3019 3687 spielerische Leistung, die allein schon den Besuch der Vorstellung
1683 3659 3012 3709 lohnte. Aber auch die vielen kleineren Rollen wurden durchweg gut
1682 3706 3011 3767 gegeben, nicht die Vertreter ener einzigen störte das sorgsältig und
1690 3750 3012 3813 verständnisvoll vorbereitete Zusammensviel. Und so erzielte, wie starke
1689 3788 3019 3866 Bedenken man auch gegen das Stück selbst hegen muß, die Darstellung
1674 3829 3007 3895 doch eine sehr beifällige Aufnahme von Schnitzlers neuestem Werke
1676 3877 3013 3943 von seiten des vollbesetzten Hauses. Die vom Dichter dem Leben nach¬
1673 3907 3010 3996 gezeichneten Gestalten gewannen in der Darstellung Fleisch und Blut
1686 3966 3004 4015 und einzelne Szenen weckten ein Interesse, das man dem Stücke als
1683 3995 2263 4083 Ganzem leider versagen muß.
2796 4015 2893 4071 -0.
