3436 4352
265 123 1249 241 24. Das weite Land
1392 138 1837 241 box 29/2
373 444 799 535 Ausschnitt aus:
1220 501 1575 621 532, WaOD
581 522 942 616 18 Jen iSte
380 564 584 629 vom:
383 728 838 804 „ —.
539 763 1587 845 Axtur=Schnitters jüngstes Drama „Das weite
381 818 1589 896 Land“ soll wie die „Berliner Morgenpost“ berichtet, an der
393 881 1595 931 Pariser Comédie Française aufgeführt werden. Herr
400 925 1585 999 Le Bargy, der sich kürzere Zeit in Wien aufhielt, ver¬
383 967 1588 1053 handelt mit Schnitzler wegen der Uebersetzung und der
380 996 783 1095 Aufführungsrechte.
1417 1963 2286 2019 Denn hier gibt Schnitzler der von ihrem
513 1922 1329 2020 Kgl. städt. Theater. Flaus.
2301 1969 3332 2055 Held — (es ist für diese Auseinanderletzung bi
1323 2012 2290 2073 Manne betrogenen Frau, die sich einem Ge¬
2289 2012 3317 2088 geichgültig, daß er ein Fabrikant Hofreiter
525 1996 1285 2093 ##(/ Das weite Land.-4 ½
1329 2059 2286 2118 Fliebten an den Hals wirft, ebenso recht, wie
2297 2068 3263 2133 ist,) — hintergeht seine Frau. Sie ahnt oder
435 2060 2282 2182 Da ist wieder einmal der rihtige Schnitler dem betrügenden und also betrogenen Gatten,
2286 2123 3252 2194 weiß es. Aber sie ist noch das Weib aus
358 2099 1316 2201 Und doch nicht der richtige. Da ist er wieder
3244 2141 3287 2199 1
1327 2163 2294 2233 der den Geliebten dann über den Hausen
2293 2161 3245 2239 Schnitzlers „Weihnachtseinkäufen“ zu schwach,
359 2163 1318 2251 zu Hause. Und doch wieder weht es uns
1320 2211 2281 2277 schießt. Er stellt sich ebenso auf die Seite der
2293 2198 3287 2288 sich für das in der Ehe gebrochene Liebes=t
364 2231 1318 2301 manchmai wie fremd von der Bühne an. Man
1320 2255 2274 2330 Frau, die iren Mann verläßt, nachdem sie
2292 2274 3252 2346 glück durch einen Geliebten entschädigen zu
364 2268 1308 2361 fühlt die unmittelbare Nähe des scharf beobach¬
1328 2320 2279 2380 von diesem hintergangen worden war, wie auf
2296 2315 3248 2391 lasen. Erst allmählich reist in ihr der Ent¬
357 2334 1311 2401 tenden Erotikers, glaubt aber auch, fühlen zu
3239 2337 3296 2412 v
1317 2371 2280 2431 die Seite des Mannes, der seine Untreue mit
2287 2378 3249 2443 schluß beran, — nicht, Ersatz zu suchen, son¬
350 2382 1312 2467 müs en, daß hinter dem Beobachter der Dichter
1319 2419 2278 2477 den Gründen eines inneren und äußeren
2284 2428 3239 2490 dern, sich zu revanchieren. Der Entschluß wird
347 2441 2275 2532 ein wenig zurückgeblieben sei, weil er em Zwanges entschuldigt. Hier eine Markierung,
2272 2467 3246 2553 zur Tat, und es berührt förmlich ein wenig
344 2484 2268 2592 Kompositeur den Vortritt gewährte. Solche und da wieder eine, — aber den Weg sieht
2282 2533 3241 2596 fatalistisch, daß der Geliebte der betrogenen
358 2531 2273 2648 Galanterie mag eine theatralische Tugend seim man nicht, der auf die Höhe führen sollte.
2277 2587 3246 2656 Frau das Kind einer Ele ist, die in Brüche
347 2576 1311 2655 ist aber gewiß nur ein Verlust am rein Künst¬)
1297 2602 2197 2703 V„So vieles hat zugleich Raum in uns -
2288 2627 3232 2700 gegangen, als sie an einem Treubruche des
345 2631 1301 2707 lerischen. Wie sich Schnitzler sonst bei ähn¬
3230 2649 3303 2715 ku
1299 2669 2258 2757 Liebe und Trug ... Treue und Treulosig¬
2282 2672 3276 2757 Mannes zerschellte. Der betrogene Mann ent¬
354 2689 1304 2764 lichen Gelegenheiten als der starke Betoner
1308 2725 2267 2788 keit ... Anbetung für die eine (Frau) und
2279 2728 3236 2804 deckte die Revanche seiner Frau, erschießt ihren
348 2740 1303 2818 einer ausdrücklichen Moral erwies, — („Moral“
3227 2748 3310 2815 zie
1306 2791 2270 2844 Verlangen nach einer anderen oder mehreren.
2282 2790 3266 2864 Geliebten, verläßt die Geliebte und die
345 2797 1304 2875 natürlich nur in ganz übertragener Bedeu¬
1304 2816 2271 2893 Wir versuchen wohl, Ordnung in uns zu
2283 2832 3235 2904 Gatin, formt so aus dem alten Chaos ein neues,
348 2841 2273 2953 tung): so zeigt er sich hier von einer gewissen schaffen, so gut es gebt, aber diese Ordnung
2275 2896 3231 2947 in das plötzlich der so oft gehörte Schrei des
346 2896 1233 2977 Unentsch ossenheit der Tendenzführung, ja,
1304 2937 2273 3005 ist doch nur etwas Künstliches ..... Das
2272 2929 3306 3025 Kindes hineinklingt — man weiß nicht, ob bi
351 2950 1296 3018 um es offen heraus zu sagen — von der Seite
1303 2980 2265 3063 Natürliche ist das Chaos. Die Seele ist ein
2267 2988 3159 3062 wie die Verkündung eines neuen Lebens.
343 3007 1297 3062 einer leisen Zerjahrenheit seines sonst so rich¬
1299 3029 1693 3104 weites Land ...“
1720 3045 2262 3109 Sollte es Schnitzler um
2266 3047 3235 3120 Denn das C aotische der Menschenseele wurde
340 3057 1290 3125 tunggebenden Willens. Ich meine: man weiß
3223 3048 3283 3116 G
1305 3084 2260 3157 nichts anderes zu tun gewesen sein, als dieses
2266 3095 3220 3177 in dem Stücke viel zu oft und viel zu ein¬
328 3106 1288 3181 zum erstenmale nicht ganz so klar, wie sonst,
3199 3102 3295 3183 f
1302 3142 2269 3225 weite Land, dieses Chaos unseres Naturelles
2266 3144 3224 3221 dringlich betont, als daß man hoffen könnte,
329 3161 1296 3232 was Schnitzler, der doch so viel zu sagen hat,
3220 3162 3306 3230 wil
1295 3178 1576 3270 zu zeigen? —
2268 3199 3234 3276 es schließe mit dem Hinweise auf einen Zu¬
325 3203 1304 3275 mit dieser „Tragikomödie“ aus prechen wollte.
1376 3234 2257 3320 Wenn es ihm tatsächlich darum zu tun
2267 3244 3219 3313 kunftsmenschen, der Licht und harmonische
327 3256 1291 3330 Daß es sich im nicht darum allein handeln
1300 3284 2262 3361 war, dann muß man in dieses Stück wie in
2267 3299 3226 3389 Neugestaltungen in das Chaos zu bringen
335 3315 1292 3383 konnte, eine Begebenheit nach seinem Geure
2263 3350 2494 3426 vermöchte.
1301 3336 2250 3417 ein gewaltiges Stück der ganzen Trostlosigkeit
326 3347 1285 3431 dramatisch zu erzählen, das ahnt man. Man
1306 3390 2270 3452 des Lebens blicken. Es gibt hier keinen, aber
320 3418 1275 3473 will aber doch „die Moral aus der Geschicht““
2336 3389 3221 3472 Das Stück atmet erdrückenden Pessimis¬
1298 3445 3304 3535 auch nicht einen Menschen, der kein Chaos, mus. Der Geist der Rache wandelt drohend ke
324 3471 1290 3529 erkennen. Man will, daß sich der Dichter, wie
1296 3486 3308 3613 sondern eine harmonische Natur wäre. Der durch seine geistigen Wandelgänge. Der Treu= bi
342 3514 1292 3587 man es bisher an ihm gewohnt war, zu irgend
328 3551 1306 3641 einem bestimmten Grundsatze bekennt, statt,
329 3606 1322 3725 wie er dies augenscheinlich in diesem Stücke
316 3664 781 3756 tut, zu — mehreren.
