3436 4320
747 135 818 192 W
330 118 1289 240 24. Das ite Land
1442 158 1885 252 box 29/5
221 862 409 1071 M
459 1011 1133 1128 Dr. Max Goldschmidt
456 1087 1117 1203 Buro für Zeitungsausschnitte
275 1138 574 1225 BBRLIN N4
818 1174 1283 1265 Telefon: Norden 3051
595 1266 954 1349 Ausschnitt aus:
465 1311 1069 1438 Cottbuser Anzeiger
866 1437 1099 1569 1. 1926
2388 1565 2551 1659 M
2818 1593 2948 1675 S
521 1537 1389 1716 Stadttheater
1448 1620 3324 1752 den, geht ohne großes Aufsehen, als belangloses Er=Isie auf ienen innerlich und äußerlich gedämoften Ton
1441 1670 3311 1772 gebnis, gleichsam als Nebenprodukt des merkwürdigabgestimmt, der für Schnitzler so charakteristisch ist.
515 1672 1417 1776 2. Kammerspiel=Abend: „Das weite Land
1445 1714 2367 1775 aus Stärke und Schwäche gemischten Empfindens
2377 1732 3306 1830 Freilich ging dabei für die des Textes unkundigen
1453 1739 2366 1815 und Redens dieser Menschen hervor. Es ist schick¬
646 1742 1333 1813 Tragikomödie von Arthur Schnitzler.
2373 1773 3301 1837 Zuhörer, besonders im 1. Akt, vieles verloren.
1442 1782 2355 1847 salhaftes Geschehen, für das der Mensch nicht eigent¬
579 1779 1413 1859 Von dem nun 64jährigen Wiester Arst un
2379 1809 3295 1886 Der szenische Nahmen (Villenvorplatz in Baden und
1446 1819 2353 1887 lich verantwortlich ist, ebenso wie Vogelruf, Donau¬
504 1829 1430 1907 dramatischen Kulturschilderer hätte man in den Nach
2372 1850 3304 1926 Hotelvestibül am Völser Weiher mit den Ausblicken
1440 1844 2357 1931 wellen, Bergsteinschlag im sonnig=dämmerigen, wei¬
505 1858 1440 1949 kriegsjahren nicht mehr viel gehört, wenn nicht die
2374 1891 3299 1981 auf Donauufer bezw. Dolomiten) war durchaus wür¬
1434 1889 2361 1975 ten, und doch von tovographischen u. ethnographischen
505 1911 1436 1985 Aufführungen der schon 1900 erschienenen, aber zus
2361 1927 3294 2008 dig. — Bei der großen Zahl der Mitwirkenden kön¬
1434 1931 2358 2000 Grenzen durchkreuzten altösterreichischen Land. Ob¬
494 1946 1439 2019 nächst nicht für die Bühne gedachten Dialoge
2362 1958 3293 2045 nen wir nur wenige Leistungen hervorheben. Dir.
1433 1982 2353 2053 wohl das Stück mehr episch als dramatisch ist, kann
494 1990 1434 2060 „Reigen“ in Dresden und nachher auch in seiner
2361 2002 3299 2083 Willy Kißmer hatte in Hofreiter eine Rolle, die
1440 2006 2358 2091 man doch seinen Inhalt nicht erzählen, ohne in der
496 2030 1424 2102 Heimatstadt Anlaß zu einigen überflüssigen Theater¬
2356 2045 3307 2130 ihm seiner darstellerischen Art entsprechend, auf denk
1442 2049 2343 2126 Kürze einen Kinofall daraus zu machen, der gerade
491 2062 1431 2146 skandalen gegeben hätten. Sein Ruhm und seine
2366 2083 3299 2162 Leib geschrieben sein könnte: immer den Dämpfer
1431 2090 2344 2167 das Gegenteil von dem wäre, was es bei Schnitzler ist.
490 2103 1424 2169 dramatische Richtung war schon durch seine Schau¬
2362 2120 3291 2202 auf den Saiten der Brutalität und Leidenschaft, stets
484 2145 1423 2221 spielfolge „Anatol“ (1893) begründet. Fast alle
1503 2130 3298 2246 Hofreiter hat vermutlich (es wird absichtlich wach wie ein Spürhund in Argwohn und Begierde,
1422 2147 2347 2243 sloffen gelassen) mit einem seiner besten Freunde ein
493 2177 1425 2252 seine Stücke — eigentlich keine Dramen sondern geist¬
2353 2199 3280 2279 verhalten und nonchalant, groß auch in jeder
1423 2209 2362 2283 amerikanisches Duoll gehabt, demzufolge sich dieser
480 2232 1432 2307 reiche Feuilletons oder Novellen in Dialogform —
2351 2245 3289 2309 Schwäche. Eine sehr sein abgestimmte Leistung war
1421 2247 2341 2323 erschießen mußte. Grund: eine vermutete Liebelei
486 2263 1414 2331 geben Bilder jener spezisisch wienerischen Vorkriegs¬
2350 2272 3288 2365 die Valeria Verdens als Genia. Wie in ihr das
1419 2273 2350 2365 des Freundes mit Frau Hofreiter. Vom Begräbnis
483 2303 1417 2377 kultur, über deren Lebensfreude eine jewisse
2355 2318 3285 2386 Gefühl der Mütterlichkeit auch für den von so vielen
1422 2326 2339 2404 zurückkehrend, fängt er beim Tennis ein heftiges
477 2347 1416 2416 lächelnde Müdigkeit als Ahnung des Absterbens
2359 2354 3293 2424 Frauen verwöhnten Gatten sich wandelt in das der
1428 2362 2337 2443 Techtelmechtel mit einem jungen, vorurteilslosen
474 2386 1410 2451 dieser Kultur schwebt. Im Rahmen des Theater¬
2355 2393 3285 2477 Nache für die erlittenen Demütigungen, und wie
1426 2399 2345 2476 Mädel (Erna Wahl) an und erklettert dann mit ihr
474 2419 1414 2493 und Musikfestes, das die Stadt Wien im Oktober
2342 2434 3277 2509 trotzdem alles in ihr fraulich und mütterlich bleibt,
1418 2442 2332 2519 und seinem Freunde Dr. Mauer, der sich ernsthaft
471 2440 1412 2530 1924 gab, kam auch Schnitzler noch einmal zu Wort
2341 2476 3277 2554 das trat in Ausdruck des Wortes und des Mienen
472 2500 1415 2570 mit einem Werk, das geschrieben scheint, das von ihm
1422 2477 3284 2599 für Erna interessiert, einen gefährlichen Gipfel, denspiels groß hervor. Kitty Hellens hatte Ge
1409 2513 2344 2602 Aignerturm, wo Erna sich ihm an den Hals wirft.
475 2527 1413 2609 bisher erlebt=Gestaltete zusammenzufassen: „Komödie,
2344 2551 3280 2633 legenheit, mit ihrer Verkörperung der Erna Wahl
1417 2555 2342 2634 Bei einer früheren Besteigung dieses Berges ist ein
468 2558 1409 2654 der Verführung" Die heutige Wiener Gesellschaft
2338 2590 3280 2657 die Scharte ihres ersten Auftretens (als Vivie in
1411 2597 2340 2677 anderer Freund Hofreiters an dessen Seite — ab¬
463 2600 1413 2710 dramatisch zu gestalten, vermag er offenbar nicht, sie
2343 2632 3287 2714 „Frau Warrens Gewerbe“) auszuwetzen. Das ge¬
1408 2636 2328 2712 gestürzt.(H— Wieder in seiner Villa in Baden bei
467 2646 998 2712 ist ja nicht mehr die seine.
2336 2677 3292 2769 lang ihr durchaus. Sie traf sehr gut den Ton der¬
1403 2679 2347 2755 Wien, macht er nächtliche Fensterpromenaden zu¬
554 2691 2321 2788 Auch die Tragikomödie „Das weite Land“ (1911)gleich vor den Zimmern Ernas und seiner Frau
2340 2703 3272 2786 selbständigen, frühreifen Tochter, die den reifen
468 2721 2336 2829 behandelt jenes Thema, das einem seiner Schau= Genia. Dabei wird er Zeuge einer Liebesstunde sei¬
2341 2745 3267 2817 Mann genießen, aber auch dauernd fesseln will, ohnes
468 2769 1395 2850 spiele den Titel abgegeben hat: „Liebelei“. Hier
2335 2786 3278 2867 es doch zu vermögen. Just Scheu gab dem Dr.
1411 2795 2319 2868 ner Frau mit dem Fähnrich Otto Aigner, einem
478 2803 1394 2889 führt er in dem Glühstrumpffabrikanten Friedrich
2334 2823 3280 2920 Mauefalle Milde und Resignation des anständigen
1402 2829 2326 2913 Sohn der von Dr. Aigner geschiedenen Schau¬
469 2851 1393 2924 Hofreiter einen komplizierten Ehebrecher vor, der in
2338 2861 3279 2948 Mannés, der sich selbst treu bleibt auch in dieser vur¬
1405 2861 2334 2953 spielerin Anna Meinhold=Aigner. Frau Genia, die
464 2883 1398 2959 seinen beiden Hauptberufen: Fabrikation zur Macht¬
2324 2902 3270 2984 derblichen Atmosphäre. Einen schwereren Stand hatte
1399 2911 2328 2982 ihm vor seiner Abreise ins Gebirge noch den Be¬
458 2918 1319 2995 gewinnung und Liebe zur Machtbestärkung —
1356 2957 1399 3001 in
2322 2948 3265 3023 Kurt Strehlen als Fähnrich Aigner, eine
1398 2953 2315 3036 weis geliefert hatte, daß sie sich mit dem aus dem
453 2965 2318 3067 vollendeter Tatmensch ist. Das „weite Land“ ist Leben geschiedenen Freund nicht näher eingelassen,
2332 2980 3261 3053 Figur, die etwas farblos vom Dichter gezeichnet ist.
454 2995 1393 3084 die Seele des Menschen, in der so vielerlei neben¬
2325 3015 3271 3092 Von ihm wird viel stummes Spiel verlangt, das bei
1398 3028 2325 3101 hält sich nun an dem jüngeren Aigner schadlos. Hof¬
452 3052 1386 3128 einander Platz hat, ohne sich im Raume zu stoßen,
2324 3058 3263 3138 der Vielheit der Personen auf der Bühne dem Zu¬
1398 3069 2313 3146 reiter erschießt diesen in einem Pistolenduell, drückt
449 3081 1385 3162 und in der es doch hin und wieder in Weltkata¬
2320 3094 3257 3168 schauer leicht verloren geht. Auch er bot eine aner¬
1398 3103 2320 3186 der ahnungslos Frau Genia besuchenden Mutter
454 3121 1385 3199 strophen im Wasserglase oder im Kinderluftbillon
2327 3139 3252 3220 kennenswerte Leistung. Das gleiche gilt von Alfred
1396 3144 2314 3228 des Getöteten die Hand und stellt sich dem Gericht,
447 3146 1379 3245 kommt. Alle diese Menschen, die Schnitzler „erschuf“,
2324 3176 3255 3259 Sopp (Dr. v. Aigner), Friedr. Lenar (Bankier
1393 3186 2310 3264 das ihn ja nicht schwer bestrafen wird. — Man
461 3200 1394 3285 indem er sie, wie er sie vorfand, in das feinmaschige
2327 3216 3249 3302 Natter), Conrad Rohde (Schriftsteller Rhon),
1398 3221 2305 3305 sieht, die Aufzählung dieser Geschehnisse gibt nichts
455 3229 1377 3319 Netz seines Dialoges verstrickte, sind im Grunde
2315 3255 3253 3329 Fred Piegsa (Hotelvortier), Helene Matzinger
1390 3261 2301 3345 von dem eigentlichen Gehalt des Stückes wieder, der
445 3280 1385 3354 liebenswerte, ein wenig verzogene Kinder, über
2321 3297 3252 3359 (Frau Wahl), Marianne Holm (Frau Meinhold¬
1386 3304 2308 3386 eben mehr in der Komplikation der Gefühle liegt,
450 3319 1381 3403 deren stets wacher Leidenschaft ein Schleier von
2311 3334 3269 3416 Aigner) und den Vertretern der zahlreichen kleinen#
1394 3343 2298 3431 wie sie durch den feinen Dialog umschrieben werden.
455 3365 1396 3449 wohltemperierter menuetthafter Grazie liegt. Alles
2308 3372 2469 3432 Rollen.
3058 3402 3206 3461 A. Z.
1457 3395 2345 3492 Die Aufführung am Sonnabend war im ganzen
448 3406 2314 3525 Handeln, und sel es wie bier eine Serie von Mor= vortrefflich. Konrad Robdes Spielleitung hatte
2848 4101 3014 4180 —.—
