3392 4352
1002 179 2141 223 Der edle Gatte ist keineswegs entruftet. Wali
1000 213 2183 278 Wäre er nicht gerade darüber geärgert, daß man über ihn
1002 266 2186 319 einen lästigen Klatsch in Umlauf gesetzt hat, ohne daß
998 305 2188 368 er dem Verleumder beikommen kann — er würde die Sache
997 345 2190 398 seelenruhig hinnehmen. In seiner üblen Laune aber
996 388 2187 450 schleudert er dem Fähnrich ein Schimpfwort ins Gesicht,
1000 434 2187 503 und zwingt ihn so vor die Pistole. Er will den Jüngling
1004 493 2197 541 nicht erschießen, keineswegs! Aber da sie sich gegenüber¬
1005 529 2187 581 stehen, reizt ihn der freche, kalte Blick des Burschen und
1005 564 2195 623 er knallt ihn nieder. Nun kommt doch so etwas wie ein
1006 615 2194 692 scelischer Katzenjammer über den Zyniker. Doch der fal¬
1001 672 1916 716 lende Vorhang beendet hier rasch das Stück.
1090 699 2197 749 Warum diese fade, widerwärtige Klatsch= und Skan¬
997 750 2193 796 dalgeschichte „Das weite Land“ heißt? Wie kann man den
1004 794 2194 850 „feinen Duft“ dieser Dichtung mit einer so rohen Frage
1005 848 2184 893 zerstören? Unsere Seele ist ein weites Land und unser
996 883 2204 930 Herrgott hat einen großen Tiergarten. Schnitzler liebt
1002 934 2185 988 seit je symbolische Titel. Wenn schon nichts anderes, so
1001 972 2195 1016 regen wenigstens sie zum Nachdenken an, meint er.
1005 1016 2189 1061 Ueber das „Weite Land“ nachzudenken, hob man sich für
1004 1061 2211 1106 den Sonntag auf und gewann nach der Vorstellung
1014 1108 1696 1168 schleunigst den „Weg ins Freie“
1105 1151 2196 1204 Schnitzlers Leute können wienerisch reden, so sehr sie
1008 1200 2186 1248 wollen. Wie wenig sie berufen sind, Träger wahren Wiener¬
1011 1244 2195 1299 tumes zu sein, wird jeder Wiener, dem arisches Blut in
1011 1285 2207 1341 den Adern fließt, empfinden. Schnitzler kann seinen
1003 1330 2201 1376 Anatol jahraus jahrein in Wien spazieren gehen und ihn
1006 1384 2207 1432 alle möglichen wienerischen Abenteuer erleben lassen,
1003 1414 2202 1466 einen Wiener macht er doch aus ihm nicht. Im „Jungen
1001 1471 2195 1518 Medardus“ hat Schnitzler die Wiener des beginnenden
1004 1509 2196 1563 vorigen Jahrhunderts als eine feige, wankelmütige, treu¬
1014 1549 2206 1600 lose Bande gezeichnet. Im „Weiten Land“ dichtet er den
1014 1601 2194 1658 Wienern von heute völligen Mangel des geringsten sitt¬
1016 1642 2196 1691 lichen Empfindens an. Die Zeichnung ist hier und dort
1011 1680 2192 1745 falsch. Die Fälschung wird hier bei uns unschwer erkannt.
1096 1729 2196 1776 Draußen aber, in all den Städten, in denen „Das
1012 1773 2203 1829 weite Land“ gespielt wird, werden die paar, einer ge¬
1010 1823 2200 1876 wissen, scharf umrissenen Gesellschaftsschichte angehörigen
1007 1861 2202 1906 Typen dort nicht kurzerhand verallgemeinert werden?
1010 1907 2198 1960 Werden sie dort nicht die Formel ergeben, nach der man
1010 1960 2203 2008 sich das moderne Wien vorzustellen hat? Aus München
1004 1994 2200 2044 kommt die Meldung, das Publikum habe sich bei der dor¬
1008 2033 2195 2094 tigen Erstaufführung seltsam reserviert verhalten. Leicht
1010 2080 2202 2148 erklärlich. Die arischen Bayern, uns verwandt nach
1017 2137 2201 2184 Stamm und Art, glauben dem Dichter seine Wiener ein¬
1014 2171 2208 2225 fach nicht. Ihr richtiges Empfinden erkennt die Fälschung.
1006 2224 2193 2268 Die Wiener, die ihnen hier vorgeführt werden, sind
1013 2265 2203 2317 ihnen — glückliches München! — fremd. Ohne Zweifel
1012 2311 2207 2361 hat Schnitzler Wienertum in sich. Allein es wurzelt nicht zu
1007 2350 2203 2397 tiefst in seinem Empfinden, es ist kunstfertig assimiliert.
1006 2393 2203 2449 Er sei gewissermaßen einer, der schon lange bei uns wohnt,
1010 2436 2199 2494 uns also gut kennt, aber doch nicht immer hier gewesen
1017 2490 2203 2535 ist. Sein jüdisches Blut mahnt ihn laut genug an seine
1025 2538 2203 2582 Stammfremdheit: es bringt ihm genug Unrast, es erfüllt
1021 2563 2208 2618 ihn mit Unstetheit, es treibt ihn aus Zweifeln in neue
1034 2613 2194 2674 Zweifel, es verweigert ihm alle Lebensbejahungen und
1030 2665 2208 2717 zwingt ihn, jede schön beginnende Stunde grüblerisch in
1017 2703 1731 2755 häßliche Sekunden zu zerpflücken.
1110 2738 2207 2795 Im „Weiten Lande“ erscheint er in seinem beliebtesten
1021 2783 2212 2853 Fahrwasser: er verhöhnt alles gesunde Bestehen, er er¬
1013 2847 2206 2888 öffnet einen wahren Feldzug gegen die echten, guten Ge¬
1011 2871 2204 2937 fühle aller seiner Menschen, er führt in eine Leere von
1014 2924 2207 2980 erschreckender Nüchternheit, er reißt alle Blumen aus dem
1018 2963 1780 3013 weiten Lande unseres Seelenlebens.
1119 3008 2202 3069 Die ersten drei Akte des Stückes hören sich an wie
1015 3053 2212 3120 eine Novelle. Sie sind weitschweifig, sie langweilen, sie
1016 3092 2205 3162 sind voll kluger, witziger und ganz selten auch hübscher Ge¬
1023 3128 2207 3198 spräche. Die Handlung fließt träge dahin. Ein trüber
1016 3191 2209 3247 Bach rinnt durch ein weites, sumpfiges Land. Erst die
1014 3232 1874 3296 beiden letzten Akte bringen Spannungen.
1104 3258 2202 3333 Der trostlose Weg der Haupthandlung ist freilich mit
1026 3319 2198 3374 ein paar lebhafteren Episoden aufgeputzt. Ein witziger
1023 3361 2203 3424 Hotelportier muß herhalten, von Tiroler Bergen ist viel
1011 3412 2204 3461 die Rede und der Semmering kann uns nicht erspart
1019 3449 2204 3514 bleiben. Alle Orte, an denen „sie“ sich wohl fühlen, kommen
1017 3500 1326 3558 an die Reihe.
1102 3517 2200 3601 Die Darsteller haben sich in Ehren aus der Affäre
1016 3580 2209 3638 gezogen. Mehr von ihnen zu fordern wäre unbillig: Herr
1019 3629 2201 3685 Korff, dem nach langer Zeit wieder einmal eine größere
1023 3674 2207 3726 Rolle anvertraut war, fand für Hofreiter einen angemessen
1016 3717 2203 3773 blasierten Ton und hütete sich klug vor Vertiefung. Fräu¬
1020 3755 2207 3811 lein Marberg blieb als Frau Hofreiter weniger an der
1023 3812 2205 3859 Oberfläche und bezahlte dies mit geringerer Anschaulich¬
1028 3861 2209 3904 keit. Herr Devrient und Herr Gerasch brachten
1028 3888 2200 3946 gute Figuren und Herrn Paulsen merkte man das
1030 3937 2203 3996 Vergnügen an, die einzige schöne Gestalt dieses Stückes
1032 3973 2201 4033 (Dr. Maurer) spielen zu dürfen. Fräulein Hofteufel
1029 4032 2199 4095 hätte gut getan, um ein paar Nüancen herzlicher zu sein.
1113 4062 2203 4121 Das Burgtheater hat wieder einmal seine guten
991 4107 2210 4172 Kräfte an eine unwürdige Aufgabe verschwendet. Herr
