3344 4192
699 85 770 152 W
296 72 1244 205 24. bas eite Land
1479 100 1832 206 OX 29/6
639 978 1637 1108 FEUILLETON Du JOFRNAE DES DEBATS
1639 1012 2672 1108 dire de densité, et passent d’un courant à T’au¬
2672 1036 3318 1128 terait difficilement. Nous
1646 1062 2672 1164 tre. Dans ces monvemenls, ils se heurtent, et
901 1073 1390 1162 du 8 Janvier 1912
2669 1098 3355 1193 Theure une mère qui,faisant vil
1653 1121 2664 1220 ces chocs les transforment encore. La piéce
2670 1157 3357 1243 qutelle croit la maitresse de s
1642 1158 2509 1257 est souple et mouvante comme le vrai.
2675 1209 3344 1289 que tout au long les sentiment
1671 1222 2664 1308 Au point de depart, II n’ya pas de caraclère
2676 1254 3356 1342 elle, et comment, ne pouvant g
1063 1262 1195 1341 LA
1623 1239 2661 1351 plus léger que Frédéric Hofreiter. Ce riche in¬
2671 1299 3348 1394 hair, elle a choisi de l’aimer,
1635 1316 2661 1407 dustriel, quoique ses cheveux blonds soient déja
2673 1357 3357 1432 son enfant. Ce sont de ces cho
1635 1351 2658 1454 mélés de gris, aime toutes les femmes etilen
2665 1403 3345 1487 dent ordinairement à demi-mo
604 1321 1631 1491 SEMAINE DRAMATIOUE
1646 1413 2649 1503 est aimé. On nousle décrit, au début de la piéce,
2664 1452 3349 1543 côté du Rhin et des Alpes, les n
1642 1456 2665 1559 comme un homme mince, élégant, pas très
2651 1486 3167 1571 pas devoir oxpliquer.
1629 1505 2665 1612 grand, de jolie figure. Non point un bellätre; il
2697 1549 3347 1631 Hofreiter oxplique donc à Ade
1634 1555 2654 1646 ales yeux pelits et un pen rapproches; il porte
2652 1579 3357 1677 transports qu'il ressent pour u
1629 1597 2649 1696 un lorgnon sans ruban, qu'il ôte fréquemment;
2660 1639 3357 1726 lui répond avec calme: 4 Je n
592 1621 1614 1747 Le Théatre en Allemagne: Da###ese Land, tragi¬
1624 1644 2645 1726 il est un pen penché en avant. Sa façon de par¬
2659 1697 3354 1780 vraiment pas. II ya pourtant
652 1707 1566 1793 comédie en eing actes, par Arthur Schnitzler.
1624 1703 2646 1780 Ier est aimable, molle, un peu féminine; mais
2657 1743 3357 1829 monde que les femmes.  — 0
1633 1748 2646 1834 elle se transforme tout à coup en un accent
634 1782 1609 1870 Latreve des théatres nous fait quelque loisir.
2655 1790 3357 1886 Fules pauses entre un amou
1634 1801 2639 1895 coupant et ironique. Les mouvements sont sou¬
570 1842 1616 1912 Jetons un regard au delà des frontières. Entro
2650 1840 3344 1915 Elles ne sont pas sans intérét.
1622 1839 2357 1913 ples, mais ils décelent l’énergie.
593 1882 1616 1966 les pièces jouées en Allemagne, celle de M.
2644 1886 3325 1969 temps, et qu’on est d’humeur &
1660 1898 2646 1984 II était l’amant d’Adele Natter, la femme du
589 1936 1606 2017 Schnitzler, ie Paps loinfafn, lancée le méme soir
2652 1936 3337 2020 truit des fabriques, on conquier
1619 1934 2643 2032 banquier. II vient de rompre avec elle. II est
587 1982 1615 2063 dans vingt-deux villes, a réussi arec un bonheur
2641 1991 3356 2071 écrit des symphonies, on devien
1622 1995 2638 2081 prèt à quelque autre aventure. C’est la l’essen¬
2637 2026 3342 2111 Mais, crois-moi, tout cela est!
591 2024 1609 2117 éclatant. Par le dialogue et par les faits, elle
1628 2040 2639 2129 liel de sa vie. II n’en est pas moins un homme
2645 2082 3356 2166 principal c’est vous, vous, vous.
587 2086 1611 2163 ressemble à nos comédies dramatiques. Par le
1622 2085 2638 2181 fort remarquable, un travailleur qui gagne une
586 2146 1609 2221 sens profond, elle en diffère. De là son intérôt
2677 2127 3354 2220 Cette frénésie chez cet hom
1622 2138 2630 2234 fortune en perfectionnant l’éclairage électri¬
2633 2166 3345 2261 nous avertit encore que nous 80
578 2177 1602 2268 pour nous. Lo talent incisif ct net de l'auteur,
1612 2189 2628 2272 que. Mais Ccoutez-le, au début d’uno liaison:
2628 2225 3355 2319 autre pays. Un séducteur allen
579 2224 1602 2309 un pathétique sans déclamation, une force nue,
1613 2238 2632 2338 & Ce serait beau, dit-il en révant. — Qu'est-co
577 2270 1571 2346 la rendraient tout à fait digne d’étre adaptée.
2633 2264 3337 2359 jours grave par quelque côté.
1619 2283 2625 2379 qui serait beauf lui dit la maitresse abandon¬
2639 2319 3356 2403 répond à Hofreiter: 4 Ft dire
611 2322 1599 2413 Elle est plus complexo qu'iln'est d’usage chez
1603 2333 2624 2423 née. — D’étre jenne encore une fois! — Tul’as
2624 2358 3316 2450 vous prennent pour un homme
578 2349 1598 2445 nous: on n’y distingue pas moins de cing his¬
1611 2374 2629 2458 été assez longtemps. — Ouf, mais je l’étais
2628 2418 3312 2506 freifer réplique: 4 Co que je vie
569 2413 1604 2519 toires d’amour. Commencée par un suicide, elle
1616 2427 2629 2517 trop tôt. Maintenant seulement je saurais étre
2633 2467 3329 2551 est-il donc si plaisant!: La fem
573 2453 1595 2557 s’achère par un Juel meurtrier. Mais cette va¬
1599 2472 2628 2566 jenne. Le monde est sottement fait. C’est à
2626 2516 3331 2598 ter, Genia, ne pense, pas autrei
559 2523 1597 2596 riété est nécessaire au dessein de l’auteur. II a
1602 2537 2617 2608 quarante ans qu’on devrait devenir jeune.Dois-je
2625 2561 3312 2651 ami, le docteur Mauer, qui
1598 2580 2619 2666 te le dire, Adéle? C’est comme si tout mon passé
569 2570 2616 2712 déchalné toutes les forces de T'amour et de n’était qu'une préparation; et la vie et l’amour
2620 2616 3340 2704 ne laisse pas échapper und occ
560 2610 1600 2704 la vie. II a montré comment dos caractères di#
2616 2664 3334 2742 quer de tact, vient de lui dire
1608 2668 2197 2751 commencent seulement..
562 2655 1596 2756 vers réagissaient à ces forces. Les uns, plus
2618 2720 3332 2796 sentiment de la justice support
568 2719 1593 2792 Jégers, sont entrainés à la surface de la vie; les
1632 2725 2617 2815 On sera peut-étre surpris d’entendre un
2626 2758 3318 2844 ne trompät point son mari, et
564 2780 1590 2855 autres, plus graves, sont entralnés et engloutis
1589 2755 2617 2861 homme bien élevé parler en ces termes à la
2611 2807 3336 2890 menät sa vie sans l’expier. G
555 2819 1589 2897 par les tourbillons de l’amour. Enün, ces ca¬
1601 2816 2608 2913 maltresse qu'il quitte. Cependant cette mal¬
2620 2861 3339 2946 4 Etqui vous dit, mon cher docte
551 2867 1576 2957 ractères ne sontpas fixes; ils varient pour ainsi
1594 2862 2603 2956 tresse n’en est pas surprise. II faut en prendre
2610 2902 3335 3000 ric ne paye pas? Faut-il donc que
1588 2912 3326 3034 notre parti. Tous les personnages ont le cceur I méme monnaie? il paye deja,
617 2966 1076 3062 Reproduction interdite.
1580 2968 3325 3097 sur la main. Leur candeur et leur simplicité [n’est pas si heureux quo vons le
1556 3005 3326 3137 Tont un air que le public français suppor-]pas si heurenx que lui-méme lo
660 3270 1195 3394 OOsOn
1537 3244 2460 3406 T#a 7012
