3344 4128
737 114 867 188 We
328 118 1291 248 24. Das s.ite Land
1431 127 1882 224 box 29/6
456 358 893 461 Ausschnitt aue:
449 465 966 561 vom: 26.0K11911
873 442 1434 594 1110 Muckete, Wien
560 642 649 727 0
694 610 1294 774 Der Hesthet.
518 742 1539 844 Zwei Kronen habe ich noch, soll ich mir jetzt „Das
395 772 1543 896 weite Land“ anschauen oder meine Stiefeln doppeln
398 812 621 887 lässen ?6
1728 1348 2462 1470 S
1756 1438 2964 1536 Lebenskampf zu stählen. Es zeugte von der Stärke seiner Emp¬
953 1410 1402 1561 Cheater
2955 1477 3360 1552 körperte Albdruck
1759 1467 2964 1578 findung und von der Lebendigkeit seiner Anschauung, daß uns
2954 1527 3326 1588 Atem nicht aus.
1755 1526 2971 1633 die ewige Wiederholung der einen einzigen Situation nicht im
2961 1569 3361 1642 die das Theaterglüc
950 1536 1412 1662 Daul Apel
1740 1585 2974 1646 geringsten langweilte. Durch den berlinischen Dialekt, eine reso¬
2953 1610 3360 1682 besticht am meisten
1739 1610 2959 1710 lute Milieuschilderung und einen robusten Witz wurde sie immer
600 1618 1757 1733 Das ist ein wohlschmeckender Autor. Auch über ihn muß
2964 1658 3360 1729 Sonnenstößers Gest
1754 1666 2962 1763 wieder höchst lebhaft und ergötzlich aufgemuntert. Der Knabe
545 1665 1748 1776 man die Hand halten, wie man sie neulich über Korfiz Holm
2961 1701 3351 1768 kompliziert, dieser d
1745 1713 2953 1805 Peter bekräftigte uns an einer Stelle sein Philosophentum,
537 1700 1749 1818 halten mußte. Denn hier kommt ein erfreulicher Schlag auf:
2956 1749 3348 1818 ist, das reißt Apel
1755 1751 2954 1854 indem er Kant zitierte. Kant hat ein ander Mal den Schlaf,
540 1764 1755 1864 Humoristen eines nicht großen, aber ebensowenig zu kleinen
2951 1788 3330 1868 sammen. Wenn
1745 1795 2961 1893 die Hoffnung und das Lachen die Wohltaten des Lebens genannt.
541 1813 1743 1911 Formats, die ohne ranziges Seelenschmalz und ohne das Ge¬
2942 1836 3350 1909 Spießerin nicht a
1752 1840 2955 1936 Der Antor der Komödie „Liebe' machte uns oft und herzlich
530 1864 1746 1952 grinse eines feuilletonistischen Esprits auf einfache und rein¬
2942 1880 3360 1948 konnte, in der spukh
1739 1883 2951 1991 lachen und durfte darum schon damals ein kleiner Wohltäter
529 1904 1752 1998 liche Weise zu unterhalten suchen und zu unterhalten verstehen.
2948 1924 3352 1991 der Stehlampe sitzt,
1740 1929 2410 2003 der Menschheit genannt werden.
526 1957 1760 2044 Die Blumenthal und Kadelburg haben vorläufig keine rechten
2955 1970 3358 2038 Schulter, ein bische
523 2007 1739 2090 Erben Wäre es da nicht nett, wenn die nächste Generation
2935 2010 3360 2082 seelenruhig seine E
1795 1985 2943 2099 Hans Sonnenstößers Höllenfahrt', das heitere Traumspiel',
528 2046 1731 2130 der deutschen Bourgeoisie ihre Abende bei wertvollern Spaß¬
2935 2060 3359 2124 niederschreibend: so
1740 2053 2956 2151 wird Apel sein Aurecht auf diesen Titel nicht schmälern. Ein
525 2078 1745 2184 machern zubringen könnte als die Eltern der letzten Jahrzehnte
2939 2101 3361 2173 Zeit Thomas Theod
1736 2094 2944 2196 wirklich lobenswert lustiges Volksstück, dessen erzieherische Ten¬
520 2133 1729 2219 und ihr Kinder? Würde davon mit der Zeit nicht irgend etwas
2927 2146 3360 2213 wäre von Paul Apel
1736 2139 2948 2230 denz aus Grillparzers „Traum ein Leben' vertraut ist. Der
521 2172 1736 2270 auch in die Tage, in den Ton, in die Lebensführung dieser
2944 2191 3363 2261 verlangen, der seine
1729 2181 2938 2280 Dichter Apel schickt einem andern, jungen und unbemittelten
518 2213 1734 2307 Bourgeoisie übergehen? In Schnitzlers wundervollem „Weiten
2944 2223 3337 2308 im Wert erheblich
1731 2223 2944 2328 Dichter, dessen Seelenheil ihm, in selten anzutreffender Kollegia¬
513 2252 1740 2355 Land fällt einer Frau auf, wie sehr sich seit ihrer Jugend die
2941 2281 3340 2346 wir alle Ursache, ih
1734 2265 2947 2375 lität, am Herzen liegt, einen schweren Traum, zeigt ihm darin,
521 2307 1733 2398 Welt verändert hat, wie viel leichtfertiger der Nachwuchs in
2975 2322 3362 2394 Das Neue Schau
1730 2315 2935 2413 wie grauenvoll die geplante Ehe mit einer reichen Spießbürger¬
519 2339 1728 2444 seiner Lebensauffassung geworden ist. Das gilt für Oesterreich.
2920 2340 3363 2433 nigfach verdient gema
1725 2359 2937 2453 pute ausfallen würde und reinigt dadurch Herrn Hans Sonnen¬
515 2395 1728 2486 Für Deutschland haben wir aus und nach dem Metternich=Pro¬
2930 2411 3343 2481 humoristen Friedrich
1732 2401 2937 2499 stößer so gründlich von seinem schlechten und gefährlichen Ge¬
512 2439 1731 2531 zeß einen ähnlichen Eindruck gewonnen. Es ist keine Ueber¬
2930 2454 3363 2529 Ehe von Künstlertun
1724 2444 2936 2553 lüst, daß dieser sich mit dem ersten Blick aus wachen Augen
517 2468 1722 2574 schätzung, für diese Entwicklung die Wirksamkeit unserer Lite¬
2929 2494 3354 2574 von Wagner und Vict
1722 2495 2934 2591 einer armen, aber sauber gekleideten Else zuwendet. Zwei Szenen,
503 2521 1719 2617 ratur= und Bühnen=Amüseure von Lindau bis zu Julius Freund
2924 2527 3351 2617 Der Regisseur hatte
1718 2533 2934 2630 die Anlaß und Folge des Traumes schildern, umrahmen die
508 2565 1717 2660 mitverantwortlich zu machen. Wer eine Sittengeschichte der
2923 2585 3356 2657 Traumszene so voll
1720 2580 2925 2677 drei Szenen des Traumes selbst. Apel ist ein ordentlicher
500 2606 1716 2709 jüngsten Vergangenheit mit den Gründerjahren aufinge, müßte
2925 2632 3354 2704 warum er in der er
1718 2622 2923 2722 Mensch: er läßt seinen Hans nicht nur ausschließlich von Dingen
504 2661 1712 2763 diesen Zusammenhängen mit besonderer Aufmerksamkeit nach¬
2920 2676 3352 2743 gänge nicht wenigste
1715 2672 2927 2766 träumen, die irgendwie in der ersten Szene vorkommen, sondern
494 2688 679 2770 gehen.
2912 2713 3352 2790 Pfahlbürger exzelliert
1704 2717 2919 2810 er läßt auch keinen Vorfall, keine Person, keine Wendung dieser
561 2732 1720 2853 In einem solchen Kapitel würde also Paul Apel schon wieder
2921 2766 3357 2838 und namentlich Frau
1709 2754 2928 2854 ersten Szene für den Traum ungenutzt. Weil Sonnenstößer
498 2766 1707 2884 als Lichtblick und Hoffnungsstrahl bezeichnet werden müssen.
2907 2806 3362 2882 hier aber gerade durc
1708 2798 2917 2894 sich mit dem holden Leichtsinn und dem ganzen Mut seiner
495 2836 1711 2935 Ich sehe seinen Erstling noch vor mir, der vor vierthalb Jahren
2905 2851 3319 2924 wie sie in keinem
1706 2842 2915 2942 Jugend danach sehnt, endlich einmal den „Ring des Nibelungen
2909 2896 3291 2966 Traumbuch steht.
493 2876 1709 2970 im Hebbeltheater uns allen Freude bereitete. Der Schauspieler
1706 2894 2915 2989 zu hören, klingelt es in seiner ehelichen Traumwohnung nach
494 2916 1701 3016 Richard Leopold war da ein lächerlich rührender Kandidat der
2905 2937 3356 3015 schritt Herr Ziegel um
1708 2924 2916 3032 Wagnerschen Motiven. Das ist nur ein Beispiel. Dieses System
496 2961 1709 3069 Philosophie, der mitsamt einem noch jüngern Kollegen von der
2899 2966 3358 3057 regisseurs durch das
1708 2953 2916 3080 wird streng durchgeführt. So restlos arbeitet wohl kein Traum die
486 3000 1709 3101 musikalischen Fakultät drei Akte lang ein „reines Weib“ an¬
2904 3027 3362 3103 der Hauch von Getrag
1700 3015 2905 3123 Wirklichkeit auf. Aber Apel het eben Bühnenkenntnis genug, um
478 3053 1701 3150 betete und durch keine Enttäuschung von der Liederlichkeit der
2900 3066 3354 3143 der Figur gab oder a
1700 3068 2913 3165 zu allererst Klarheit und Ueversichtlichkeit anzustreben. Auch
479 3099 1705 3190 Dame zu überzeugen war. Diesem Kontrastzustand der Ver¬
2902 3117 3363 3189 hätte ein schönheitsdur
1701 3104 2908 3209 wo er die Unlogik des Traumes gibt, ist er von musterhafter
481 3144 1703 3244 blendung hatte Apel alle Komik abgewonnen. Sie wurde zum
2893 3159 3361 3230 schon vor dem Traum
1699 3149 2908 3251 Logik. Er verliert in allem blitzschnellen Hin und Her niemals
484 3168 1693 3283 Humor durch die Innigkeit und Unberührtheit der zwei großen
2900 3204 3361 3280 müssen. Herr Salfne
1688 3190 2903 3297 den Faden, trotzdem gerade das ja zur Glaubhaftigkeit des
2894 3248 3356 3318 mit Büxl, und seinem
1685 3237 3348 3364 Traumes beitragen würde. Die Hauptsache für uns ist, daß er hatte — hier wieder ei
471 3228 3357 3406 Kinder und durch die Zärtlichkeit, mit der ihr Schöpfer sie durch seine sorgfältige Disposition nicht gehindert wird, von bursch, als der er uns
474 3265 1703 3386 umhegte. Er wußte, daß Peters und Hänschens Schlemihltum
478 3312 1694 3419 sich mit der mitleidslosen Realität des Daseins und der Gemein¬
1683 3322 3358 3451 dem dankbaren Thema eine Fülle von Schrullen und Bizarre= Sonnenstößer sind Br
477 3363 1682 3461 heit des Mitmenschen niemals abfinden würde. Aber wenn er
1686 3373 2885 3475 rien in sich entfesseln zu lassen. Fetzen der Wirklichkeit verzerrt
483 3402 1704 3517 sie dieser Gemeinheit immer wieder gegenüberstellte, in einer
2881 3419 3352 3508 Auch Sonnenstößer un
1687 3412 2884 3515 der Traum zu Fratzenhaftigkeiten, die ins Reich einer künstleri¬
2882 3461 3351 3538 recht geistiget. Es wä
1685 3457 2883 3559 schen Phantasic langen. Tante Pauline etwa, die den
478 3442 3360 3571 einzigen, nur notdürftig varüerten Situation, so war es fast, Schreckensgehalt des ganzen Familienlebens mühelos in sich und innerlich fröhliche
2881 3499 3358 3588 Philister so beschämend
482 3495 3358 3682 als wünschte er sich im stillen, sie dadurch doch für diesen harten allein vereinigt, schwillt immer entsetzlicher an, bis sie der ver¬ käme, die ihm zu wünsch
739 3568 1596 3784 ALGIA
1132 3755 1762 3902 #01 10 #
