3392 4224
272 95 1241 202 24. Das
1394 124 1842 212 box 29/5
842 1404 1468 1512 Dr. Max Goldschmidt
841 1450 1465 1563 Güro für Zeitungsausscrhnitte
648 1481 941 1554 BERLIN N 4
1191 1536 1641 1629 Telelon: Norden 3651
951 1586 1317 1672 Husschnitt aus:
788 1615 1524 1753 Hamburger Fremdenblatt
1097 1781 1530 1898 2 1. Feb. 1925
1021 1957 1504 2060 Thalia=Theater.
923 2030 1600 2141 Schnitzler. Das-wueite. Land.
885 2093 1720 2180 Schnitzler mit all seinem dramatischen
791 2130 1709 2220 Können und seiner dialektischen Grazie ist nicht
795 2160 1704 2260 der Mann, das weite Laud der Seele, das er
791 2204 1710 2291 meint, vor uns auszubrei en, dazu ist der Kreis
780 2226 1718 2337 seiner Schaffenswelt viel zu klein. Selbst in
776 2288 1706 2378 das weite Land des Liebeslebens, der Heimat
776 2323 1707 2409 seiner Muse, schaut er nur flüchtig hinein, und
782 2360 1707 2452 von irgend welchen tiefen und ergreisenden
770 2382 1704 2500 Ausblicken kann gar nicht die Rede sein. Schon.
772 2443 1708 2528 die These, die Schnitzler etwa im Mittelpunkt
780 2476 1704 2568 seiner Tragikomödie aufstellt: „der natürliche
773 2516 1688 2605 Zustand der Seele ist das Chaos“, ist falsch.
763 2534 1690 2646 Das Gleichgewicht ist der natürliche Zustand,
767 2590 1695 2683 und jeder Sturm in ihren weiten Bezirken ist
766 2634 1637 2725 eine Abweichung vom normalen Zustand.
757 2670 1696 2755 Schnitzlers weitem Landz gehen die Menschen
763 2703 1682 2787 alle wie elektrisch geladen umher, sie gebärden
755 2744 1687 2832 sich, als ob auf der Welt weiter nichts zu tun
757 2789 1688 2878 sei, als den Forderungen der finnlichen Liebe
752 2828 1655 2915 zu entsprechen, und da nun die Dichtung in
758 2869 1675 2953 eine Tragödie ausartet, nimmt man die
754 2900 1681 2979 Figuren nicht mehr ernst, sie lassen den Zu¬
748 2932 1676 3032 schauer kalt. Das ist wohl auch der Grund.
737 2966 1683 3064 weshalb dieses Stück, das schon vor vierzehn
742 3010 1674 3105 Jahren zuerst aufgeführt wurde, so wenig auf
744 3050 1665 3145 den Spielplänen der Theater erscheint. Mit
748 3094 1675 3174 dieser allgemeinen Kennzeichnung ist freilich
744 3128 1676 3221 das Stück lange nicht erschöpft. Arthur Schnitz¬
738 3174 1676 3260 ler ist ein viel zu geistvoller Schriftsteller.
744 3213 1664 3296 um sein Publikum nicht in irgend einer Art
732 3242 1667 3343 fesseln zu können, wenn auch die Handlung
732 3285 1664 3372 versagt. Er will zeigen, daß die Menschenseele,
730 3319 1662 3404 wenn sie vom Liebesleben heeinflußt wird,
740 3365 1691 3467 unberechenbar ist, und daß es hier keine
1804 969 2737 1074 Normen gibt. Dabei fällt manches kluge Wort,
1792 1021 2739 1108 und häufig hört man unterhalb der Gespräche
1786 1054 2731 1151 Ströme rauschen und Empfindungen berauf¬
1783 1093 2734 1206 dämn #n, die sich nicht in Worte kleiden lassen.
1782 1131 2733 1205 aber als tief und wahr empfunden wer en.
1789 1167 2721 1260 Der größte Fehler des Stückes ist seine Un¬
1784 1199 2718 1289 gleichmäßigkeit, seine gebrochene Linie. Eine
1778 1247 2723 1335 heitere Komödie, die die angeborene Untreue
1776 1283 2721 1375 des Mannes mit Spott übergießen zu wellen
1788 1317 2711 1423 scheint, wird ohne jede innere Notwendigkelt
1782 1361 2717 1440 zu einem düstern Trauerspiel. Eine weitere
1777 1398 2713 1487 Vertiefung in das Stück würde eine Auf¬
1775 1433 2712 1539 rollung der Handlung bedingen, und dies
1774 1476 2705 1559 erübrigt sich, da es sich doch um eine ältere
1778 1511 2697 1597 Dichtung handelt. Was übrig bleibt, ist eine
1775 1548 2699 1639 interessante, dramatisch nicht sehr bewegte
1769 1598 2698 1676 Handlung, die indes weder das Gefübl noch
1770 1632 2241 1696 den Verstand befriedigt.
1841 1671 2693 1734 Die Aufführung unter der Regie des
1754 1699 2689 1792 Herrn Direktor Hermann Röbbeling zeigte
1756 1752 2683 1828 sehr hübsche Bühnenbilder. Auch blieb die
1770 1785 2696 1852 Handlung in gutem Fluß, ohne ganz die dra¬
1760 1819 2694 1888 matische Unzulänglichkeit Schnitzlers in diesem
1761 1857 2693 1946 Stück verdecken zu können, denn es herrscht ein
1766 1890 2681 1963 fortwährendes Hin= und Herschieben von
1759 1935 2682 2018 Figuren. Ewiges Tennisspiel muß die Hand¬
1749 1973 2678 2039 habe dazu bieten. Die schauspielerischen Kosten
1754 2011 2674 2098 des Abends trug der ganz ausgezeichnete Dar¬
1755 2044 2672 2132 steller Heinz Stieda in seiner Rolle als
1750 2086 2667 2154 Fabrikant Hofreiter. Die Natürlichkeit und
1750 2117 2675 2217 Einsachheit, mit der dieser Künstler seine scharf
1734 2166 2670 2244 charakterisierten Gestalten durchführt, die un¬
1739 2210 2661 2288 mittelbare Lebensnähe, in der sie sich bewegen,
1734 2246 2665 2329 ist bewunderungswürdig. Hierin freilich gibt
1732 2279 2160 2337 ihm Frau Centa
2239 2296 2659 2362 3, die als Gast die
1728 2315 2666 2396 Gattin des Fabrikanten spielt, nichts nach.
1729 2355 2663 2440 Heinrich Lang schuf eine seingegliederte,
1736 2392 2662 2476 sympathische Figur als Kurdirektor. Fräulein
1718 2430 1953 2483 Wentzel
1966 2448 2662 2516 als junges verliebtes Mädchen
1727 2469 2657 2554 zeigt Spuren von Manieriertheit, die leicht zur
1720 2512 2664 2593 Unnatur führen, eine Klippe, auf die schon
1717 2543 2657 2632 früher aufmerksam gemacht worden ist. Aus
1706 2595 2653 2650 der Fülle der Personen seien noch Herr
1712 2620 2650 2707 Friedrich als Offizier, Fräulein Platt
1703 2671 2651 2744 als ultig gespielte Bürgersfrau, der Bankter des
1704 2706 2641 2782 Herrn Hallenstein, der gute Momente
1701 2745 2652 2825 hatte, Frau Bozenbard als Schauspie¬
1708 2781 2645 2856 rin, der lebhafte junge Mann des Herrn Wen¬
1716 2820 2633 2900 graf Herr Stahl als Schriftsteller und
1704 2865 2649 2942 Grill als Arzt genannt. Der Betfall war
1698 2890 1865 2950 lebhaft.
2403 2927 2622 2980 Ph. B.
