3248 4224
275 54 458 171 24
687 81 825 142 We
437 66 1252 208 basite Land
1392 91 1854 207 box 29/6
417 770 2919 886 Geflüster seine erregte Seele hin, und es war ihm, selbst — vor sich hin, träumte von Vergangenem
421 835 1680 924 als bestände ein geheimes, geheimnisvolles Verstehen
1668 873 2930 954 und Zukünftigem, von allerlei Großem und von den
416 898 1672 988 zwischen ihm, dem Rauschen des Wassers und den
1674 918 2691 1002 Geringfügigkeiten des alltäglichen Lebens.
426 953 1567 1040 durch die schwüle Nacht funkelnden Sternen.2
1752 978 2917 1069 Da hörte er in der Nähe ein Plätschern. Er
510 1010 1654 1092 Nach einiger Zeit überfiel ihn eine leichte Müdig¬
1671 1036 2920 1102 dachte an irgend einen Fisch oder an ein Reh, das
416 1065 1669 1166 keit und er setzte sich, wieder wie heute Mittag, auf
1667 1091 2912 1181 vielleicht vom Wald heruntergestiegen war. Er stand
408 1139 1661 1228 einen der dicht am Wasser liegenden großen abge¬
1670 1162 2909 1253 auf, denn die Stelle, von der das Plätschern kam,
407 1186 1667 1293 schliffenen Steine. Er sah in das blasse Licht, das
1674 1229 2935 1316 war hinter einer Biegung der Küste versteckt, Nach
413 1257 1662 1331 den unbewegten Spiegel der See erhellte, und sann
1672 1289 2475 1371 einigen Schritten lag sie vor ihm.
436 1304 1658 1405 — ein wenig verloren, ein wenig losgelöst von sich
2117 1346 2457 1438 (Schluß folgt.)
1071 1491 1699 1637 Gedichte von
1691 1508 2249 1648 A. M. Frey.
1139 1614 2170 1770 Zwischen Tag und Schatten.
930 1710 1521 1818 Nun kommt die Stunde
1700 1747 2290 1843 Das wehrt dem Hellen,
929 1798 1629 1881 zwischen Tag und Schatten.
1709 1806 2199 1885 dunkelt alle Räume
920 1847 1461 1948 Herauf vom Grunde,
1695 1871 2239 1960 und wird sie stellen,
925 1901 1464 1989 vom tiefsten Grunde
1693 1925 2204 2012 ganz lautlos stellen
923 1968 1450 2071 lächelt ein Ermatten.
1695 1995 2334 2090 unter Schlaf und Träume.
1258 2082 1684 2220 Bartolomeo
1686 2097 2026 2215 Colleoni.
629 2199 1594 2292 Er reitet immer noch und unverwandt,
1640 2188 2515 2319 Venedigs Himmel, hell geschmückt,
625 2254 1622 2368 und Faust und Blick sind jederzeit parat,
1637 2291 2448 2376 ist goldig flimmernd um ihn her.
623 2319 1449 2404 im Bügel stehend, kraftgespannt —
1640 2346 2493 2423 Er aber reitet schwarz und schwer
628 2388 1596 2484 ganz drohendes Erz und drohende Tat.
1643 2395 2521 2505 und riesengroß. Und halb entrückt.
1200 2483 1946 2595 Ein Armer nur am Sockelfuß,
1207 2567 2061 2648 auf Marmor seine Blindheit bettend,
1206 2629 2041 2722 liegt so mit jenem sich verkettend
1200 2705 2001 2787 und stammelt seinen Bettelgruß.
1300 2923 1966 3048 Berliner Brief.
1118 3009 2117 3150 Von Hans von Hülsen, Berlin.
459 3122 1627 3252 Noch strömt der dramatische Strom dieser Saison
1629 3173 2872 3263 bert Eulenberg rechnen, obwohl seine Herrschaft
364 3188 1617 3292 nicht mit hinreißender Gewalt, weder was seine Qua¬
1624 3221 2867 3325 eigentlich nur eine Kette von Niederlagen ist. Mit
376 3266 1627 3369 litäten, noch was die Quantität anlangt. Auch bleiben
1626 3290 2856 3369 einem Wagemut, der fast ohne Beispiel in der Theater¬
369 3317 1618 3410 für die Folge keine großen Hoffnungen übrig. Denn
1630 3343 2872 3448 geschichte dasteht, nehmen sich die Direktoren, nicht
373 3393 1613 3469 die Premièren der unsere Bühne beherrschenden Au¬
1618 3413 2864 3504 nur erster Bühnen, dieses Dichters und seiner schnell
373 3441 1609 3536 toren sind zum Teil vorüber, zum Teil recht zweifelhaft.
1607 3460 2847 3551 auf einander folgenden Werke an, — um in den aller¬
467 3510 1626 3600 Zu diesen die Bühne beherrschenden Autoren
1620 3532 2852 3617 meisten Fällen einen Mißerfolg damit zu erleben.
358 3569 2854 3691 muß man seit einiger Zeit auch den Dichter Her¬ Im Frühling kam in München das Schauspiel „Alles
2704 3669 2860 3774 135
