3248 4384
409 256 1174 327 hende, forst svagt og ubevidst, i en
396 308 1177 392 Tilbvielighed for en ung Pianist, som
393 358 1158 447 sor hendes Skyld tager sig afdage,
401 425 1164 508 senere bevidst og med et bestemt Krav
395 489 1170 565 paa Livsnydelse i et Forhold til en
397 541 809 606 ung Marineloitnant.
456 603 1157 686 Dette er det, som bringer hendes
389 665 1158 739 Mand ud af Ligevagt. Han, som selv
388 731 1144 798 paa samme Tid elsker en ung Dame,
384 781 1158 855 hans Kones Veninde, og som ilke eister
375 832 1149 900 sin Kone, han oprores over dette.
375 900 1150 969 Hvorfor? Fordi han er Mand, ikke
379 971 1157 1028 en Dot, fordi det, som Georg Brandes
374 1019 1142 1089 saa treffende har kaldt hans Besidder¬
377 1083 1141 1155 forfengelighed opirres over Hustruens
363 1138 1147 1207 Optreden; og saa skyder hau Hustruens
364 1199 1139 1256 Elsker i en Duel. Men naar Skuddet
364 1255 1137 1323 er faldt, er han ogsag ferdig med sin
360 1317 1133 1385 Kone og med den Kvinde, han igrun¬
360 1370 1127 1435 den har eisket dybest af alle, den unge
364 1432 1130 1495 Erna Wahl, som holt og frit har hen¬
354 1477 1125 1554 givet sig til ham, — har er fierdig
353 1554 1127 1629 med alt, — kun et blir tilbage: hans
369 1604 493 1657 Son.
424 1665 1132 1742 Opgaven at legemliggjore Fredrik
350 1717 1130 1804 Hofreiters sammensatte Personlighed var
356 1771 1118 1850 igaar lagt paa Hr. Halvard Hoffs
347 1840 1119 1925 unge Skuldre. Det var ingen let Op¬
352 1899 1117 1979 gave at lose og omend Hr. Hoff leve¬
348 1962 1120 2028 rede et godt, undertiden ligetil ub¬
348 2017 1117 2100 merket Spil, saa magtede han dog itke
349 2077 1119 2160 at give et helstobt Billede af denne
341 2148 1107 2214 Skikkelse. Bedst Udtryk fandt han for
345 2203 1116 2275 Hofreiters dybe Kjeerlighed til Erna
339 2252 1117 2336 Wahl og for den underlige resignerende
335 2325 1109 2394 Stenming, som griber ham efterat Skud¬
343 2368 841 2445 det er faldt i sidste Akt.
412 2452 1105 2520 Hans Hustru spilledes af Froken
327 2500 1100 2571 Doris Johannesen som i de
337 2542 1097 2637 forste Akter led under en syulig Nervo¬
337 2617 1104 2709 sitet. Kanske var dette Aarsagen til,
325 2670 1093 2756 at hendes Spil i disse Akter virkede
325 2742 1087 2810 noget unaturlig paa Tilsknerne og at
333 2794 1093 2869 Billedet af den resignerende og dog
330 2850 1088 2927 livslystne Kvinde forekom en noget ud¬
330 2894 1101 2991 vistet. J sidste Akt derimod fandt
324 2966 1097 3061 Skuespillerinden et gribende og sandt
318 3027 1100 3105 Udtryk for Sorgen over den dode
330 3080 466 3145 Elfker.
383 3144 1094 3231 Frk. Ella Stray spillede den
315 3198 1087 3283 purunge, filosoferende og tennisspillende
319 3269 1070 3347 Erna Wahl, der gribes af den mag¬
320 3326 1076 3402 tige Lidenskab til Fredrik Hofreiter.
322 3384 1084 3462 Hun saa udmerket ud, men havde ikke
320 3451 1072 3522 faget rigtig Tag paa sin Rolle. For
313 3499 1071 3589 de dybe og eedle Folelser, som bevaeger
302 3559 1076 3637 denne Kvinde, fandt hun kun svage
316 3608 475 3678 Udtryk.
375 3667 1070 3765 Som Hofreiters Ven, Dr. Mauer,
309 3733 1065 3820 der bliver haablust forelsket i Erna,
309 3782 1070 3875 spillede Hr. Hauge fint og sympathist
304 3850 1074 3925 og Fru Ivarson fandt gode Udtryk
303 3912 1069 4000 for den fraskilte Hustrus store Moder¬
303 3962 518 4037 harlighed.
365 4026 1068 4128 Om Hovedpersonerne har Forfat¬
