3392 4320
293 201 619 286 24. Da
588 216 1256 313 s weite Land
393 1174 792 1247 Ausschnitt aus:
751 1196 1320 1288 Sarajevoer Tagblatt
551 1247 820 1339 0 m0 1911
399 1281 571 1382 vom:
622 1399 1251 1535 Theater und Kunst.
567 1523 1488 1607 Schnitzlers neuestes Stück, Man schreibt
392 1596 1488 1650 uns aus Berlin: Das Lessingtheater hat seinen
390 1637 1489 1722 ersten großen Tag in dieser Saison, als es am
386 1685 1487 1756 Samstag zu Schnitzlers neuer Tragikomödie
394 1751 1487 1819 „Das weite Land“ die vielen Freunde des Dichters
379 1809 1491 1880 lud. Es sind die wohlbekannten Probleme, die
378 1862 1491 1931 Schnitzler in den Liebeswirren seiner Menschen
383 1918 1497 1998 sucht; aber diesmal schaute er mit nachdenklichem
390 1990 1486 2056 tiefdringendem Blick seinem Helden ins Gemüt und
392 2047 1490 2118 gab so einen Charakter, dessen Seele nicht rechtlos
393 2114 1482 2185 aufgeht in der Addition seiner galanten Abenteuer.
384 2175 1483 2233 Und diese Seele ist das weite Land, darin der Dich¬
384 2223 1489 2295 ter forschend umherstreift. Er findet seine Beute in
394 2295 1493 2359 einer bunten Fülle trefflicher Gestalten, individuell
390 2346 1500 2421 gesehener Typen und in allerlei klugen besinnlichen
391 2406 1492 2482 Worten über die Kunst des Lebens. Seine welt¬
383 2445 1499 2539 männische Art, mit den schwersten Dingen leicht
397 2515 1495 2582 und elegant zu spielen, und sie doch im Spiel
393 2577 1503 2643 selbst ernst zu nehmen, macht auch sein neues
386 2639 1500 2703 Stück, das wieder in anderer Tönung freilich in
387 2701 1500 2761 resignierendem Schlußakkord ausklingt, zu einem
389 2763 1506 2837 reizvollen Gesellschaftsdrama. Nach dem letzten
389 2825 1495 2900 Akt erhob sich ein wohltemperierter Beifall, für
401 2882 1494 2948 den O. Brahm im Namen des Dichters, der bei der
389 2937 1499 3018 gleichzeitigen Uraufführung in Wien weilt, danken
400 3000 1504 3071 konnte. Die Aufführung war ausgezeichnet, es
392 3050 1503 3140 wirkten selbst in den kleinsten Rollen die besten
397 3117 1503 3180 Kräfte des Lessingtheaters mit. Zu ihrem Ruhm
401 3173 1499 3237 kann nichts beseres gesagt werden, als daß sämt¬
403 3236 1508 3318 liche Darsteller in gleich treffender Weise dem
396 3301 1528 3370 Dichter dienten. Heinz Monnard, Irene Triesch und
392 3353 1093 3454 Hilde Herterich seien genannt.
1407 208 1849 301 box 28/4
2188 223 2760 328 Sie Wahrheit, Berlin.
2425 374 2739 465 2110 1911
2163 663 3015 791 Cheater und Ilufik
2373 777 2806 866 Das weite Land
2070 847 3193 913 Herr Arthur Schnitzler, Arzt zu Wien an der schönen
1986 890 3189 954 blauen, Donau,hat-wirder einmal ein Stück geschrieben, das sich
2003 954 3180 1010 Otto Brahm beeilte, aufzuführen. Eine Tragikomödie aus
2000 998 2232 1063 Oesterreich.
2090 1018 3185 1105 Ein Ehebrecher, der sich seines Daseins freut und fast den
1992 1106 3196 1151 Augenblick ersehnt, in dem sich seine Frau die Revanche holt.]
1997 1135 3195 1207 Als aber die „stille Dulderin“ die Magdalenenrolle wirklich satt
1999 1185 3151 1250 hat und mit einem Fähnrich anbandelt, knallt er diesen nieder.
2078 1235 3192 1322 Unverstandene Männer und Frauen . .. Das alte Lied..
2002 1284 2399 1361 Das „weite Land“
2079 1314 2845 1395 Halber Ibsen ... halber Blumenthal..
2081 1363 3195 1468 Ilka Grüning... Irene Triesch... Hilde
2005 1431 2294 1501 Herterich.
2084 1455 2970 1550 Monnard ... Reicher ... Stieler.
2089 1498 3206 1580 Warm geworden ist keiner bei dieser schwindsüchtelnden
1998 1577 3205 1638 Poeterei aus dem schönen Lande der Ki.. i. pfel, der Nazis und
2011 1640 2884 1688 der „deutschen“ Politiker von Ullsteins Gnaden.
2085 1683 3205 1749 Seit der „Liebelei“ ist Arthur Schnitzler nicht wieder auf die
2009 1715 3195 1789 Beine gekommen. Kaffeehausliterat, wie so viele seinesgleichen
2001 1770 3196 1828 Immerhin gibt es Leute, die noch auf ihn hoffen; die das „weite
2010 1819 3196 1891 Land“ seiner „Griechenseele“ suchen und nicht wissen, was sie tun.
2086 1870 3202 1940 Ein verlorener Abend, wie wir soviele schon erlebt haben, und
2006 1911 3200 1989 wie wir leider wahrscheinlich in diesem gesegneten Winter noch
2002 1986 2415 2057 viele erleben werden.
2081 2019 3207 2098 Um das festzustellen, schrieb Schlenther fast vier Feuilleton¬
2015 2070 3211 2141 spalten, bezahlte Mosse sieben Telegramme aus München, Leipzig,
2011 2133 2970 2192 Breslau, Hamburg, Hannover, Wien und Prag ...
2075 2168 3213 2238 Was aus einem verlorenen Stück unter geschickten Journa¬
2859 2220 3193 2287 #e #7.
2002 2230 2799 2315 listenhänden nicht alles werden kann!
2524 2681 2924 2776 Telephon 12.801.
1980 2812 2723 2934 „OUSLRTEK
1839 2919 2924 3003 1. österr. beh. konz. Unternehmen für Zeitunge¬
2026 2965 2711 3040 Ausschnitte und Bibliographie.
2004 3016 2780 3106 Wien, I., Concordiaplatz 4.
2231 3101 2554 3164 Vertretungen
1828 3136 2938 3220 in Berlin, Brüssel, Budapest, Chicago, Cleveland, Christiania,
1847 3168 2940 3249 Gent Kopenhagen, London, Madrid, Mailand, Minneapolis,
1845 3228 2942 3319 NeuWork, Paris, Rom, San Francisco, Stockholm, St. Peters¬
2220 3264 2548 3320 #burg, Toronto.
2193 3300 2588 3358 (Gnelienangabe ohne Gewähr.!
1841 3380 2231 3457 Ausschnitt aus:
2164 3430 2940 3538 theinische Musik- u. Thenter¬
1856 3479 2189 3563 vom ZI. ONT. 1.74
2163 3506 2858 3601 ms Köln akh.
2290 3643 2584 3728 Hovitäten.
1981 3577 3069 3830 eee e eten a men aen
1867 3649 3080 3897 sneee
1874 3705 3092 3936 neeenene
1998 3753 3082 3965 „ uen netener echeoener
1889 3815 2926 4020 en den ver sunch un un
