<?xml version="1.0" encoding="UTF-8" standalone="yes"?>
<PcGts xmlns="http://schema.primaresearch.org/PAGE/gts/pagecontent/2013-07-15" xmlns:xsi="http://www.w3.org/2001/XMLSchema-instance" xsi:schemaLocation="http://schema.primaresearch.org/PAGE/gts/pagecontent/2013-07-15 http://schema.primaresearch.org/PAGE/gts/pagecontent/2013-07-15/pagecontent.xsd">
    <Metadata>
        <Creator>prov=University of Rostock/Institute of Mathematics/CITlab/Gundram Leifert/gundram.leifert@uni-rostock.de:name=ONB_Newseye_GT_M1+(htr_id=10810)::::v=2.4.2
prov=University of Rostock/Institute of Mathematics/CITlab/Tobias Gruening/tobias.gruening@uni-rostock.de:name=de.uros.citlab.module.baseline2polygon.B2PSeamMultiOriented:v=2.4.2
prov=University of Rostock/Institute of Mathematics/CITlab/Tobias Gruening/tobias.gruening@uni-rostock.de:name=/mnt/transkribus/LA/DEA/URO/LA_news_onb_att.pb:de.uros.citlab.segmentation.CITlab_LA_ML:v=2.4.2
Transkribus</Creator>
        <Created>2019-10-07T11:13:40.250+02:00</Created>
        <LastChange>2019-10-08T01:57:54.921+02:00</LastChange>
        <TranskribusMetadata docId="223964" pageId="9496211" pageNr="352" tsid="16496406" status="IN_PROGRESS" userId="40391" imgUrl="https://files.transkribus.eu/Get?id=DZHGTWJJIEOUWHCBCYZQNYOJ&amp;fileType=view" xmlUrl="https://files.transkribus.eu/Get?id=EDQPKXCNUCGAIHEPOLGPHTMI" imageId="6186438"/>
    </Metadata>
    <Page imageFilename="223964_0352.jpeg" imageWidth="3392" imageHeight="4320">
        <ReadingOrder>
            <OrderedGroup id="ro_1711441749851" caption="Regions reading order">
                <RegionRefIndexed index="0" regionRef="r1"/>
                <RegionRefIndexed index="1" regionRef="r2"/>
            </OrderedGroup>
        </ReadingOrder>
        <TextRegion orientation="0.0" id="r1" custom="readingOrder {index:0;}">
            <Coords points="274,41 274,225 1208,225 1208,41"/>
            <TextLine id="r1l1" custom="readingOrder {index:0;}">
                <Coords points="265,155 436,147 559,195 1198,195 1219,104 995,99 948,133 887,87 661,120 505,90 423,132 374,93 267,95"/>
                <Baseline points="274,141 320,146 367,150 414,154 460,157 507,160 554,163 600,164 647,166 694,168 741,169 787,170 834,171 881,172 927,172 974,173 1021,173 1067,173 1114,174 1161,175 1208,175"/>
                <TextEquiv>
                    <Unicode>24. Das veite Land</Unicode>
                </TextEquiv>
            </TextLine>
            <TextEquiv>
                <Unicode>24. Das veite Land</Unicode>
            </TextEquiv>
        </TextRegion>
        <TextRegion orientation="0.0" id="r2" custom="readingOrder {index:1;}">
            <Coords points="1148,130 1148,3318 2516,3318 2516,130"/>
            <TextLine id="r2l1" custom="readingOrder {index:0;}">
                <Coords points="1383,167 1451,161 1481,177 1576,161 1601,182 1648,164 1694,185 1741,165 1804,176 1819,169 1820,114 1761,98 1713,121 1676,102 1622,105 1568,141 1533,114 1492,127 1416,97 1384,100"/>
                <Baseline points="1392,157 1418,158 1444,158 1470,158 1496,159 1522,159 1548,160 1574,160 1601,160 1627,161 1653,161 1679,162 1705,162 1731,162 1757,162 1783,162 1810,161"/>
                <TextEquiv>
                    <Unicode>box 28/5</Unicode>
                </TextEquiv>
            </TextLine>
            <TextLine id="r2l2" custom="readingOrder {index:1;}">
                <Coords points="1162,983 2378,1017 2472,978 2461,936 1994,965 1163,926"/>
                <Baseline points="1170,978 1234,979 1299,980 1363,982 1428,983 1493,984 1557,985 1622,986 1686,988 1751,989 1816,990 1880,991 1945,993 2009,994 2074,995 2138,996 2203,997 2268,998 2332,999 2397,1000 2462,1001"/>
                <TextEquiv>
                    <Unicode>dadurch klar, daß er nach dem Reigen nun gar noch „Kiki“ gibt.</Unicode>
                </TextEquiv>
            </TextLine>
            <TextLine id="r2l3" custom="readingOrder {index:2;}">
                <Coords points="1168,1048 2508,1056 2498,1015 2220,1003 1168,1004"/>
                <Baseline points="1176,1033 1242,1035 1308,1037 1374,1039 1440,1042 1506,1043 1572,1045 1639,1047 1705,1048 1771,1050 1837,1051 1903,1053 1969,1054 2035,1055 2102,1056 2168,1057 2234,1057 2300,1058 2366,1058 2432,1058 2499,1058"/>
                <TextEquiv>
                    <Unicode>Herr Sladek hätte den abgespielten Reigen, den nur der Prozeß wieder</Unicode>
                </TextEquiv>
            </TextLine>
            <TextLine id="r2l4" custom="readingOrder {index:3;}">
                <Coords points="1170,1111 2513,1115 2372,1058 2019,1096 1170,1059"/>
                <Baseline points="1178,1096 1244,1098 1310,1101 1376,1102 1443,1104 1509,1106 1575,1107 1642,1108 1708,1109 1774,1110 1841,1111 1907,1112 1973,1112 2039,1113 2106,1113 2172,1113 2238,1113 2305,1113 2371,1113 2437,1113 2504,1113"/>
                <TextEquiv>
                    <Unicode>spielbar machte, jetzt nicht aufnehmen sollen. Aber in diesem Augen¬</Unicode>
                </TextEquiv>
            </TextLine>
            <TextLine id="r2l5" custom="readingOrder {index:4;}">
                <Coords points="1155,1150 2520,1189 2490,1129 2271,1119 1155,1128"/>
                <Baseline points="1163,1155 1230,1157 1297,1159 1365,1160 1432,1162 1500,1164 1567,1165 1635,1166 1702,1167 1770,1168 1837,1169 1904,1169 1972,1170 2039,1170 2107,1170 2174,1170 2242,1170 2309,1169 2377,1169 2444,1169 2512,1168"/>
                <TextEquiv>
                    <Unicode>blick tat ihm der Staatsanwalt durchaus unrecht. Das Stück „Kiki“</Unicode>
                </TextEquiv>
            </TextLine>
            <TextLine id="r2l6" custom="readingOrder {index:5;}">
                <Coords points="1151,1219 2438,1251 2511,1237 2512,1192 1405,1167 1151,1201"/>
                <Baseline points="1160,1216 1227,1217 1294,1217 1361,1218 1428,1219 1495,1219 1562,1221 1630,1222 1697,1223 1764,1224 1831,1225 1898,1227 1965,1228 2032,1230 2100,1231 2167,1232 2234,1234 2301,1235 2368,1237 2435,1238 2503,1240"/>
                <TextEquiv>
                    <Unicode>wie es im Buche stehen mag, ist ein Schund, aber ich werde nie ohne</Unicode>
                </TextEquiv>
            </TextLine>
            <TextLine id="r2l7" custom="readingOrder {index:6;}">
                <Coords points="1159,1303 2450,1317 2525,1259 1160,1240"/>
                <Baseline points="1168,1272 1235,1275 1302,1277 1370,1279 1437,1280 1505,1281 1572,1283 1639,1284 1707,1285 1774,1285 1842,1286 1909,1287 1976,1288 2044,1289 2111,1290 2179,1291 2246,1293 2313,1294 2381,1296 2448,1298 2516,1300"/>
                <TextEquiv>
                    <Unicode>Freude daran denken, weil ich zugleich an Käthe Dorsch denken muß.</Unicode>
                </TextEquiv>
            </TextLine>
            <TextLine id="r2l8" custom="readingOrder {index:7;}">
                <Coords points="1159,1318 1208,1354 1351,1337 1528,1370 1588,1342 1663,1367 1714,1344 1915,1353 1915,1321 1708,1291 1514,1322 1452,1291 1264,1307 1231,1282 1159,1303"/>
                <Baseline points="1167,1329 1205,1330 1244,1332 1283,1334 1322,1335 1361,1336 1400,1338 1439,1339 1478,1339 1517,1340 1555,1340 1594,1340 1633,1341 1672,1341 1711,1341 1750,1340 1789,1340 1828,1340 1867,1339 1906,1339"/>
                <TextEquiv>
                    <Unicode>Sie hat Schund zur Kunst gemacht.</Unicode>
                </TextEquiv>
            </TextLine>
            <TextLine id="r2l9" custom="readingOrder {index:8;}">
                <Coords points="1254,1405 2504,1434 2505,1382 2458,1366 1255,1363"/>
                <Baseline points="1262,1402 1323,1403 1385,1404 1447,1405 1508,1406 1570,1407 1632,1408 1693,1410 1755,1411 1817,1412 1879,1413 1940,1414 2002,1415 2064,1416 2125,1417 2187,1418 2249,1418 2310,1419 2372,1419 2434,1419 2496,1419"/>
                <TextEquiv>
                    <Unicode>Und somit komme ich auf das Lustspielhaus, von dem ich vor</Unicode>
                </TextEquiv>
            </TextLine>
            <TextLine id="r2l10" custom="readingOrder {index:9;}">
                <Coords points="1155,1464 2512,1480 2512,1445 2418,1433 1156,1431"/>
                <Baseline points="1164,1461 1231,1462 1298,1462 1365,1464 1432,1465 1499,1466 1566,1467 1633,1468 1700,1470 1767,1471 1834,1472 1901,1473 1968,1474 2035,1475 2102,1476 2169,1477 2236,1478 2303,1479 2370,1479 2437,1480 2504,1480"/>
                <TextEquiv>
                    <Unicode>kurzem sagte, daß es durch Herrn Heinz Saltenburg literarisch einge¬</Unicode>
                </TextEquiv>
            </TextLine>
            <TextLine id="r2l11" custom="readingOrder {index:10;}">
                <Coords points="1165,1543 2520,1558 2474,1495 2403,1490 1166,1479"/>
                <Baseline points="1173,1520 1243,1521 1313,1522 1384,1524 1454,1525 1525,1526 1595,1527 1666,1528 1736,1529 1807,1530 1877,1531 1948,1532 2018,1533 2089,1534 2159,1535 2230,1537 2300,1538 2371,1540 2441,1541 2512,1543"/>
                <TextEquiv>
                    <Unicode>weiht worden sei. Worauf der frühere Herr, Doktor Martin Zickel,</Unicode>
                </TextEquiv>
            </TextLine>
            <TextLine id="r2l12" custom="readingOrder {index:11;}">
                <Coords points="1162,1582 2521,1598 2464,1551 1163,1550"/>
                <Baseline points="1171,1585 1238,1585 1305,1585 1372,1585 1439,1586 1506,1586 1573,1587 1640,1588 1707,1589 1774,1591 1841,1592 1908,1594 1975,1595 2042,1596 2109,1598 2176,1599 2243,1600 2310,1601 2377,1602 2444,1603 2512,1604"/>
                <TextEquiv>
                    <Unicode>wieder sagte, daß er erstens nicht anders angefangen habe und daß</Unicode>
                </TextEquiv>
            </TextLine>
            <TextLine id="r2l13" custom="readingOrder {index:12;}">
                <Coords points="1165,1654 2405,1677 2514,1627 1165,1607"/>
                <Baseline points="1173,1645 1239,1645 1306,1645 1372,1645 1439,1646 1506,1646 1572,1647 1639,1648 1705,1650 1772,1651 1839,1652 1905,1654 1972,1655 2038,1657 2105,1658 2171,1660 2238,1661 2305,1662 2371,1663 2438,1664 2505,1664"/>
                <TextEquiv>
                    <Unicode>zweitens Literarisch ein scheußliches Wort sei. Ist es auch; Herr</Unicode>
                </TextEquiv>
            </TextLine>
            <TextLine id="r2l14" custom="readingOrder {index:13;}">
                <Coords points="1161,1705 2509,1735 2476,1680 2301,1664 1161,1668"/>
                <Baseline points="1170,1707 1236,1706 1303,1705 1369,1705 1436,1705 1502,1705 1569,1706 1635,1706 1702,1707 1768,1708 1835,1710 1902,1711 1968,1712 2035,1714 2101,1716 2168,1717 2234,1719 2301,1720 2367,1722 2434,1724 2501,1725"/>
                <TextEquiv>
                    <Unicode>Zickel hat ganz recht, und wenn ich das Wort brauche, so bedeutet es</Unicode>
                </TextEquiv>
            </TextLine>
            <TextLine id="r2l15" custom="readingOrder {index:14;}">
                <Coords points="1160,1768 2497,1785 2435,1730 1161,1727"/>
                <Baseline points="1169,1765 1235,1764 1301,1764 1367,1763 1433,1763 1499,1764 1565,1764 1631,1765 1697,1766 1763,1767 1829,1768 1895,1769 1961,1771 2027,1772 2093,1774 2159,1776 2225,1777 2291,1779 2357,1781 2423,1783 2489,1785"/>
                <TextEquiv>
                    <Unicode>nur einen ironischen Vorschuß, der außerdem wieder eingefordert wer¬</Unicode>
                </TextEquiv>
            </TextLine>
            <TextLine id="r2l16" custom="readingOrder {index:15;}">
                <Coords points="1162,1817 2509,1843 2376,1787 1163,1773"/>
                <Baseline points="1171,1820 1237,1821 1303,1822 1370,1823 1436,1824 1503,1824 1569,1825 1636,1826 1702,1826 1769,1827 1835,1828 1901,1829 1968,1830 2034,1831 2101,1832 2167,1833 2234,1834 2300,1836 2367,1837 2433,1839 2500,1841"/>
                <TextEquiv>
                    <Unicode>den kann. Herr Saltenburg hat Schmidt=Bonn, dann Gerhart Haupt¬</Unicode>
                </TextEquiv>
            </TextLine>
            <TextLine id="r2l17" custom="readingOrder {index:16;}">
                <Coords points="1157,1885 2405,1925 2508,1903 2509,1862 1157,1844"/>
                <Baseline points="1166,1879 1232,1880 1299,1881 1366,1881 1432,1882 1499,1883 1566,1884 1632,1884 1699,1885 1766,1886 1833,1886 1899,1887 1966,1889 2033,1890 2099,1891 2166,1892 2233,1894 2299,1895 2366,1898 2433,1900 2500,1902"/>
                <TextEquiv>
                    <Unicode>mann gegeben und gibt nun Heinrich Lautensack. Das ist sehr schön,</Unicode>
                </TextEquiv>
            </TextLine>
            <TextLine id="r2l18" custom="readingOrder {index:17;}">
                <Coords points="1154,1936 2416,1973 2505,1949 2506,1908 1154,1899"/>
                <Baseline points="1162,1937 1228,1939 1295,1940 1362,1941 1428,1942 1495,1943 1562,1944 1628,1945 1695,1946 1762,1947 1829,1948 1895,1949 1962,1950 2029,1951 2095,1952 2162,1953 2229,1954 2295,1955 2362,1957 2429,1959 2496,1961"/>
                <TextEquiv>
                    <Unicode>so viel durften wir garnicht von ihm verlangen, aber er muß nun</Unicode>
                </TextEquiv>
            </TextLine>
            <TextLine id="r2l19" custom="readingOrder {index:18;}">
                <Coords points="1157,1994 2363,2042 2514,1989 1157,1972"/>
                <Baseline points="1165,1996 1232,1997 1299,1999 1366,2000 1433,2001 1500,2002 1567,2003 1634,2003 1701,2004 1768,2005 1835,2006 1902,2006 1969,2007 2036,2008 2103,2009 2170,2010 2237,2012 2304,2013 2371,2015 2438,2017 2505,2020"/>
                <TextEquiv>
                    <Unicode>auch anfangen, gutes Theater zu machen. Und dazu genügt nicht die</Unicode>
                </TextEquiv>
            </TextLine>
            <TextLine id="r2l20" custom="readingOrder {index:19;}">
                <Coords points="1163,2072 2477,2105 2510,2040 1164,2012"/>
                <Baseline points="1171,2054 1237,2056 1304,2058 1370,2060 1437,2062 1503,2063 1570,2064 1636,2065 1703,2066 1769,2067 1836,2067 1902,2068 1969,2069 2035,2070 2102,2071 2168,2073 2235,2074 2301,2076 2368,2078 2434,2080 2501,2082"/>
                <TextEquiv>
                    <Unicode>Anwerbung von drei Prominenten, wenn ich so galant bin, auch</Unicode>
                </TextEquiv>
            </TextLine>
            <TextLine id="r2l21" custom="readingOrder {index:20;}">
                <Coords points="1151,2127 2271,2153 2273,2090 1152,2081"/>
                <Baseline points="1160,2112 1215,2113 1270,2114 1325,2115 1380,2117 1436,2118 1491,2119 1546,2120 1601,2121 1656,2122 1712,2124 1767,2125 1822,2126 1877,2127 1932,2128 1988,2129 2043,2130 2098,2130 2153,2131 2208,2131 2264,2131"/>
                <TextEquiv>
                    <Unicode>Frau Else Bassermann zu den Prominentinnen zu rechnen.</Unicode>
                </TextEquiv>
            </TextLine>
            <TextLine id="r2l22" custom="readingOrder {index:21;}">
                <Coords points="1253,2201 2504,2210 2504,2153 1254,2139"/>
                <Baseline points="1262,2190 1323,2190 1385,2190 1446,2190 1508,2190 1570,2190 1631,2190 1693,2191 1755,2191 1816,2192 1878,2192 1940,2193 2001,2194 2063,2195 2125,2197 2186,2198 2248,2199 2310,2201 2371,2202 2433,2204 2495,2206"/>
                <TextEquiv>
                    <Unicode>In seinem Frühwerk „Hahnenkampf“ verbreitet Lauten¬</Unicode>
                </TextEquiv>
            </TextLine>
            <TextLine id="r2l23" custom="readingOrder {index:22;}">
                <Coords points="1157,2246 2376,2285 2505,2265 2506,2225 1158,2197"/>
                <Baseline points="1166,2246 1232,2246 1299,2246 1365,2246 1432,2246 1498,2247 1565,2248 1631,2249 1698,2250 1764,2252 1831,2253 1898,2255 1964,2256 2031,2258 2097,2259 2164,2260 2230,2262 2297,2263 2363,2263 2430,2264 2497,2264"/>
                <TextEquiv>
                    <Unicode>sack Zuständliches aus Niederbayern, besonders aus der Passauer</Unicode>
                </TextEquiv>
            </TextLine>
            <TextLine id="r2l24" custom="readingOrder {index:23;}">
                <Coords points="1155,2316 2452,2339 2501,2291 1156,2263"/>
                <Baseline points="1163,2303 1229,2302 1295,2302 1362,2303 1428,2303 1495,2305 1561,2306 1627,2307 1694,2309 1760,2311 1827,2313 1893,2315 1959,2317 2026,2319 2092,2320 2159,2322 2225,2323 2291,2324 2358,2325 2424,2325 2491,2325"/>
                <TextEquiv>
                    <Unicode>Gegend, zu deren Erforschung ich kein Konversationslexikon brauche.</Unicode>
                </TextEquiv>
            </TextLine>
            <TextLine id="r2l25" custom="readingOrder {index:24;}">
                <Coords points="1152,2368 2495,2399 2495,2352 2423,2332 1152,2327"/>
                <Baseline points="1160,2365 1226,2366 1292,2367 1358,2368 1425,2369 1491,2369 1557,2370 1624,2371 1690,2371 1756,2372 1823,2372 1889,2373 1955,2374 2021,2375 2088,2376 2154,2377 2220,2378 2287,2380 2353,2381 2419,2383 2486,2385"/>
                <TextEquiv>
                    <Unicode>Ich habe da einmal in hellblauen Hosen ein Manöver und fünf</Unicode>
                </TextEquiv>
            </TextLine>
            <TextLine id="r2l26" custom="readingOrder {index:25;}">
                <Coords points="1150,2414 2351,2466 2500,2426 2455,2391 1151,2388"/>
                <Baseline points="1158,2421 1224,2422 1291,2422 1358,2423 1424,2424 1491,2425 1558,2426 1624,2427 1691,2428 1758,2429 1825,2430 1891,2431 1958,2433 2025,2434 2091,2435 2158,2436 2225,2437 2291,2439 2358,2440 2425,2441 2492,2442"/>
                <TextEquiv>
                    <Unicode>Wochen tiefstes Mittelalter mitgemacht, so tief, daß man in zäher Er¬</Unicode>
                </TextEquiv>
            </TextLine>
            <TextLine id="r2l27" custom="readingOrder {index:26;}">
                <Coords points="1153,2484 2448,2521 2500,2469 1154,2440"/>
                <Baseline points="1161,2479 1227,2480 1294,2481 1360,2482 1427,2483 1493,2484 1560,2485 1626,2486 1693,2487 1759,2489 1826,2490 1892,2491 1959,2492 2025,2494 2092,2495 2158,2496 2225,2498 2291,2499 2358,2500 2424,2502 2491,2503"/>
                <TextEquiv>
                    <Unicode>innerung an die alten Landsknechte noch nicht einmal die modernen</Unicode>
                </TextEquiv>
            </TextLine>
            <TextLine id="r2l28" custom="readingOrder {index:27;}">
                <Coords points="1152,2546 2494,2560 2469,2504 1153,2504"/>
                <Baseline points="1161,2537 1227,2539 1293,2541 1359,2542 1425,2544 1492,2545 1558,2546 1624,2547 1690,2548 1756,2549 1823,2550 1889,2551 1955,2552 2021,2553 2087,2553 2154,2554 2220,2554 2286,2555 2352,2556 2418,2556 2485,2557"/>
                <TextEquiv>
                    <Unicode>Soldaten leiden konnte. Von der Kanzel predigten die Priester gegen</Unicode>
                </TextEquiv>
            </TextLine>
            <TextLine id="r2l29" custom="readingOrder {index:28;}">
                <Coords points="1140,2606 2449,2640 2497,2599 1141,2547"/>
                <Baseline points="1148,2598 1218,2599 1288,2600 1359,2600 1429,2602 1500,2603 1570,2604 1641,2605 1711,2606 1782,2608 1852,2609 1923,2611 1993,2612 2064,2613 2134,2615 2205,2616 2275,2617 2346,2619 2416,2620 2487,2621"/>
                <TextEquiv>
                    <Unicode>die Verführungskunst in hellblauen Hosen, die jungen Cooperatoren</Unicode>
                </TextEquiv>
            </TextLine>
            <TextLine id="r2l30" custom="readingOrder {index:29;}">
                <Coords points="1141,2671 2427,2698 2492,2694 2494,2620 1142,2622"/>
                <Baseline points="1150,2658 1216,2659 1283,2660 1350,2661 1416,2662 1483,2663 1550,2665 1616,2666 1683,2667 1750,2669 1817,2670 1883,2672 1950,2673 2017,2674 2083,2675 2150,2676 2217,2677 2283,2677 2350,2678 2417,2678 2484,2678"/>
                <TextEquiv>
                    <Unicode>gründeten Jungfrauenbünde, und die jungen Burschen stachen nach</Unicode>
                </TextEquiv>
            </TextLine>
            <TextLine id="r2l31" custom="readingOrder {index:30;}">
                <Coords points="1154,2716 2064,2768 2504,2734 2031,2675 1155,2678"/>
                <Baseline points="1162,2716 1228,2717 1295,2718 1362,2720 1428,2721 1495,2723 1562,2724 1628,2726 1695,2727 1762,2729 1829,2730 1895,2732 1962,2733 2029,2734 2095,2735 2162,2736 2229,2737 2295,2737 2362,2737 2429,2738 2496,2738"/>
                <TextEquiv>
                    <Unicode>uns mit Messern, wo irgend sich nächtliches Liebesgeflüster vernehmen</Unicode>
                </TextEquiv>
            </TextLine>
            <TextLine id="r2l32" custom="readingOrder {index:31;}">
                <Coords points="1139,2776 1163,2775 1191,2791 1203,2784 1231,2795 1237,2790 1247,2797 1265,2794 1266,2757 1258,2757 1235,2733 1223,2737 1216,2734 1204,2742 1182,2735 1169,2722 1159,2732 1140,2725"/>
                <Baseline points="1148,2773 1175,2772 1203,2773 1230,2774 1258,2775"/>
                <TextEquiv>
                    <Unicode>ließ.</Unicode>
                </TextEquiv>
            </TextLine>
            <TextLine id="r2l33" custom="readingOrder {index:32;}">
                <Coords points="1246,2834 2493,2854 2493,2820 2301,2799 1246,2799"/>
                <Baseline points="1254,2832 1315,2834 1377,2836 1438,2838 1500,2840 1561,2842 1623,2843 1684,2844 1746,2845 1807,2846 1869,2847 1930,2847 1992,2848 2053,2848 2115,2849 2176,2849 2238,2850 2299,2850 2361,2850 2422,2851 2484,2851"/>
                <TextEquiv>
                    <Unicode>Durch den so elend und so früh gestorbenen Dichter Lautensack</Unicode>
                </TextEquiv>
            </TextLine>
            <TextLine id="r2l34" custom="readingOrder {index:33;}">
                <Coords points="1144,2894 2489,2927 2434,2865 1144,2865"/>
                <Baseline points="1153,2892 1219,2893 1285,2895 1352,2896 1418,2897 1484,2899 1551,2900 1617,2901 1683,2902 1750,2903 1816,2904 1882,2905 1949,2906 2015,2907 2081,2907 2148,2908 2214,2909 2280,2911 2347,2912 2413,2913 2480,2914"/>
                <TextEquiv>
                    <Unicode>erfahre ich nun, daß die Eingeborenen unter einander gar nicht so</Unicode>
                </TextEquiv>
            </TextLine>
            <TextLine id="r2l35" custom="readingOrder {index:34;}">
                <Coords points="1150,2951 2415,2994 2489,2978 2490,2937 1150,2907"/>
                <Baseline points="1158,2952 1224,2954 1290,2956 1356,2957 1422,2958 1488,2959 1554,2960 1620,2961 1686,2961 1752,2962 1819,2963 1885,2963 1951,2964 2017,2965 2083,2965 2149,2966 2215,2967 2281,2968 2347,2969 2413,2970 2480,2972"/>
                <TextEquiv>
                    <Unicode>schlimm sind. Sie halten fest und treu zusammen, besonders wenn</Unicode>
                </TextEquiv>
            </TextLine>
            <TextLine id="r2l36" custom="readingOrder {index:35;}">
                <Coords points="1140,3027 2448,3030 2342,2982 1141,2973"/>
                <Baseline points="1149,3015 1213,3014 1278,3014 1342,3014 1407,3014 1471,3015 1536,3016 1600,3017 1665,3018 1729,3019 1794,3021 1859,3022 1923,3024 1988,3025 2052,3026 2117,3028 2181,3029 2246,3029 2310,3030 2375,3030 2440,3030"/>
                <TextEquiv>
                    <Unicode>es in einem Wildererprozeß — Auge um Auge, Kugel um Kugel, —</Unicode>
                </TextEquiv>
            </TextLine>
            <TextLine id="r2l37" custom="readingOrder {index:36;}">
                <Coords points="1151,3075 2278,3111 2485,3064 1152,3042"/>
                <Baseline points="1159,3075 1224,3075 1290,3074 1356,3074 1422,3074 1488,3075 1554,3076 1619,3077 1685,3078 1751,3079 1817,3081 1883,3082 1949,3084 2015,3085 2080,3086 2146,3088 2212,3089 2278,3090 2344,3091 2410,3092 2476,3093"/>
                <TextEquiv>
                    <Unicode>etwas zu schwören gibt, und die Honoratioren des Marktfleckens teilen</Unicode>
                </TextEquiv>
            </TextLine>
            <TextLine id="r2l38" custom="readingOrder {index:37;}">
                <Coords points="1152,3139 2482,3142 2420,3099 1153,3082"/>
                <Baseline points="1161,3132 1226,3132 1292,3132 1357,3133 1423,3134 1489,3135 1554,3136 1620,3138 1686,3139 1751,3141 1817,3142 1883,3144 1948,3145 2014,3146 2080,3147 2145,3148 2211,3148 2277,3148 2342,3147 2408,3146 2474,3145"/>
                <TextEquiv>
                    <Unicode>sich auch vorurteilslos in die allseitig gefällige Innocentia, die übri¬</Unicode>
                </TextEquiv>
            </TextLine>
            <TextLine id="r2l39" custom="readingOrder {index:38;}">
                <Coords points="1145,3210 2493,3212 2435,3165 2187,3150 1145,3165"/>
                <Baseline points="1154,3190 1220,3191 1287,3193 1353,3194 1420,3196 1486,3197 1553,3199 1619,3200 1686,3201 1752,3202 1819,3204 1885,3205 1952,3205 2018,3206 2085,3207 2151,3207 2218,3207 2284,3207 2351,3207 2417,3207 2484,3206"/>
                <TextEquiv>
                    <Unicode>zens aus Berlin sein könnte, wenn es auf Frau Bassermann allein</Unicode>
                </TextEquiv>
            </TextLine>
            <TextLine id="r2l40" custom="readingOrder {index:39;}">
                <Coords points="1145,3270 2489,3273 2441,3221 1146,3211"/>
                <Baseline points="1154,3243 1220,3247 1286,3250 1352,3253 1419,3256 1485,3258 1551,3260 1618,3261 1684,3263 1750,3264 1817,3265 1883,3265 1949,3266 2015,3267 2082,3267 2148,3267 2214,3267 2281,3267 2347,3267 2413,3267 2480,3267"/>
                <TextEquiv>
                    <Unicode>ankäme. Nur der neue blöde Gendarm will nicht teilen, der wenn</Unicode>
                </TextEquiv>
            </TextLine>
            <TextLine id="r2l41" custom="readingOrder {index:40;}">
                <Coords points="1142,3311 1161,3307 1183,3315 1191,3324 1208,3313 1234,3329 1245,3321 1260,3325 1267,3319 1270,3323 1282,3320 1285,3271 1273,3272 1267,3267 1253,3278 1243,3277 1233,3269 1203,3264 1190,3256 1166,3268 1145,3265"/>
                <Baseline points="1152,3297 1182,3298 1213,3300 1243,3302 1274,3305"/>
                <TextEquiv>
                    <Unicode>270</Unicode>
                </TextEquiv>
            </TextLine>
            <TextEquiv>
                <Unicode>box 28/5
dadurch klar, daß er nach dem Reigen nun gar noch „Kiki“ gibt.
Herr Sladek hätte den abgespielten Reigen, den nur der Prozeß wieder
spielbar machte, jetzt nicht aufnehmen sollen. Aber in diesem Augen¬
blick tat ihm der Staatsanwalt durchaus unrecht. Das Stück „Kiki“
wie es im Buche stehen mag, ist ein Schund, aber ich werde nie ohne
Freude daran denken, weil ich zugleich an Käthe Dorsch denken muß.
Sie hat Schund zur Kunst gemacht.
Und somit komme ich auf das Lustspielhaus, von dem ich vor
kurzem sagte, daß es durch Herrn Heinz Saltenburg literarisch einge¬
weiht worden sei. Worauf der frühere Herr, Doktor Martin Zickel,
wieder sagte, daß er erstens nicht anders angefangen habe und daß
zweitens Literarisch ein scheußliches Wort sei. Ist es auch; Herr
Zickel hat ganz recht, und wenn ich das Wort brauche, so bedeutet es
nur einen ironischen Vorschuß, der außerdem wieder eingefordert wer¬
den kann. Herr Saltenburg hat Schmidt=Bonn, dann Gerhart Haupt¬
mann gegeben und gibt nun Heinrich Lautensack. Das ist sehr schön,
so viel durften wir garnicht von ihm verlangen, aber er muß nun
auch anfangen, gutes Theater zu machen. Und dazu genügt nicht die
Anwerbung von drei Prominenten, wenn ich so galant bin, auch
Frau Else Bassermann zu den Prominentinnen zu rechnen.
In seinem Frühwerk „Hahnenkampf“ verbreitet Lauten¬
sack Zuständliches aus Niederbayern, besonders aus der Passauer
Gegend, zu deren Erforschung ich kein Konversationslexikon brauche.
Ich habe da einmal in hellblauen Hosen ein Manöver und fünf
Wochen tiefstes Mittelalter mitgemacht, so tief, daß man in zäher Er¬
innerung an die alten Landsknechte noch nicht einmal die modernen
Soldaten leiden konnte. Von der Kanzel predigten die Priester gegen
die Verführungskunst in hellblauen Hosen, die jungen Cooperatoren
gründeten Jungfrauenbünde, und die jungen Burschen stachen nach
uns mit Messern, wo irgend sich nächtliches Liebesgeflüster vernehmen
ließ.
Durch den so elend und so früh gestorbenen Dichter Lautensack
erfahre ich nun, daß die Eingeborenen unter einander gar nicht so
schlimm sind. Sie halten fest und treu zusammen, besonders wenn
es in einem Wildererprozeß — Auge um Auge, Kugel um Kugel, —
etwas zu schwören gibt, und die Honoratioren des Marktfleckens teilen
sich auch vorurteilslos in die allseitig gefällige Innocentia, die übri¬
zens aus Berlin sein könnte, wenn es auf Frau Bassermann allein
ankäme. Nur der neue blöde Gendarm will nicht teilen, der wenn
270</Unicode>
            </TextEquiv>
        </TextRegion>
    </Page>
</PcGts>
