3392 4256
271 81 1235 194 24. Das veite Land
1400 97 1851 190 box 29/3
2113 72 2864 139 wieder zu  rruren- ermmme
2103 130 3167 192 und Handeln der Menschen bestimmen. Aber Schnitzler
2105 186 3175 254 schwenkt doch die Weite dieser Welt seiner Veranlagung
2113 231 3168 294 und seinen dichterischen Instinkten nach unbewußt ledig¬
2103 278 3160 341 lich auf das groiische Gebiet ein. Ich sage un¬
2108 329 3170 380 bewußt, denn ich las irgendwo eine Außerung von
2109 380 3168 417 ihm wiedergegeben, daß er es keichlich satt habe, sich
2108 419 3168 494 immer den Dichter des „süßen Mädels“ nennen zu
2104 479 3165 541 hören, und daß doch einige Zweifel daran erlaubt seien,
2108 537 3166 587 ob das Erotische sein stärkstes und gar sein einziges
2113 577 3169 627 Thema sei. Er hat allerbings später den „Schleier
2112 623 3170 675 der Beatriee“, „Den jungen Medardus“ geschrieben, aber
2109 680 3175 739 sein junger Ruhm ist doch zunächst auf den „Anatol“ und
2100 726 3165 796 die „Liebelei“ begründet. Und auch das „weite Land“.
2106 779 3168 830 das er auf die Bretter bringt, ist doch im Grunde
2110 827 3181 886 nur ein großer Liebesnen als ob die weite Gottes¬
2109 875 3168 919 welt keinen anderen Zweck hätte. Alles liebt und
2101 928 3173 991 flirtet, auf dem Tennisplatz des Kurgartens, ver¬
2099 975 3158 1040 stohlene Küsse tauscht man in der schweigenden Berg¬
2097 1027 3169 1074 welt der Dolomiten, man begeht Ehebrüche wie in der
2099 1072 3170 1122 Villa zu Baden, so auch im Hotel am Karersee, man
2108 1123 3165 1177 ertappt sich bei galanten Abenteuern und schießt sich
2109 1169 3174 1242 aus Eifersucht und gekränkter Gattenliebe im Duell
2111 1230 3167 1282 tot — überall klingt der Refrain aus Anatol „Mein
2101 1267 3180 1348 Lebenslauf ist Lieb und Lust“ durch und es scheint,
2107 1325 3174 1378 als ob es im Leben der Frau keine Stunden gebe,
2106 1377 3168 1446 die anders, als durch Liebe und Flikt ausgefüllt wer¬
2106 1431 3162 1489 den können. Aber, weil der Dichter das Land der
2106 1456 3175 1533 Liebe als ein weites, unabsehbares und an Widersprüchen
2109 1530 3168 1591 mit Süße und Bitterkeit gefülltes ansteht, so war es
2111 1576 3162 1641 ihm möglich; so manches, was mit den Empfindungen
2106 1630 3176 1696 der Alltagswelt und mit philiströsen Anschauungen
2104 1680 3173 1739 psychologisch unvereinbat erscheint, bei seinen handelnden
2097 1736 3177 1806 Personen glaubwürdig zu machen und zu rechtfertigen.
2100 1774 3162 1841 So wenn der Glühstrumpffabrikant und Posenmann
2095 1834 3175 1906 Hofreiter, eine Art Anatol mit ergräuten Haaren, dem
2103 1878 3178 1941 die Frauen und Mädchen zufliegen und der zugleich
2102 1929 3168 1993 ein trefflicher Tennisspieler und güter Pistolenschütze
2111 1961 3180 2041 ist, seiner Fräu Geniä fust einen Vorwurf baraus macht,
2105 2032 3177 2097 daß sie dem Planisten Korsakow, der sich aus un¬
2107 2069 3163 2140 glücklicher Liebe zu ihr erschössen hat, kein Gehör ge¬
2115 2125 3178 2196 schenkt häbe, und doch dann, als diese später einen
2111 2181 3161 2256 jungen Märinefähnrich in ihr Schlafzimmer ninimt,
2098 2229 3168 2300 diesen im Buell erschießt, und bann pisßlich am Schluffe
2055 2270 3128 2381 des Stückes sich für die Liebe zu alt erklärt. Die
2060 2331 3117 2410 junge Erna, seine neueste Eroberung im Karer=Hotel,
2062 2380 3112 2463 die sein Leben mit ihm teilen will, zurückweist und
2073 2435 3120 2535 plötzlich seine Liebe zu dem Kinde Perey, das er jahre¬
2070 2480 3104 2583 lang außer dem Hause erziehen ließ, entdeckt, und
2058 2531 3108 2629 niemanden mehr auf der Welt angehören will. So
2052 2584 3094 2678 diese Erna selbst, die lieber Hofreiters Maitresse werden
2055 2628 3100 2727 will, als der stillen Werbung des wackeren Dr. Meyer
2049 2681 3091 2781 Gehör zu schenken, dann das ganz unvermittelt auf¬
2038 2735 3083 2822 tauchende und überraschende Verhältnis der stillen,
2044 2779 3090 2876 sinnigen Genia, die ihrem Gatten trotz seiner Seiten¬
2038 2825 3097 2927 sprünge bisher so rpel die Treue gehalten hat. All
2018 2870 3085 2992 das findet im Sinne des Dichters im weiten, un¬
2030 2932 3088 3028 ermeßlichen Lande der menschlichen Liebesempfindungen
2017 2956 3082 3076 Erklärung und Bescheinigung. Was die Hanblung an¬
2027 3012 3078 3136 belangt, so ist sie etwas schwerfällig und abgestückelt;
2023 3070 3074 3179 es ist dem Dichter nicht gelungen, die Menge der
2008 3102 3057 3225 sich nebeneinander abwickelnden Nebenhandlungen nach
2015 3186 3072 3278 einem Hauptziele hin strammer zusammenzufassen. Der
2010 3218 3065 3329 Dialog dagegen ist gut und nähert sich ohne Rätsel
2004 3281 3066 3384 und dunkten Nebensinnen der glatten und ebenen Diktion
1993 3307 3056 3433 der französischen Konversationsstücke und ist, wie immer
1990 3377 3062 3483 bei Schnitzler, reich an geistreichen und treffenden Wen¬
1987 3410 3054 3539 dungen. Die Aufführung war eine treffliche. Herr
2000 3466 3051 3581 Brückner, der auch die nicht leichte Spielleitung
1994 3515 3045 3619 besorgte, bot eine ausgezeichnete und elegante Dar¬
1990 3571 3041 3676 stellung des vislumworbenen Lebemannes, Frau Ko¬
1988 3627 3045 3730 vacs als Erna war namentlich in der Liebesszene
1984 3675 3041 3784 des dritten Aktes mit Hofreiter von packender Wirkung
1973 3723 3041 3833 und die ruhige Sinnlichkeit der Gattin Genia fand
1969 3781 3034 3875 bei Fr. Imle den besten Ausbruck, um nur die
1977 3820 3027 3930 Hauptrollen zu nennen, ohne der guten Mitwirkung
1971 3874 3037 3971 der übrigen Darsteller und Darstellerinnen noch be¬
1967 3917 2398 3992 sonders zu gedenken.
2863 3963 3052 4024 Gn. 11
2288 4045 2338 4126 WAR
2736 4054 3123 4141 B
