3392 4320
741 85 838 145 We
1125 79 1169 156 1
321 72 1286 195 24. Das ite Land
1440 103 1890 188 box 2977
1013 780 1231 857 Seite 4
1805 819 2059 892 Samstag
952 859 2426 994 man nicht bloß einen Abend lang applaudiert, sondern dessen vornherei
957 918 1955 1003 Gestalten man noch nachher in Erinnerung behält.“
2224 968 2442 1032 Erklärung
1081 971 2207 1070 An jedem Abend ist Herr Le Bargy im Burgtheater. Das
2220 1015 2430 1075 halb de
955 1014 2217 1102 Haus fasziniert ihn durch seine Pracht. Er sah „Das weite Land“
2221 1053 2432 1125 sowie jen
952 1070 2427 1178 von Schnitzler und war über die These, die die Tragikomödie einem b
946 1117 2413 1224 in ihrem scheinbar absichtslosen Szenengefüge entwickelt, entzückt. Medium
951 1150 2216 1263 Obgleich er kein Wort Deutsch versteht, findet er sich in der
2220 1207 2423 1282 sein konn
954 1219 2207 1314 winkeligen Psychologie des Fabrikanten Hofreuther zurecht, und
2318 1259 2419 1314 Ein
948 1259 2423 1368 das schreibt er dem eindrucksvollen Spiele Korffs zu. Herr Korff ebenso i
953 1306 2416 1413 interessiert ihn, fesselt ihn immer aufs neue. Herr Le Bagy be= Médium¬
942 1350 2203 1454 sucht ihn in seiner Garderobe, um ihm die vielen Komplimente
2207 1398 2410 1461 Dieser un
937 1405 2193 1506 die er während der Akte geflüstert hat, zu wiederholen. Er trifft
2219 1447 2410 1511 zwar die
946 1447 2405 1547 einen Weltmann, der in perfektem Französisch von seinen Jagden jektiv un
936 1514 2207 1601 und Reisen berichtet und wünscht, den Kollegen noch am nächsten
2201 1545 2401 1609 Fälle g
938 1551 2194 1650 Tage zu sehen. Die Namen Korffs und Treßlers bleiben ihm im
941 1593 1177 1657 Gedächtnis.
2201 1596 2406 1660 unzureich
2195 1642 2411 1706 jedes end
1054 1635 2397 1743 Was Herrn Le Bargy an unserem Burgtheater noch inter= Ein verse
924 1695 2372 1801 essiert, ist die Stellung der „lebenslänglichen" Mitglieder. Er bekannt
924 1740 2379 1841 läßt sich dies genau explizieren und findet, daß die Schauspieler mittags
937 1796 2198 1890 der Burg, die keine Republik ist wie die Comédie-Frangaise, in
2198 1837 2379 1896 aus der
930 1845 2196 1939 ihren menschlichen und künstlerischen Rechten weniger beschränkt
2205 1883 2392 1948 hinaufzu
933 1886 2190 1986 sind als die französischen Sozietäre, die an der Verwaltung des
2206 1934 2369 1997 Herr G
928 1943 2194 2030 Theaters Anteil haben. Er selbst, der jetzt die Comidie verläßt,
2235 1981 2374 2044 - ung
918 1970 2377 2095 dürfte nach seinem Vertrage auf keiner Pariser Bühne mehr auf= punkt 1
929 2034 2375 2151 treten, und da er es natürlich will, hat er so wie Sarah versamm
924 2081 2382 2187 Bernhardt und Coquelin, einen Prozeß zu bestehen. Herr Le die Glo
920 2125 2195 2220 Bargy hat in Wien versucht, mit einem Fachmann unseres
2195 2173 2372 2241 und tra¬
919 2182 2370 2296 Theaterrechtes seinen Fall zu besprechen, um das Beispiel der in Ben
919 2227 2357 2324 Wiener Burg den engherzigen Bestimmungen der Pariser Comédie sechsma
919 2277 2359 2383 entgegenzuhalten. Aber leider war dies nicht möglich. Herr genau :
914 2313 2357 2431 Le Bargy wird seinen Prozeß ausfechten müssen, ohne daß er Zimmer
910 2364 1887 2453 aus Wien einige treffsichere Argumente mitnimmt.
2168 2416 2347 2495 unmitte
1031 2429 2179 2519 In zwei Monaten kommt er wieder zu uns, aber dann mit
2176 2455 2308 2525 ihres
915 2459 2343 2576 seiner Truppe, und da er gewissenhaft ist, wird er seine Zeit heftiger
908 2515 2347 2630 wieder ganz den Proben widmen müssen, die er trotz allen Vor- Fräulei¬
912 2563 2350 2649 studien in jeder großen Stadt abhält. Er will bei uns den Cyrano besitzen,
906 2606 2178 2730 spielen, den man hier nur von Coquelin den Aelteren dargestellt
2170 2656 2346 2726 dankenü
895 2666 2165 2767 gesehen hat, dann „Après moi“, das Stück von Henry Bernstein,
2174 2704 2345 2771 für gan
907 2714 2355 2818 das vor dem Ansturm der royalistischen Camelots nach zwei Auf¬essantere
899 2748 2347 2866 führungen die Comédie verlassen mußte. Daneben das bewährte hängend
899 2798 2337 2905 Repertoire, in dem Herr Le Bargy seines Erfolges sicher ist. Zu- Ebenso
899 2869 2352 2959 nächst den „Marquis de Pinola“ den er besonders liebt und der durch d
888 2900 2324 3011 ihm dazu dient, sozusagen den Ton des ganzen Gastspiels zu Köchin
888 2957 2328 3062 stimmen. Ob der feinere erste Akt einschlägt oder die tragischen, könnte,
892 2987 2379 3113 heftigen Akzente des zweiten mehr wirken, danach erkennt Herr Glockengu,
887 3043 2376 3167 Le Bargy die Art des Publikums, das er vor sich hat, und vergeßlich
890 3092 2400 3191 danach richtet er sich als der empfindende Schauspieler, der anspiritistischer
879 3149 2402 3266 jedem Abend die Rolle neu erlebt. In Wien fand er, daß das philosophisch
880 3193 2386 3304 gefüllte Haus so sensibel, wie nur in Paris, jeder feinsten Forderunge
886 3233 2370 3344 psychologischen Wendung, jeder Anspielung und Andeutung hier der ?
888 3287 1037 3353 folgte.
2131 3317 2375 3415 der Verste
982 3341 2344 3431 Soviel mindestens, wie von seiner eigenen Kunst, spricht dürfte, w¬
868 3379 2348 3478 Herr Le Bargy von allen anderen Künsten. Er ist ein Sammler,oder wei
873 3432 2338 3550 dessen scharfes Auge die Antiquitätenhändler in Wien sogleich Uebrigen
871 3482 2125 3586 erkannten. Er ist mehr und mit sehenderen Augen gereist als
2141 3530 2331 3600 stimmten
873 3524 2136 3644 viele Franzosen. Und er hat fortgesetzt viele Artigkeiten für Wien,
873 3571 2123 3690 für deren Wahrhaftigkeit sein jetziger Aufenthalt Zeugnis gibt.
2132 3604 2307 3683 tistischer
1940 3663 2089 3741 P. C.
2086 3670 2299 3734 die alle
2118 3709 2302 3784 herrühr
2119 3762 2303 3828 Fortdar
964 3736 2038 3866 Teben die Toten weiter?
2116 3807 2300 3877 der Me
1428 3864 1567 3932 Von
2123 3861 2292 3925 andere
2121 3910 2291 3973 „Neuen
1076 3887 1891 4003 Hofrat Professor Max Seiling.
2117 3962 2324 4024 ihnen sei
1374 3973 1621 4043 (München.)
2117 4006 2309 4074 Broschü
961 4014 2105 4105 Es lassen sich trotz allen naturwissenschaftlichen „Ergebnissen“ eine
2113 4054 2291 4111 sonders“
854 4049 2101 4146 ganze Menge Gründe anführen, die für ein Weiterleben des geistig¬
2120 4100 2286 4150 Medim
2870 4043 3025 4126 —
