3344 4352
672 136 778 205 We
1359 137 1841 239 box 2975
245 132 1213 246 24. DasteLand
877 426 1536 520 Dr. Max Goldschmidt
881 501 1523 576 Büro für Zeitungsausschnitte
694 527 1006 599 BERLIN N 4
1248 543 1695 610 Telefon: Norden 3051
1047 594 1375 677 Ausehmit eus:
840 660 1582 738 8 Uhr Abendblatt, Berlin
1109 770 1544 884 4 Dez 1021
742 888 2862 1069 „Das weite Land“ im Lessing=Theater.
1088 1100 1227 1205 Seen
2216 1203 2267 1264 —
2222 1253 2335 1324 30
629 1300 689 1378 —
1542 1296 1759 1404 S078
2607 1326 2754 1416 *
1689 1365 1782 1442 5
1092 1386 1255 1459 2
1988 1316 2392 1542 3
1568 1535 1763 1601 — „
1892 1517 2225 1661 —
881 1705 2681 1781 Arnold Korff, Olga Limburg, Adele Sandrock, Ferdinand Vonn und Irene Triesch.
1843 1802 3025 1875 Der Zuschauer verspürt nicht das mindeste Verlangen, hinter die
548 1790 1768 1927 Schnitziers Tragikomödie: „Das weite Land“.
1811 1865 3020 1928 Konstruktion und das Geheimnis so verzwickter Vorgänge zu dringen.
1111 1911 1219 1969 Bon
1848 1911 3028 1965 Die tragische Geste steht Schnitzler nicht. Er sprüht und funkelt,
965 1942 1373 2024 Felix Hollaendar.
1815 1952 3036 2007 so lange er den Komödienton wahrt und Liebeln und Flirten mit
1813 2005 3038 2063 Ironie betrachtet. Darum sind sein Anatol und sein Reigen Meister¬
599 2008 1795 2077 Nun haben die Brüder Rotter mit Schnitzlers Tragi¬
1812 2049 3036 2111 werke, und seine Tragödien schon im Keime vom Tode gezeichnet.
553 2057 1791 2119 komödie endlich das Lessing=Theater eröffnen dürfen. Sie konnten
1852 2098 3034 2150 Die Hauptfiguren spielen Irene Triesch und Arnold
568 2106 1785 2161 einem schon ein bißchen leid tun. Der Weg war ihnen mit Dornen
1809 2142 3023 2199 Korff, mit einer Virtuosität, die bereits etwas Mechanisiertes hat.
560 2152 1785 2202 gepflastert worden Besonders hilfreich hatten die engeren Kol¬
558 2183 1712 2257 legen sich ihrer angenommen. Nichts geht über die Solidarität!
1850 2177 3035 2255 Den Tonfall eines Dialogs treffen sie mit unfehlbarem Instinkt.
606 2230 1794 2306 Wir wollen die künstlerischen und geschäftlichen Fragen hübsch
1810 2246 3035 2313 Wie sie ein Satzgebilde auflösen — mitten im Satze stocken, dazu
555 2268 1656 2349 voneinander trennen — uns lediglich an die Leistung halten.
1816 2284 2569 2349 gehört ein nicht alltägliches Raffinement.
1857 2320 3024 2383 Aber während Herr Korff, dem es an jeder Wärme und Inner¬
605 2312 1796 2383 Mit einem Aufgebot erster Darsteller erreichte der Spielleiter,
1799 2370 3019 2427 lichkeit gebricht, im Pathos und Affekt seine Dürftigkeit enthüllt.
549 2371 1795 2435 Herr Kanehl, eine Aufführung, die aus dem Rahmen der Tradi¬
1805 2414 3021 2462 vermag Frau Triesch den Jamier des Herzens bis zum seelischen
566 2417 1796 2468 tion nicht herausfiel. Ein besonderes Kunststück war es in diesem
1808 2463 3022 2512 Erlebnis zu steigern. Sie hat die Züge einer mater dolorosa,
553 2463 1799 2520 Falle nicht. Denn das innere und äußere Bild der Komödie ist
1805 2505 3019 2560 und in der Stimme den wehen Klang, der aus einem zerrissenen
551 2499 1797 2576 fixiert — ihr seelischer Inhalt ausgeschöpft — sofern von einem
1808 2548 3030 2600 Menschen tönt. Darüber vergißt man, daß sie eigentlich das Fach
564 2555 1281 2617 solchen überhaupt die Rede sein kann.
1806 2591 3031 2664 wechseln, das Reich der Mütter suchen sollte. Jetzt ist Frau Alving
596 2590 1782 2648 Vor fünfzehn Jahren hat Schnitzler sein Werk geschrieben. Unter¬
1799 2635 2090 2686 an der Reihe.
549 2613 1789 2712 sucht man es heute auf Herz und Nieren, so erschrickt man vor dem
557 2682 746 2739 Befund.
1849 2672 3021 2732 Klar, kühl, blond, äußerst beherrscht steht innerhalb der Ko¬
603 2715 1725 2779 Ohne dieses Oesterreichers literarische Sendung herabsetzen
1811 2712 3020 2771 mödie die jungen Ellen Tietz. Wie weit es bei ihr reicht, ist aus
1805 2769 3025 2832 ihrer Rolle nicht ersichtlich. Sie hat Haltung, und ein Hauch des
547 2749 1783 2819 seine Grazie und sein Formgefühl schmälern zu wollen — ich vermag
550 2804 1781 2861 mich eines Lächelns nicht zu erwehren, wenn er seelische Abgründe,
1812 2808 2406 2882 Persönlichen geht von ihr aus.
554 2849 1601 2923 menschliche Irrungen und Wirrungen aufzudecken versucht.
1851 2858 3021 2921 Ferdinand Bonns schauspielerische Intelligenz und
610 2869 1783 2945 Er hat den Sitz des Herzens in den Uterus verlegt. Er wird
1801 2887 3020 2950 Ueberlegenheit, seinen Takt und seine Diskretion spürt man in der
562 2936 1779 2995 feierlich, tiessinnig, wenn er die Konsequenzen nächtlicher Freuden
1809 2945 3028 2997 kleinsten Rolle. Und Herrn Falkensteins unwiderstehliche
549 2985 701 3061 zieht.
1815 2976 3021 3043 vis comica macht sich noch geltend, sobald er mit aufgestülpter
606 2993 1773 3083 Die Seele ist ein weites Land, sagt zur Erklärung des Titels
1800 3025 3025 3099 Nase in den leeren Raum starrt, oder mit tiefem Ernst ein
1803 3064 2279 3125 Zeitungsblatt überfliegt.
561 3059 1786 3129 einer seiner Ehebruchshelden. Bei Schnitzler wird sie zu einem
565 3105 1774 3183 ach so engen Bezirk, der durchmessen ist, kaum, nachdem man ihn
1843 3117 1958 3176 In
1958 3101 3020 3180 kleineren Aufgaben wirken die Herren Georg
559 3159 828 3216 betreten hat.
1805 3148 3021 3212 Alexander, Heinrich Schroth und Josef Klein durch
602 3192 1780 3271 Alles dreht sich bei ihm um sexuelle Erregungen, um ein Liebeln
2875 3207 3023 3260 Frau
1805 3204 2886 3249 die Selbstverständlichkeit ihres Konversationstons.
1802 3243 3016 3298 Schneider=Nissen ist von belustigender Schwatzhaftigkeit,
566 3235 911 3306 ohne Leidenschaft.
598 3262 1773 3328 Eine gähnende Leere tut sich auf. Gefühle und Gefühlchen werden
1798 3291 3017 3349 und Frau Limburg zeichnet eine Dame, für die eheliche
552 3325 1779 3396 zerredet und zermanscht. Ueber innere Armut soll ein geistreicher
1795 3329 3019 3386 Treue ein lächerlicher Begriff ist, mit sicherer Routine. Um
561 3373 1632 3443 Dialog, sollen feingeschliffene Epigramme hinwegtäuschen.
1795 3373 3017 3449 Nkemanden zu vergessen, seien noch die Herren Westerholdt,
1809 3414 2429 3479 Labatt und Hardt erwähnt.
603 3403 1770 3490 Es steömt aus dem Hirn — nicht aus dem Herzen. Deshalb
555 3452 1390 3534 die Füllsel, deshalb die vielen toten Stellen.
1850 3455 3025 3525 Das Außerordentliche des Abends — sein Kostbares und Ueber¬
610 3481 1779 3558 Oesterreichische Melancholie mit einem Unterton Ibsenscher
1804 3512 3013 3567 ragendes gibt Adele Sandrock. Die Entwicklung dieser Frau
550 3539 1775 3597 Grundstimmung verhilft dieses Dichters Geschöpfen zu einem kurz¬
1789 3558 3021 3617 gehört zu den Wundern der Schauspielkunst. Wenn ihre Stimme
560 3587 1784 3642 fristigen Dasein. Peinlich, seinen tragischen Gestalten nach kaum
1797 3593 3025 3654 plötzlich bricht — und sie die letzten Worte eines Satzes nicht mehr
561 3638 1780 3700 einem halben Menschenalter den Totenschein ausstellen zu müssen.
1795 3635 3020 3695 auszusprechen vermag —, wenn ihre Züge Würde und Schmerz¬
608 3675 1785 3740 Aber was geht mich schließlich der Uebermensch aus der Westen¬
1800 3680 3030 3735 haftigkeit in letzter Noblesse und Wahrhaftigkeit widerspiegeln, ist
562 3700 1478 3776 tasche an, den er zum Helden seines Spiels macht
1805 3716 3017 3778 der Zuschauer aufgerührt und erschüttert. Herr Kanehl, der
1805 3766 3022 3829 eine saubere Aufführung zuwege gebracht hat, beherrscht, noch nicht
610 3732 1774 3818 Dieser Unhold und Schürzenjäger ist das eine Mal tief verstimmt
560 3811 1780 3856 über die alberne Treue seiner Gattin, die ihren Anbeter in den
1802 3797 3016 3854 die Klaviatur des Beleuchtungsapparats. Vor himbeerroten Sonnen¬
571 3849 1775 3898 Selbstmord treibt. Das zweite Mal erbost er sich über ihre Treu¬
1794 3838 3013 3922 untergängen, diesem Kitsch von vorvorgestern, wird er dringend
1790 3884 2005 3951 gewarnt.
561 3885 1791 3951 losigkeit, obwohl er sie selbst dringend um einen kleinen Fehltritt er¬
1850 3910 3030 4004 Das Publikum quittierte mit wohltemperiertem Beifall.
560 3941 1662 4013 sucht hat. Er schießt den armen, kleinen Fähnrich mausetot.
