3344 4352
286 129 1242 246 24. Das weite. Land
1397 132 1848 228 box 29/2
2033 70 3043 157 vinzbuhnen nneder einmal dem
2030 147 3052 235 Ueber das Stück selbst haben die „Freien Sti,
2024 240 3049 314 men“ bereits in der Mittwochsummer eine ein¬
2012 307 3042 364 gehende feuilletonistische Besprechung gebracht, so
2009 357 3038 402 daß wir uns diesbezüglich heute turz fassen kön¬
2008 406 3056 457 nen. „Ein wettes Land“ ist nicht nur die Seele
2010 443 3047 509 der Schnitzlerschen Konstruitionsmenschen,
2033 497 3083 563 Indern auch die literarische Persönlichkeit des¬
2040 553 3050 603 dichters selbst. Von der schlichten, lehensvolien
2037 596 3043 643 nd eben darum so tief ins Herz greifenden „Lie¬
2031 641 3047 702 elei“ bis zur Tragikomödie (nomen est omen!)
2036 692 3048 755 Das weite Land — welch ein weiter Sprung
2039 743 3046 795 ach rückwärts! Dort Gestalten von Fleisch und
2039 791 3038 854 zlut, die ein wirkliches Leben leben, hier psycho¬
2033 837 3051 901 gische Kunstgebilde, die dem Dichter nur als
2047 886 3046 933 demonstrationsobjekte, als moderne Problem¬
2036 939 3042 994 guren dienen. Prächtige Einzelheiten, ein glanz¬
2028 984 3051 1054 oller Dialog, in dem viele ernste und tluge Worte
2038 1036 3047 1097 eprägt werden, können darüber nicht hinweg¬
2026 1083 3052 1141 äuschen. Aus dem Dichterischen, das allein den
2034 1134 3043 1201 Vert eines Dramas bestimmt, ist Schnitzler all¬
2025 1184 3053 1233 nisehr ins Psychologische geraten, aber auch seine
2048 1236 3055 1291 ssychologie trägt diesmal die Marke des Aus¬
2038 1274 2981 1341 etlügeltseins. „Exakt wie die Mathematik“.
2047 1328 3054 1386 hrieb darüber ein bekannter Berliner Kritiker
2231 1380 3048 1440 iese Psychologie, die mit unbekannten
2034 1400 3059 1493 Frößenbeitet; allzu exakt, als daß sie für
2022 1476 3055 1529 Leben gelten könnte, das immer unlogisch ist.
2019 1523 3058 1580 Exsonnen aus Lebensweisheit, nicht erlebt, ist das
2023 1582 3058 1639 Schauspiel, ob es auch in einzelnen Teilen von
2012 1630 3043 1696 Leben strotzt. Schnitzlers grüblerischer Hang war
2024 1675 3036 1740 stärker als sein Herzschlag, die Eingebung schwä¬
2010 1729 3040 1789 cher als die kunstvolle Auflösung. Deduktiv ist
2015 1775 3063 1828 die Technik dieses Dramas, das die Gesellschaft
2013 1826 3050 1875 des Wiener Westens in überaus zahlreichen Ty¬
2017 1878 3042 1930 pen vorführt: Luxusweibchen, Hahnreie, Halb¬
2726 1924 3055 1987 Sporttrotteln,
2014 1920 2688 1977 jungfrauen, Modeschriftsteller,
2015 1973 3038 2017 Lebekünstler und wie die Bazillenträger der De¬
2014 2018 3053 2064 kadenz alle heißen. Sie sind interessant nicht um
2008 2067 3054 2119 ihrer selbst willen, doch dank dem melancholischen
2007 2121 3049 2185 Sarkasmus ihres Dichters. In der Genauigkeit
2019 2172 3044 2226 der psychologischen Präparate erinnert Schnitz¬
2015 2219 3045 2269 ler an Ibsen. Nur die Menschen Ibsens und
2018 2270 3022 2323 ihre Probleme sind von anderer Wichtigkeit...
2058 2316 3038 2378 Die Aufführung des trotz aller Schwächen dich¬
2013 2362 3038 2442 terischen Spieles mit Menschen und Geschehnis¬
2011 2416 3045 2472 sen war sorgsam vorbereitet und gewährte denn
2015 2467 3043 2531 auch einen hohen künstlerischen Genuß. Einzelne
2015 2515 3046 2578 Darsteller und Darstellerinnen nahmen sich der
2015 2566 3048 2621 von innen heraus verkünstelten Gestalten liebe¬
2013 2615 3048 2661 und verständnisvollst an, so daß sie ihnen bei¬
2009 2664 3054 2715 nahe reales Leben einhauchten. So vor allem
2015 2713 3052 2764 Herr Schramm (Hofreiter), der den liebens¬
2002 2759 3048 2825 würdigen Lebemann und rücksichtslosen Herren¬
2012 2816 3046 2872 menschen (eine Rolle, die bekanntlich noch für
2014 2871 3055 2930 Kainz bestimmt war) prächtig charakterisierte und
2016 2909 3039 2968 individualisierte und dessen ganz und gar un¬
2007 2960 3048 3017 dramatische Gedanken=Inkonsequenz nach Mög¬
2926 3010 3047 3061 Die
2012 3007 2889 3071 lichkeit glaubhaft zu machen suchte.
2007 3052 3031 3114 „unverstandene Frau, die ins Gleiten kommt“.
2011 3101 3039 3164 wurde durch Frl. Wolff (Genia), welches in
2011 3161 3051 3222 erfreulichster Weise auch technisch ihre schönen Aus¬
2012 3206 3047 3275 drucksmittel immer mehr und mehr in die Ge¬
2008 3255 3048 3316 walt bekommt, sehr gut repräsentiert, ja in ein¬
2008 3304 3046 3369 zelnen schwierigen Szenen zeigte diese jugendliche
2006 3356 3052 3407 Darstellerin eine Tiefe des Empfindens und eine
2013 3403 3048 3468 Sicherheit des Ausdruckes, die selbst hochgespannte
2010 3449 3049 3501 Erwartungen befriedigten. Außerdem boten noch
2011 3500 3035 3550 Herr Baumgarth (Dr. Mauer), der aller¬
2008 3549 3047 3614 dings ab und zu noch immer schwer verständlich
2010 3601 3046 3666 wird, Herr Noché (Dr. von Aigner) und Frau
2009 3647 3040 3701 Korn (Meinhold=Aigner) besonders gediegene
2003 3697 3043 3746 Leistungen. Daß Frl. Brion (Erna) sich auch
2007 3748 3040 3804 in heikle, aber wenig dankbare Aufgaben
2007 3795 3042 3837 routiniert hineinfinden kann, war vorauszusehen.
2008 3847 3047 3906 Schließlich wären fast alle übrigen Mitwirken¬
2010 3886 3039 3952 den des rollenreichen Stückes mit Lob zu nennen,
2010 3928 3072 4020 wie überhaupt die gestrige Aufführung die besten
1998 3991 2603 4067 Einbrücke hinterlassen hat.
