3344 4224
625 191 698 242 W
929 180 1154 252 Land
201 167 1172 278 24. Das. e
1321 189 1785 285 box 29/6
932 845 1034 912 36
1500 867 1928 943 Dr. Carl Furtmüller,
938 977 2472 1058 gezwungen hat, dem Freunde wider seinen Willen weh zu tun, sondern
936 1021 2474 1119 dass der Angriff auf den Freund seiner Eroberungslust positive Kräfte
944 1052 1251 1123 geliehen hat.
1052 1112 2466 1207 Es mag unnatürlich erscheinen, dass wir bis jetzt auf Hofreiters
936 1146 2474 1253 Verhältnis zu seiner Frau nicht eingegangen sind. Aber da er sich hier
928 1205 2482 1291 am widerspruchvollsten zeigt und uns hier die meisten Rätsel aufgibt,
930 1264 2481 1356 so war es besser, uns erst von anderswoher darüber klar zu werden,
934 1321 2475 1397 was für eine Art Mensch er ist und welche Antriebe ihn leiten. Jetzt wird
925 1357 2479 1457 es uns nicht schwer werden, uns auch im Kernpunkt das Dramas zurecht
925 1402 1172 1470 zu finden.
1047 1468 2472 1561 Seinen Worten nach hat Hofreiter das Verhältnis zu seiner Frau
926 1517 2470 1594 auf vollständige gegenseitige Freiheit aufgebaut: keines soll dem andern
924 1559 2454 1652 Rechenschaft schulden. Freilich unter der stillschweigenden Voraus¬
913 1617 2467 1696 aussetzung, dass sie von diesem Rechte keinen Gebrauch machen werde.
919 1658 2470 1758 So ist er Herr seiner Handlungen und sie bleibt gebunden und hat nicht
913 1720 2453 1790 einmal das Recht, ihm Vorwürfe zu machen. Aber nicht nur in diesem
906 1754 2457 1855 Punkte sind Licht und Schatten ungleich verleilt; auch über die Erziehung
913 1806 2452 1882 des Sohnes entscheidet er allein und selbst in den kleinsten Details des
914 1854 2454 1951 täglicher. Lebens verträgt er keinen Widerspruch und sie ist gewohnt,
908 1899 2444 1992 sich schweigend zu fügen (S. 44). Dass die Gleichgültigkeit gegen die
910 1943 2446 2039 Treue seiner Frau bei ihm nur Maske ist, weiss Genia sehr genau. Sie
917 2001 2451 2096 spricht von einer Zeit, wo sie „das Rücksichtsloseste vor hatte, was eine
909 2033 2449 2144 Frau einem Mann und besonders einem eiteln antun kann. (S. 24).
910 2100 2451 2191 Und auch wir werden uns durch seine scheinbar ruhigen und beruhigenden
911 2134 2432 2218 Worte: („Aber ich versichere Dich, Genia — halt das nicht für Hinter¬
897 2197 2450 2287 list — ich würde es vollkommen begreifen. Du hättest ja schliesslich
897 2236 2438 2328 nur Recht gehabt — ob’s nun Alexéj war oder ..“ S. 37) nicht täuschen
894 2287 2437 2380 lassen, wenn wir beachten, was vorher und nachher steht. Nicht nur,
898 2354 2447 2434 dass sein Hass gegen seinen Freund Korsakow immer wieder durch¬
888 2386 2410 2452 bricht: („Er ist ja tot und begraben, — der Herr Alexéj Korsakow.
892 2435 2415 2527 IS. 36j. „Etwas ausführlich schreibt er, der Herr Alexéj lwänowitsch...
902 2488 2435 2569 IS. 41]), wir sehen, wie aufmerksam er die beiden beobachtet, ja be¬
894 2544 2433 2635 lauert hat: „War er denn am Sonntag da? Ja, richtig, ihr seid in der
897 2581 2429 2678 Allee hinten auf und ab gegangen miteinander ...“ (S. 46). Und als er
893 2631 2437 2725 die Todesnachricht nach Hause brachte, da ruhten wieder seine lauernden
890 2679 2437 2772 Augen auf der Frau mit der Frage: Weiss sie darum? Es ist uns jetzt auch
889 2722 2431 2831 klar, warum Korsakows Tod einen so auffallend starken Eindruck auf
892 2782 2422 2869 ihn gemacht hat; glaubt er doch jetzt zu wissen, dass zwischen seiner
888 2822 2424 2919 Frau und dem jungen Russen etwas Entscheidendes vorgefallen ist. Und
877 2883 2419 2971 wie sehr die Unsicherheit, was vorgefallen sei, ihn quält, das fühlen wir
875 2922 2420 3037 aus seiner mühsam verhaltenen, aus der Pose der Gleichgültigkeit immer
889 2960 1831 3055 wieder hervorbrechenden Aufregung heraus.
990 3030 2410 3125 Jetzt scheinen sich allerdings die Schwierigkeiten vermehrt, statt
873 3081 2418 3175 vermindert zu haben. Von dem Hofreiter, der im ersten Akt erklärt, er
883 3127 2419 3223 würde die Untreue seiner Frau begreiflich finden und ruhig hinnehmen,
869 3180 2413 3255 könnten wir es verstehen, wenn er im zweiten Akt sagt, sie sei ihm geradezu
879 3227 2413 3318 unheimlich geworden dadurch, dass ihr „Nein“ einen Menschen in den
875 3262 2412 3362 Tod getrieben habe. Wie aber jetzt, wo wir gesehen haben, dass die
868 3323 2420 3411 Untreue seiner Frau ihm unerträglich wäre, weil er überhaupt nicht ver¬
865 3363 2424 3469 tragen kann, dass sich jemand seiner Macht entzicht oder dass ihm ein
1692 3831 1791 3936 100
1894 3839 1992 3939 10
1864 3928 2010 4036 1
1795 4052 1910 4095 e.
2924 981 3258 1073 anderer etwas
2931 1057 3261 1133 Wendung Geni
2917 1105 3262 1173 gewahrt. Von 7
2919 1148 3259 1223 führung des im
2916 1203 3259 1270 Sieg; er ist aus
2913 1253 3263 1327 Frau unbeding
2912 1299 3256 1368 Triumphes, das
2913 1355 3264 1416 Frau treu, obw
2920 1402 3256 1461 doch war in
2913 1440 3258 1516 war ja „leiden
3137 1494 3256 1552 — ni
2907 1494 3142 1556 geblieben
2919 1543 3257 1611 konnte. Er räc
3050 1601 3259 1676 Wir hab
2913 1655 3257 1719 mit dem Vorau
2917 1702 3259 1776 halt dadurch e
2919 1753 3252 1823 unheimlich, so
2918 1796 3245 1866 Rache; sie ist
2913 1849 3250 1917 das sie gebrach
2905 1897 3240 1965 scheint darauf
2902 1945 3242 2012 muss; es gibt
2911 1995 3237 2060 zwischen sich
2903 2044 3246 2115 Zuversicht auf
2900 2094 3231 2156 entziehen will,
2898 2139 3246 2206 ihm seine Frat
2898 2181 3230 2252 ist, was man f
2897 2232 3241 2304 solcher Sicherh
2898 2287 3242 2354 eines seiner Lic
2907 2337 3225 2397 wo eine Frau
2899 2381 3241 2467 bringen, die F
2896 2418 3223 2502 Verhalten zur
2910 2480 3227 2545 Wesen schon g
2891 2527 3227 2590 keit dem Boder
2895 2570 3239 2653 bekanntem Ter
2902 2623 3228 2690 die ungeheure
2891 2669 3240 2734 Wir lernen hie
2890 2716 3237 2788 Er flüchtet sic
2899 2769 3229 2835 Frau empfindet
2903 2820 3225 2878 warum er bei
2895 2867 3233 2936 machen trachte
2886 2908 3225 2979 Ansprüche erhe
2883 2960 3228 3031 schaft der Frau
2888 3008 3224 3080 einer Erklärung
3136 3116 3209 3170 er
3153 3161 3226 3218 ise
3167 3209 3228 3276 #0
