3296 4320
1319 94 1800 185 box 29/1
625 102 691 170 W
217 107 1179 195 24. Das deiteLand
1580 617 2989 700 Memn midmiete
440 620 1300 714 e shmer n
1729 684 2998 739 als die nach immer neuem Spielzeug girrende Sinnlichkeit. Wäre
428 692 1707 759 jeder Philister zu Tage fördern kann: Das Leben ist eines der
1720 726 3003 781 das wirklich heute Inbegriff des Lebens geworden, wäre der
428 736 1708 798 schwersten. Der Tod ist kein Kinderspiel. Das Weib ist ein Rät¬
1719 769 2995 813 Mann wirklich so verweibst, daß ihm alles andre allenfalls zur
435 780 1162 849 sel. Die Seele ist ein weites Land.
1733 816 3005 865 Ausfüllung der Pausen zwischen zwei Liebschaften gut genug er¬
505 804 1698 880 Aber schließlich kommt es bei seiner Dichtung nicht so sehr
1730 843 3002 902 schiene, dann laßt uns die Flaggen auf Halbmast setzen und die
423 847 1699 919 auf das Grundmotiv an, als auf das, was der Dichter aus ihm
1727 890 3009 945 Hoffnung auf Höher=Entwicklung der Menschlichkeit begraben.
422 892 1705 952 heraus zu holen gewußt hat. Und aus dem platten Gedanken,
1730 921 3002 975 Dann hat uns der Weg, auf dem wir den ragenden Gipfeln und
435 935 1715 990 daß die Seele ein weites Land ist, ließe sich großes, vielfältiges
1721 964 3011 1016 den leuchtenden Sternen näher zu kommen glaubten, in einem
437 951 1720 1033 herausholen. Aus ihm heraus ließe sich ein allumfassendes dra¬
174 965 410 1048 Inwieweit
1732 994 3011 1062 Sumpf gebracht, aus dem kein Weg hinaus und aufwärts führt.
439 1005 1701 1069 matisches Bild der modernen Welt geben. Zeigen, was alles in
284 1030 412 1086 twie¬
1829 1051 3008 1095 Ist das die Meinung Schnitzlers? Doch wohl nicht ganz.
439 1055 1711 1112 der Seele eines führenden Mannes unserer Zeit beieinander
1734 1060 3002 1132 Sonst hätte er in sein Stück nicht den braven, gesund empfinden¬
427 1086 1713 1145 wohnt, bei einander wohnen muß: Politik, soziale Frage In¬
1728 1111 3004 1173 den Arzt gestellt. Der sagt einem jungen, sensationsdürstigen
438 1127 1713 1192 dustrie, Technik, Naturwissenschaft, Philosophie, Religion, Sport,
1734 1171 3002 1222 Mädchen: Das Leben besteht noch aus allerlei anderm, als aus
430 1170 1710 1231 Freundschaft, Feindschaft, Haß, Liebe; zeigen, wie das und anderes
1732 1194 3004 1252 Abenteuern einer gewissen Art. Ich versichere Sie, es gibt eine
428 1213 1714 1275 durcheinander, gegeneinander und miteinander in einem Hirn lebt und
1727 1246 3009 1311 kräftigere, reinere Atmosphäre und ich traue mir zu, Sie auch
425 1246 1715 1305 wirkt; darauf eine dramatische Handlung aufbauen: ein großer
1731 1283 2622 1357 dort ein frisches und freies Atmen zu lehren.
437 1289 1706 1344 Gedanke, des Schweißes der Edlen wert. Der Dichter, der ihn
1809 1320 2998 1378 Aber Doktor Mauer ist der einzige Mensch im Stück, der
438 1322 1707 1386 auszuführen verstünde, schüfe einen Helden, der sich getrost neben
1735 1355 2999 1416 diesen Standpunkt vertritt, und das junge Mädchen folgt nicht
434 1375 1124 1440 den ersten Napoleon stellen dürfte.
1740 1412 3016 1473 ihm, sondern wirft sich Hofreiter in die Arme und läßt sich von
503 1398 1703 1488 Im ersten Akt des neuen Stücks will es einmal so scheinen,
302 1391 398 1490 den
1737 1448 2611 1516 ihm hineinwirbeln in tollen Sinnenrausch.
1188 1457 1706 1503 so etwas wie einen Na¬
429 1445 1195 1509 als ob der Dichter darauf ausginge,
322 1484 399 1536 uing
1811 1465 3008 1546 So scheint Schnitzler= Meinung trübe genug und sein Stück
441 1494 1720 1548 poleon, wenn auch nur einen Napoleon im Bürgerstand, vor uns
302 1527 406 1581 sich
1736 1525 3011 1583 eine Warnung zu sein, ein Spiegelbild, das er — nicht der
440 1527 1716 1586 heraufzuführen. Da wird uns der Held, noch ehe er selbst auf¬
302 1566 406 1627 lich,
2050 1559 3016 1626 wohl aber zunächst seinen Landsleuten, den
1724 1560 2070 1632 Menschheit —
440 1571 1705 1627 tritt, von einem jungen Mädchen folgendermaßen geschildert:
1737 1606 3005 1660 Wienern, und dann allen Großstädtern, vorhält: Seht euch und
437 1598 1724 1666 Früher dacht ich nämlich, daß Korsakow einfach sein Klavier¬
321 1619 406 1678 och
1735 1644 3014 1703 ändert euch! Ein Unsittendrama, aus sittlicher Tendenz entstan¬
449 1649 1706 1710 spieler gewesen ist. So wie der Doktor Mauer sein guter Freund
1741 1690 3005 1744 den, wie ihrerzeit die Dramen von Augier und Dumas, ein Stück,
477 1689 1713 1748 st, Herr Natter sein Bankier, ich seine Tennis=Partnerin, der
290 1685 420 1764 wie
1285 1714 1720 1783 Er nimmt sich von
1734 1733 3017 1794 das, wie sie, nur in einer Großstadt entstehen konnte und das dem
444 1730 1310 1786 Oberleutnant Stanzides sein Sekundant.
263 1743 417 1812 ie die
449 1772 1710 1833 jedem, was ihm gerade konveniert, und um das, was sonst in dem
1728 1760 3010 1829 Kleinstädter, dem Landbewohner gar nichts sagt, weil dieser von
1735 1815 3014 1869 Verhältnissen, die das Stück als allgemein betrachtet, keine
445 1804 1333 1872 Menschen stecken mag, kümmert er sich kaum.
286 1815 416 1896 Es ist
514 1847 1721 1904 Aber es bleibt hier bei einem Ansatz, vielleicht auch bei einem
1735 1842 3017 1904 Ahnung hat. Wir sehen auch an diesem Beispiel, wie die Groß¬
291 1872 421 1936 aber
436 1893 1726 1950 nur versehentlich stehen gelassenen Rest eines größeren gedachten
1734 1889 3010 1949 stadt den Dichter von seinem Volke löst, ihn dazu bringt, statt
284 1918 415 1994 aruso
436 1926 1715 1980 Plans. Schnitzler bescheidet sich bald dabei, statt ein allumfassen¬
1748 1928 3016 1993 für die Gesamtheit seiner Nation, für den geringen Bruchteil zu
445 1953 1717 2023 des Bild zu geben, sich im engen Rahmen des wieder und wieder
1737 1983 3016 2027 dichten der in der Großstadt lebt und in ihrer wilden Hetzjagd,
443 2016 1715 2067 behandelten Geures der Liebelei zu halten. Und er sorgt dafür,
273 2003 417 2072 1 Im¬
1743 2013 3018 2068 ihrem Durcheinander von Arbeit und Genuß neurotisch geworden
445 2052 1714 2107 daß auch wir uns dabei bescheiden und nicht mehr von ihm er¬
1753 2047 3025 2115 ist. Denn Neurotiker sind so ziemlich alle Gestalten in diesem
222 2055 415 2117 kraft und
443 2098 1715 2147 warten. Im zweiten Akt läßt er seinen Helden mit einer ver¬
1739 2089 3029 2166 neuesten Werk des Dichters, Neurotiter aus ungebändigter oder
239 2093 420 2167 Selbst¬
437 2122 1717 2183 flossenen Geliebten sich unterhalten. Die sagt: Es gibt doch noch
1734 2137 2335 2203 aus unterdrückter Sexualität.
281 2136 429 2220 Kraft
162 2152 226 2220 leich
441 2162 1728 2222 was andres auf der Welt als — uns. Und Hofreiter antwortet
1804 2157 3019 2227 Neurotiker ist vor allem der Held, der Fabrikant Friedrich
443 2210 1718 2265 darauf: Ja, — die Pausen zwischen der einen und der andern.
1741 2225 3009 2276 Hofrichter, für den die Arbeit in seinem Beruf nur Ausfüllen der
264 2217 428 2294 cheidt
436 2223 1719 2308 Die sind ja auch nicht uninteressant. Wenn man Zeit hat und
1748 2255 3020 2323 Pausen zwischen der endlosen Kette von Liebschaften ist, mit
319 2279 428 2336 rend
442 2281 1718 2347 in der Laune ist, baut man Fabriken, erobert Länder, schreibt
1748 2295 3009 2356 denen er seiner Frau Genia die Treue bricht. Grade steht er
320 2321 420 2393 fein¬
448 2326 1730 2391 Sinfonien, wird Millionär ... aber glaub mir, das ist doch
1745 2315 3028 2396 wieder in einer solchen Pause: er hat seine Beziehungen zu der
1557 2365 1720 2434 — ihr
448 2367 1577 2433 alles nur Nebensache. Die Hauptsache — seid ihr!
1750 2369 3018 2445 Frau seines Bankiers Natter gelöst. Da erschießt sich ein jun¬
506 2417 647 2479 ihr!
1745 2413 3024 2483 ger Künstler aus dem Hofreiterschen Bekanntenkreis, der Pianist
514 2435 1718 2501 Das weite Land bekommt für uns ein ganz andres Gesicht,
1738 2457 3025 2520 Korsakow. Niemand weiß warum. Hofreiter mutmaßt, daß
448 2480 1720 2550 wenn wir das hören. Und kein erfreulicheres. Es sollte doch so
1735 2503 3014 2563 Genia Korsakows Geliebte gewesen sei, und dieser sich das Leben
442 2516 1733 2591 vieles in ihm zugleich Raum haben. Nun wird all das viele
1737 2540 3013 2603 genommen habe, weil Genia das Verhältnis abbrach. Er befragt
223 2559 442 2629 Schnitz¬
441 2566 1727 2634 bloß auf die Pausen beschränkt mit Ausnahme der Liebe. Und
1747 2588 2962 2647 sie deshalb. Sie, die ihren Treuschwur nie verletzt hat. i
440 2598 1719 2663 diese Liebe ist nicht die eine, große, alles in sich begreifende Liebe.
174 2608 434 2679 Im dritten
110 2619 181 2666 ele.
1739 2600 3022 2685 empört über seinen Cynismus und gibt ihm einen Brief Kor¬
452 2649 1731 2707 Die kennt keine Pausen, die weiß nichts von einem Uebergang
101 2639 440 2711 ücks, dem Fa¬
1742 2652 3021 2724 sakows, aus dem er sieht, daß dieser starb, weil Genia seine
453 2673 1729 2745 von der einen zur andern und von der andern zur dritten. Die
108 2694 442 2748 aufgefallen sein,
1750 2695 3026 2762 Werbungen zurückwies und in Liebe an ihrem Manne hing. Er
445 2721 1735 2782 hat nur eine Göttin und dient ihr lebenslang. Die Liebe, von
139 2728 441 2802 Grunde sind?
1742 2727 3025 2807 ist davon zuerst befremdet, dann peinlich und immer peinlicher
439 2767 1725 2825 der Hofreiter spricht, ist nichts andres als überreizte Sinnlichkeit,
176 2779 438 2830 Liebe und
1745 2768 3028 2849 berührt. Es ist ihm unangenehm, daß seine Frau so rein und
438 2805 1728 2864 die von Begierde zu Genuß taumelt und im Genuß nach Be¬
108 2807 444 2883 ng für die eine
1749 2826 3022 2888 schuldlos neben ihm durchs Leben geht, während sie doch weiß,
448 2837 1735 2915 gierde verschmachtet. Ist nicht die große, heilige Flamme die
104 2850 435 2914 nehreren. Wir
1743 2865 3022 2928 wie oft er sie betrügt. Er hat das Gefühl, als wenn sie diese
461 2888 1733 2946 auf einem Altar still und mächtig zum Himmel steigt, ist böses
141 2890 441 2957 es geht. aber
1750 2898 3018 2963 Affäre mit Korsakow gegen ihn innerlich ausspielte, als wenn
454 2915 1737 2983 Flackerfeuer, das, über Land laufend, ein Feld nach dem andern
149 2936 441 2995 Das Natür¬
1749 2932 3025 3007 sie stolz darauf wäre, durch ihre Tugend einen Menschen in den
453 2950 1729 3028 kahl frißt und, überall schnell verschwindend, nichts zurück läßt
127 2966 440 3044 Hofreiter, die
1751 2985 3030 3048 Tod getrieben zu haben. Sie wird ihm unheimlich, er kommt sich
449 3013 917 3087 als Oede und Asche.
2583 3017 3033 3096 das sagt er ihr ins
1748 3033 2604 3088 ihr gegenüber klein vor. Und deshalb —
531 3028 1731 3100 Armes Land, das von diesem Flackerfener zur Wüstenei ge¬
100 3041 435 3117 itzler da aus¬
124 3060 3034 3178 Philosophie, die I macht wird. Arme Seelen, deren Weite nichts andres umspannt. 1 Gesicht — will er einige Zeit von ihr fortgehen, ins Gebirge
2469 3159 3069 3316 d-dte
146 3178 1155 3353 Ceruckansent
1237 3144 2074 3359 1%e. U. Aresse
