3392 4256
280 57 1239 192 24. Das veite Land
1381 77 1856 179 box 29/3
528 1196 890 1303 „
620 1276 1106 1416 19 Msl 19.0
644 1408 1427 1498 Ma Türtinar Zaftane
1953 1459 2022 1540 —
3005 1479 3064 1547 □
2711 1441 3006 1576 gsn
644 1505 1116 1616 Feuilleton.
1351 1523 3327 1634 oder eine halbe? Ist der Brirf ein absoluter bei Aeußerlichkeiten beginnen, wie sich der Gesell¬
1364 1548 3337 1677 Beweis für ihre Tugend? War doch mehr als schaftsmensch gibt; man glaubt z. B. diesem Hof¬ b
1364 1606 3287 1726 Flirt im Spiel? Warum zeigt sie dem Gatten den reiter die Meisterschaft im Tennisspiel, er ist, so¬
724 1616 1024 1716 Theatek.
1354 1651 2320 1745 Brief, da ihr doch sein Verdacht gleichgültig sein
2317 1682 3292 1759 bald er im Tennisanzug dasteht, auch innerlich
390 1688 1356 1781 Pfauentheater: „Das wecte Land“ von
1349 1683 2325 1785 könnte, wenn sie ihn nicht liebt. Was soll der
2319 1723 3290 1804 anders angezogen, sportlich in der Seele. Be¬
523 1734 1227 1818 Arthur Schnitler (17Wai).
1359 1737 2327 1830 Mann denken, für den ein Akt der Untreue viel
2315 1767 3287 1862 herrscht, wenn die Säulen der Gesellschaft um
1350 1787 2319 1873 faßlicher als dieser Tugendbeweis ist, der ihn
453 1778 1348 1877 # u die Sekeist ein weites Land: Gleichviel,
2311 1809 3290 1895 ihn sind, nervös gereizt, wenn er mit seiner Frau
1359 1827 2309 1909 seiner Frau noch mehr entfremdet, um so mehr, als
373 1817 1359 1914 ob dies Wort von einem Dichter oder einem Hotel¬
2312 1856 3293 1935 allein ist, rücksichtslos in jener bösartigsten Form,
1357 1867 2315 1964 er den Tod eines Menschen kostete. So sehr ist alles
379 1860 1354 1961 dipektor stammt, es wird wahr in Schnitzlers hier
2310 1901 3287 1994 die sich des verbindlichsten Tones der Welt be¬
1343 1912 2311 2001 ins Fragliche gehoben, daß der Dichter allen Fra¬
373 1911 1345 2004 „on guten Aufführungen her bekannten Tragi¬
2302 1941 3289 2022 dient, weltmännischer Beherrscher aller Situatio¬
1343 1958 2307 2053 gern erwidern müßte: Weiß ich, was zwischen
379 1961 1351 2052 komödie. Der Dichter räsonniert etwa folgender¬
2301 1984 3305 2067 nen, kann er ruhig, die Zigarre im Mundwinkel, p
1351 1999 2316 2084 Genia und Korsakow geschah? Ja, sie liebt ihren
380 2002 1351 2086 maßen: Sehen Sie sich diese Ehe des Fabrikanten
2294 2019 3284 2100 über die gefährlichsten Dinge reden, ohne mit
363 2044 1346 2132 Hofreiter mit seiner schönen Frau Genia an! Die
1344 2041 2304 2130 Mann, ihre Untreue, ihre Liebe zu dem Fähnrich
2302 2072 3285 2161 einem Worte zu straucheln. So ist erstaunlich,
1347 2083 2308 2170 ist Protest, und wenn der Fabrikant zwischendurch
379 2096 1347 2176 Ehe ist unglücklich zur Evidenz! Die Frau weiß,
2302 2113 3278 2206 wie Herr Korff als Hofreiter zu jeder Person
369 2119 1342 2220 wohin der Mann seine Liebe abressiert, und er
1343 2130 3273 2207 glaubt, Erna zu lieben, so ist diese Liebe selbst sich einstellt. Man beachte, wie er mit dem Hotel¬
1345 2158 2302 2261 wieder ein Irrtum, denn wenn er die eigene Frau
362 2174 1337 2260 leugnet nicht einmal; und der Mann hört aus
2286 2202 3263 2287 portier noch eine Nuance mundartlicher spricht,
1334 2211 2303 2300 nicht geliebt hätte, würde er den Fähnrich nicht
366 2215 1345 2303 dem Munde seiner Frau wiederum, daß Alexei
2283 2239 3288 2328 wie er in der großen Auseinandersetzung mit
1340 2260 2297 2352 zum todernsten Duell gefordert haben! Schnitzlers!
370 2256 1338 2351 Korsakow, der sich das Leben nahm, leider nicht
2294 2288 3277 2384 seiner Frau jene nervöse Ueberreizung nicht mehr
1342 2298 2292 2392 Stück braucht zweiundzwanzig (dennoch oft mit
363 2301 1338 2380 ihr Geliebter war. Und um ganz klar zu sehen,
2293 2325 3276 2423 verbergen kann, längst bevor er selber sagt, er
1324 2344 2295 2433 wenig Worten belebte) Personen und andere
360 2354 1336 2436 präsentiert sie dem Gatten einen Abschiedsbrief
2294 2376 3266 2476 sei nervös; oder wie er ohne Pathos den Fähn¬
1324 2385 2296 2476 Dinge, sogar den Gong, um die seelische Aus¬
360 2387 1335 2475 Korsakows, aus dem hervorgeht, daß sie ihren
2276 2410 2550 2482 rich forderi.
1332 2431 2299 2525 sprache der beiden bald zu verhindern, bald zu
359 2430 1337 2502 Mann nicht verlassen wollte, obwohl sie ihn nicht
2340 2462 3269 2562 Diese innere Ueberlegenheit Hofreiters kurz
1318 2464 2289 2569 prolongieren. Des Gefühles wird man nicht ledig,
358 2473 1337 2543 liebt. Und doch mit einemmal ist die seelische Ver¬
2285 2499 3256 2584 vor seinem Zusammenbruch gibt starke dramatische
1324 2502 2278 2604 daß ohne Tennisspiel und ohne den Redeschaum
360 2516 1326 2610 wirrung geschaffen: Kein Mensch kennt sich im
2279 2544 3254 2636 Alzente, bewunderungswürdig bleibt, wie das
1317 2554 2285 2657 in der Hotelhalle dieser prädestinierte Dreiakter
353 2557 1331 2646 andern Menschen aus, weil kein Mensch in dem
2272 2592 3266 2691 Spiel Korffs nie den Eindruck des Mosaikartigen
1318 2598 2218 2676 nicht zum Fünfakter hätte auschwellen müssen.
341 2596 1327 2676 weiten Land seiner Seele — in den Möglichkeiten
2273 2635 3249 2716 erweckt, sondern ebenso charakteristisch in den im¬
1369 2643 2283 2732 Herr Arnold Korfs, der am Burgtheater
345 2642 1319 2739 und Dispositionen der Seele — sich auskennt. Auf
2276 2677 3252 2779 pulsiven Uebergängen der Affekte ist wie in der
1316 2674 2288 2780 nicht nur die Rolle des Fabrikanten Hofreiter
343 2676 1315 2777 die Frage, warum Genia nicht Korsakows Geliebte
2279 2723 3069 2797 an Zwischeniönen reichen Konversation.
1317 2732 2285 2803 inne hat, sondern kreiert hat, ist ein Schnitzler¬
342 2729 1318 2832 wurde, den sie doch liebte (vielleicht nicht genug),
2317 2779 3261 2856 Neben Herrn Korff hat Frau Laßmann,
346 2772 1318 2860 antwortete sie dem Mann: „Ich hätte nicht können.
1306 2771 2274 2848 Darsteller, der die innigsten Wünsche des Dichters
2268 2806 3262 2901 die sich in letzter Stunde in das Studium der
351 2818 1333 2908 Weiß Gott, warum?“ Weil sie ihren Mann doch
1304 2817 2270 2905 befriedigt ohne seine Zuhörer und Zuschauer zu
2267 2858 3249 2950 Rolle der Genia stürzen mußte, die Interessen der
1305 2857 2281 2950 vernachlässigen. Man war erfreut, diesen Künstler
341 2846 1307 2946 liebt! Weiß sie es schon? Oder lügt sie ihn jetzt an,
2272 2896 3248 2993 unglücklichen Gattin mit feinem Takt und fester
1298 2898 2269 2998 kennen zu lernen, der in den Grenzen seines Be¬
2273 2945 3260 3036 Einfühlung wahrgenommen. Besonders ein¬
339 2907 3272 3045 oder betrügt sich selbst sagt sie die ganze Wahrheit reiches ein untadeliger Meister ist. Man könnte) drucksvoll gelang ihrem intelligenten Spiel die
