3344 4352
1332 95 1765 195 box 29/2
195 92 1167 204 24. Das weiteLand
576 864 1292 942 I. Saterr. bebdral. kenz. C#l.—
725 920 1596 1022 Wien, I., Concordiaplatz 4.
930 995 1367 1075 Verfretungen
571 1051 1694 1130 in Berlin, Budapest, Chicaga, Christlanla, Genf, Kopen¬
663 1105 1709 1170 en, Lendon, Madrid, Malland, Mieneapolls, New-Vork,
608 1139 1667 1207 Paria, Rom, San Franciaco, Stockholm, St. Petersburg.
922 1187 1373 1246 (Quelienangabe ehne Guwans).
565 1226 979 1308 Aoeechaltt aus:
970 1257 1835 1370 Generalanzeiger für Düsseldorf
811 1323 1073 1393 9 71. 1911
583 1338 758 1431 PeR:
1207 1350 1714 1457 Düsseldurf 94
1177 1373 1220 1431 #
868 1385 1171 1475 erenen enen
1827 1474 2781 1553 einer ganz prachtvollen Wiedergabe heraus und die Sin¬
2776 1491 2889 1564 Se
1051 1478 1638 1580 Kuns. und Wissenschaft.
1827 1524 2775 1591 fonie E-moll „Es muß doch Frühling werden“ offen¬
2789 1543 2872 1596 in
1824 1562 2778 1622 barte viel edle Schönheit des Klanges! — Prof. Ernst
2787 1581 2862 1626 un
890 1558 1822 1646 [Kölner Kunstbrief.] Köln, 7. Nov. Anschließend an
1824 1601 2778 1665 Wolff hielt eine sehr fein empfundene kurze Gedenkrede
2786 1616 2864 1672 wi
853 1600 1826 1683 Reinen letzten Theaterbrief sei von den verschiedenen
1834 1642 2777 1706 und der Abend schloß mit Beethovens „Achter“, nachdem
2779 1661 2866 1706 bei
896 1657 1823 1716 iszt =Gedenkfeiern die am 21. Oktoher zur Vorfeier
1824 1678 2772 1744 Magsalene Seebe=Dresden, die in der Hillerschen Hymne
2775 1697 2855 1739 be¬
843 1675 1822 1759 von des Meisters 100. Geburtstage veranstaltete des
1825 1717 2779 1786 das Solo mit wohllautendem hohen Sopran gesungen,
2774 1726 2864 1787 die
856 1729 1825 1805 [Opernhauses gemeldet, die in einer guten Neuein¬
1820 1756 2873 1823 einige Lier von Hugo Wolff zum Vortrag gebracht. — die
849 1771 1816 1843 studierung der „Legende von der hl. Elisabeth“ unter
1821 1797 2869 1869 Im Deutschen Theater — das mit zwei ent¬ An
854 1814 2650 1890 Kapellmeister Weißleders sorgsamer musikalischer Fühetzückenden Rokoko=Matineen aufwartete, in
2648 1842 2786 1905 denen
2775 1859 2864 1901 un
852 1851 1818 1920 rung bestand. Die Regie hatte schöne szenische Bilder ge¬
1815 1880 2766 1924 [Goethes Jugendlustspiel „Die Mitschuldigen“
2767 1892 2811 1941 8
844 1889 1823 1961 schaffen, nur vollzog sich das Rosenwunder selbst
1817 1913 2860 1965 (1768) literarhistorisch so hochinteressant, das seltene ab
850 1935 2856 2031 nicht sinnfällig genug, statt etwa elektrisch auf= Rampenlicht erblickte, gab es eine vortreffliche Erste ge¬
842 1977 1810 2041 glühender, vielleicht aus mattem Milchglas bestehender
1820 1994 2773 2061 aufführung von Ottomar Enkings Koggen¬
2780 2009 2854 2061 mi
836 2011 2769 2089 Blumen hatte man Elisabeth, die von Wanda Achsell stedter mit liebevollster Detailkunst gemaltem Idyll „Das
2782 2049 2854 2092 dei
833 2037 2852 2091 Khr vornehm poctisch gesungen und gespielt wurde, nur Kind“ über die Uraufführung von Dauthen=kal
837 2075 2776 2165 —mit einem bläßlichen Rosenstrauch ausgestattet.“ Amsdeys „Frau Raufenbarth“ telegraphierte ich
2764 2120 2865 2175 tat
841 2134 2769 2211 gleichen Tege fanden, nicht gerade angenehm, noch weni Ihnen bereits: es handelt sich um ein Theaterstück von
2772 2164 2863 2213 nie
832 2168 2769 2251 ger bequem für den Reserenten, zwei — gleich zwei! — sehr krassen „Efiekten“, der Lyriker Dauthendey
2769 2204 2856 2256 ga
838 2203 1431 2262 Schauspiel=Premieren
1480 2226 2859 2288 oh, wie großebehandelt seinen einfachen alltäglichen Stoff — eine rechem¬
842 2238 2856 2326 städtisch werden wir! — statt, die ich mir natürlich einefnende Mutter gegen die Liebesheirat ihres Kindes — doch in
840 2282 1810 2357 nach der anderen „im Wiedertolungsfalle“ ansahl im
1807 2303 2773 2366 als Dramatiker recht brutak=naiv, Fastnachtstrubel erfüllt
2784 2320 2839 2367 D
830 2311 1822 2394 Schauspielhaus: Arthur: S#zuitzlers neueste
1812 2337 2758 2402 das ganze Stück mit seinem rohen Lärm, die Liebenden
839 2342 1812 2426 Tragikomödie „Das weite Land“, über deren pein¬
1815 2379 2761 2436 gehen unter, er wird durch den von der kalt=berechnenden
2759 2390 2861 2447 bie
833 2381 1812 2469 lich ärgerlichen Inhalt Sie ja bereits aus Ihren Ber¬
1802 2418 2753 2477 Mutter protegierten Nebenbuhler einfach erschossen, sie
2766 2436 2851 2484 an
827 2435 1811 2499 liner un Münchener Berichten die Leser genau orien¬
1808 2454 2766 2525 wird am Schluß wahnsinnig! usw. Abgesehen von einigen
2766 2476 2846 2536 lic
826 2471 2775 2542 tiert haben.. Wenn man Schnitzters seine oft im Dialog so Feinheiten des Dialogs eine stellenweise doch sehr rohe —
2760 2509 2844 2561 bei
827 2509 1811 2578 geistreiche Kunst der Seelenanalyse schätzt — und wie
1804 2535 2765 2595 Kolportage=Roman=Tragik! Wie fein ist dagegen die
2755 2552 2862 2606 rei,
833 2561 1806 2618 sollte man nicht! — tur einem dies wirklich schwache
1799 2568 2877 2631 lebensechte, auch „grelle“ Tragik, die in „Rosenmontag“l hen
838 2591 1797 2653 romanhafte Stück weh. Die hiesige Aufführung war hohen
1797 2610 2868 2677 den Fasching in die Liebestragödie hineinspielen läßt! — ims
823 2621 1804 2700 Lobes wert, namentlich boten Heinr. Goetz als „schlanker
1796 2643 2750 2714 Dies muß ich leider sagen, obwohl ich des Autors
2767 2664 2854 2723 baf
827 2674 1798 2733 Egoist“ deshalb von den Frauen besonders begehrter —
1806 2691 2864 2764 ethische Ideen, seine „Liebes=Religion“ wirk= eh#
826 2691 1797 2778 Hofreiter, Margarete Frey in der schönen und dankbaren
1802 2723 2118 2788 lich hoch schätze! —
2241 2735 2747 2795 Dr. Rud. Regeniter.
822 2744 1656 2811 Rolle der Dulderin Genia, ausgezeichnetes.
1894 2749 2835 2825 [Berliner Musikbrief.] Berlin, 8. Nov. Die S.
821 2792 1799 2848 Opernhaus absolvierte Yvonne de Treville
1806 2786 2775 2872 Komische Oper hat nunmehr wieber eine neue
876 2826 2834 2892 die wir von den Festspielen her bereits vorteilhaft Direktion erhalten und ist nach einem kurzen Inter= be
814 2858 997 2916 kannten
985 2867 1804 2931 — ein zweimaliges Gastspiel und bereitete
1794 2891 2770 2939 regnum als Operettentheater wieder ernsthafte Opern¬
826 2908 1800 2966 als Violetta, Verdis Kamiliendame (Traviata), die sie
1792 2915 2816 2991 bühne geworden. Frau Aurelie Révy=Chapman ist die bi
815 2947 2821 3033 italienisch sang, durch die hohe Kunstiertigkeit ihrer Nachfolgerin Direktor Gregors, sie will das unter dem O
823 2984 1794 3040 schönen Stimme großen Genuß. Auch ihre — deutsch
1792 2998 2761 3065 jetzigen Wiener Hofoperndirektor zu hoher Blüte ge¬
816 3024 1797 3074 gesungene Mimi (Wohôme), die sie bereits 1908 im En¬
1790 3040 2757 3101 langte Institut in dessen Sinne weiterführen und haupt¬
2744 3060 2835 3121 W
815 3055 1807 3139 semble der Monnaie hier dargestellt, war eine fesselnde
1797 3077 2767 3149 sächlich solche Werke bringen, die hier bisher unbekannt
819 3113 1792 3160 Leistung, wenn mir auch die Künstlerin in Traviata
1799 3119 2755 3176 waren. Es lohnte sich schon, des begabten Itelieners
2754 3118 2828 3194 *
817 3130 1535 3200 stimmlich weit besser aufgelegt erschien!
1595 3145 1802 3198 Das erste
1791 3155 2757 3223 Giordans dreiaktiges Musikdrama „Sibirien“
812 3177 1793 3238 Cürzenich=Konzeri am 24. Oktober huldigte im
1792 3195 2750 3257 als Novität vorzuführen, denn es steckt in dem mit dem
2747 3209 2809 3257 Ii
819 3215 1795 3279 ersten Teil des Abends den Manen F. von Hillers
1790 3233 2751 3298 heißblütigen Temperament der jungitalienischen Schule
2748 3249 2832 3305 2
803 3253 1789 3302 durch eine Gedächtnisfeier seines 100. Geburts¬
1783 3276 2799 3337 geschriebenen Werk neben manchem winiger Gelungenen di
805 3296 1789 3357 toges, die uns Gelegenheit gab, des Meisters vornehme
1795 3315 2781 3377 eine Menge dramatischer Tonflut, packender Melodie!
815 3325 1782 3384 von echtester Tonschönheit stets durchwehte edle Ton¬
1787 3352 2821 3415 und schönklingender Orchesterbehandlung. Aber als ge
819 3366 2772 3456 sprache kennen zu lernen: Israels Slegesgesang (Hymne] Debüt für ein neues Opernensemble mag es doch eine
816 3404 2843 3521 op. 151) mit seinen herrlichen Chorwirkungen, kam in zu schwierige Aufgabe gewesen sein, die verfügbaren #
