3392 4352
726 147 802 208 W
1425 133 1810 228 box 28/
294 144 1271 249 24. DasteLand
459 1473 2165 1586 lich rechtzeitig die vom deutschen Interesse geootenen; längen —, denn zene Wugee
1598 1611 2705 1706 fernt) verfluchten Kerl; er dürfte nichts von einem
460 1585 1571 1720 Arthur Schnihlen Das weite Land“.
1606 1665 2696 1750 Hahn auf dem irdischen Hennenhof ... noch von
529 1675 1486 1783 Erstaufführung im Lessing=Theater.
1601 1717 2705 1794 einem Schwerenotsbold etwas haben, der immer kann
1603 1767 2689 1858 wie er will; der beim Duell wie ein Gott beschließt:
1306 1760 1433 1844 22
1601 1807 2702 1897 Tja, weil er jung und frech ausschaut, werd' ich ihn
475 1814 1570 1912 Oder der bestrafte Selbstling. ... In der Mitte steht
1601 1853 2695 1929 doch töten! und ihn auch wirklich dann trifft, bis er
536 1892 1570 1944 ein Glühlichtfabrikant. Jeder Mensch dient ihm
1579 1902 2690 2000 tot ist... Also das geht nicht. Ein Hauch zuviel.
464 1928 1557 2010 zu etwas. Und was ist er den Menschen? Sie fliegen
1588 1960 2694 2048 Taktangelegenheit. Ein großartiger Tennisspieler ist
452 1992 1555 2063 auf ihn. Er entzückt sie, — doch er hinterläßt sie,
1590 1998 2685 2085 er auch noch. In dieser Art. Eine Taktanggrgenheit.
443 2014 1559 2105 wenn er von ihnen bekam, was er gewollt hat, in
1636 2040 2688 2136 Aber ich muß umreißen, was vorgeht. Jemand
446 2065 793 2127 Schmerzen.
1584 2093 2687 2186 (nämlich dieser Fabrikant), der seine Frau stets be¬
491 2120 1548 2193 Der Mann ließe sich verteidigen. Er hat ihnen
1593 2151 2689 2222 trügt, macht ihr fast Vorwürfe, daß sie einen Pianisten
437 2152 1554 2237 doch, nämlich vorher, das größte Glück ihres Daseins
1586 2195 2690 2283 sich selbstmorden ließ, weil er sie nichterhört geliebt hat.
450 2203 1556 2295 gebracht. Hat er sie nicht einmal emporgetragen,
1633 2253 2683 2332 (Beiläufig: Zivilisierung der Menschennatur; ist sie
450 2266 1547 2352 wohin sie niemals gelangt wären ohne seine Gier?
1582 2296 2677 2377 beim Schnitzler schon sehr vorgerückt, wenn er in
449 2316 1540 2400 Ist seine Selbstgier nicht ihre Seligkeit geworden?
1576 2345 2671 2420 diesem Fünfakter einen Pistolenschuß am Beginn,
441 2348 1544 2450 Nun also. Verdanken sie ihm nicht ein wunderbares
1580 2394 2677 2476 einen Pistolenschuß am Ende zu brauchen scheint?
448 2401 1547 2497 Unterbrechen ihrer Bürgerlichkeit? ... Soll ihr Leben
1572 2447 2676 2535 ist es nicht ziviler zu machen? Würde der Fall nicht
436 2470 1542 2547 zu Ende sein, eines frühen Glockenschlags, ohne daß
1579 2502 2458 2571 an leichter Nebenkomik etwas loswerden?)
436 2493 1541 2589 der Südwirbel, ohne daß ein schmerzend=schönes
1608 2540 2678 2634 Wollte sagen: ein Mann verargt es seiner Frau
439 2559 1547 2646 Fliegen darinnen war und alle Wonnen des Blutens?
1573 2585 2669 2691 beinah, daß sie sich nicht gerächt hat; sobald sie es aber
481 2603 1542 2697 Und er? Soll ihm die Zeit seines Hierseins, dieser
1596 2635 2676 2726 getan hat, schießt er den hierfür Erkorenen, einen
426 2653 1536 2746 einmalige Fall, vergehn mit Darben, Selbstbelügen,
1589 2686 2111 2769 Marinefähnrich ... Nein.
435 2699 1534 2801 Ducken — und dem Trost erfüllter Vereinsvorschriften?
1622 2738 2668 2828 Er schießt ihn auch dann keineswegs und gewiß
471 2752 1239 2842 Der Mann ließe sich verteidigen....
1562 2760 2668 2879 nicht aus diesem Grunde tot. Er hat nicht das tiefe
932 2834 1048 2913 II.
1563 2836 2666 2904 Bedürfnis, den Mann zu morden, der seine Frau ver¬
1564 2892 2661 2973 boten umarmt hat. Es ist ihm wurst (in diesem Alter
456 2884 1525 2989 Doch er dürfte nicht etliche Züge wie von Spiel¬
1568 2926 2661 3029 ergrauenden Haares, nach vielen eigenen Erlebtheiten,
426 2943 1524 3041 hagen; er dürfte nichts von einem (wenn auch ent¬
1553 2979 2403 3078 und bei seinem zerpflückenden Verstande).
2770 1641 3372 1728 Grollt er dem Marinefähnrich
2731 1697 3365 1764 er will einen andren fordern,
2720 1746 3358 1812 über einen toten Musikus un
2723 1795 3363 1860 verbreitet hat. Als der ablehn
2729 1832 3368 1925 darum, bestimmt er den Seesol
2718 1887 3345 1960 Zweckmäßigkeit. Er . .. wie
2719 1933 2962 2002 Fall?
2965 1939 3351 2006 er spielt mit den
2714 1994 3361 2060 Leben, mit ihrem Tode, dieser
2718 2031 3062 2108 sich nicht helfen.
2758 2070 3358 2157 Oder: Der bestrafte Selbstling
3198 2142 3327 2206 III.
2755 2182 3361 2254 Ein andrer, ein geschiedene
2708 2232 3368 2314 in Tirol, hat die ganze Gegend
2717 2288 3361 2367 Er kennt seinen amtlichen Sohn
2704 2333 3358 2408 wird er trotzdem ... nicht nur
2712 2377 3341 2454 geliebt haben; sondern immer
2708 2431 3348 2507 sie allein, allein geliebt haben.
2738 2478 3365 2557 Das taucht zwischendurch empo
2693 2521 3360 2599 Das ganze Stück scheint nicht vo
2706 2588 3350 2651 verfaßt. Die Mannsbilder sind
2697 2627 3347 2701 doch gut). Während leider
2692 2686 3361 2740 Damenschaft nicht vieles Abfäll
2700 2721 3355 2798 der Unruhe, die sie (neben alle
2692 2778 3365 2843 ihnen ist) in die Welt bringen;
2697 2820 3346 2905 Grasenden, das sie etwas mehr
2685 2873 3360 2955 Ton. Sie geben hier die R
2695 2914 2938 2989 Liebenden.
2731 2956 3358 3056 Namentlich Genia, Gattin des
2689 3014 3342 3104 das komisch, wenn für die
