3248 4384
138 197 1095 317 24. Das beite Land
1248 216 1713 309 box 29/2
309 1516 2264 1642 Großratsprasidenten wurde sozusagen ein men sind, bewährt geblieben ist, so hatte daran
298 1557 1275 1649 stimmig der katholisch=konservative Dr. jur. Bossi.
2788 1563 2979 1652 S
301 1598 1279 1677 bisheriger Vizepräsident, gewählt; zum Vizepräsiden¬
1290 1608 2256 1699 Sandberger einen ganz wesentlichen Anteil
2270 1607 3215 1698 der sich in erster Linie mit der Friedens
295 1646 1282 1735 #ten Dr. jur. Bezzola, liberal. Das gesamte Bureau
1292 1658 2261 1739 durch sein großes Geschick, Gegensätze mit wei¬
2271 1668 3210 1747 frage und dann auch mit der Dardanel
300 1694 1276 1788 besteht wieder aus drei Liberalen und zwei Konser¬
1286 1701 2252 1791 ser Milde auszugleichen und tüchtige Männer
295 1732 487 1787 batiben.
2269 1715 3208 1788 lenfrage zu beschäftigen hätte. Man glaub
1286 1756 2254 1848 verschiedener Richtung zur Mitarbeit heranzu¬
2261 1754 3217 1849 in diplomatischen Kreisen jedoch nicht, daß di
1252 1802 1463 1877 ziehen.
2257 1808 3214 1914 Mächte auf eine solche Anregung eingehen wer
2265 1858 2367 1921 den.
290 1874 1265 1961 gar monochrom; aber sie spricht und bewegt sich mit
2315 1909 3216 1995 Konstantinopel, 20. Mai. 38 Es verlautet
1279 1910 2255 2001 zuteil werden lassen mußten, berührte es doppelt
287 1929 1273 1998 Delikatesse. Frl. Reinl kam mit der schwierigsten
2256 1953 3211 2046 die Pforte habe durch ihre Botschafter in Paris
1277 1963 2250 2036 angenehm, den Sänger als Vertreter einer Partie zu
286 1964 1270 2051 Rolle des Stücks, der Erna Wahl nicht recht ins
1278 2009 2250 2075 hören, die seinem gesanglichen und schauspielerischen
2252 2016 3209 2092 und London die dortigen Kabinette ersuchen
286 2008 1269 2098 reine; ihre darstellerischen Mittel sind noch nicht
1270 2044 2243 2131 Können in fraglos besserer Weise entspricht. Hier, wo
2254 2050 3203 2155 lassen, Rußland zur Einstellung der beunruhif
289 2043 1269 2140 reich und reif genug, um diese Mädchengestalt mit
1272 2089 2245 2160 nicht nur ein temperamentvolles Spiel im Sinne
2254 2107 2972 2196 genden Maßregeln zu veranlassen.
287 2094 1264 2186 dem Mut zur Leidenschaft, die Leiden bringt, völlig
1269 2131 2256 2201 der älteren Oper am Platze ist, sondern wo vor
287 2147 1267 2229 glaubhaft zu zeichnen. Wie anders noch hätte der
2585 2151 2888 2220 Dardanellen.
1270 2177 2255 2256 allem auch dem Sänger Gelegenheit gegeben ist, in
291 2198 1265 2268 Schlußakt — die Szene zwischen Erna und Genia
2302 2187 3207 2290 Petersburg, 20. Mai. K Wie die „Nowoj#
1266 2216 2244 2305 breiter Kantilene seine Stimme zur Geltung zu brin¬
282 2231 1263 2312 und die zwischen Erna und Hofreiter wirken können.
2249 2234 3208 2340 Wremja“ meldet, beschäftigt sich das Ministe
1266 2274 2241 2345 gen, bot Herr Bernardi eine Leistung, die den leb¬
278 2265 1268 2368 Die andern durchweg kleinern Rollen waren gut
2252 2300 3212 2385 rium des Aeußern mit der Frage, ob die russi
1267 2310 2242 2386 haften Beifall des Publikums begreiflich erscheinen
277 2322 1262 2393 besetzt. Frl. Senken charakterisierte die indolente
2244 2339 3204 2432 schen Schadenersatzansprüche wegen der Sper
1266 2355 2239 2429 ließ. Die Tatsache, daß der Sänger nicht nur im
276 2361 1257 2431 Frau Wahl sehr lustig; Frl. Ernst wandte auch an
2245 2400 3213 2490 rung der Dardanellen berechtigt seien. Gleichzei¬
1267 2392 2232 2475 Forte den Glanz seiner Stimme leuchten zu lassen,
272 2412 1267 2493 die kleine Partie der Bankierfrau ihr sicheres
1269 2442 2238 2506 sondern oft auch durch ein feines Piano künstlerische
2241 2445 3200 2517 tig soll auf diplbmatischem Wege festgestellt wer¬
273 2451 1256 2532 Können, und Hr. Révy als Bankier Natter wirkte
1263 2488 2231 2556 Reize zu erzielen versteht, kann mit als ein Beweis
2240 2489 3206 2594 den, was die übrigen interessierten Mächte in
282 2484 1254 2582 sehr echt. Hr. Czimeg hätte sich für den Direktor
1259 2530 2239 2605 für die unbestrittene Entwicklung angesehen werden,
2240 2539 2871 2610 dieser Frage zu tun gedächten.
275 2544 1251 2611 Aigner eine geistig bedeutender wirkende Maske
1264 2570 2229 2633 die Herr Bernardi seit den Zeiten seines ersten Zür¬
270 2571 1250 2655 zurecht machen dürfen; Hr. Prasch blieb als Marine¬
1266 2618 2234 2692 cher Auftretens durchgemacht hat. Daß diese Entwick¬
273 2628 1251 2711 fähnrich Aigner etwas starr; Hr. Hartmann war ein
2541 2623 2851 2709 Marokko.
1254 2657 2243 2735 lung ihren Abschluß noch nicht erreicht habe, ist schon
266 2669 1252 2749 würdiger Arzt. Die Inszenierung (Regie Hr.
2281 2672 3194 2774 Oran, 20. Mai. Nach Erkundigungen an
1260 2700 2221 2778 in Interesse des schönen Stimmaterials zu wün¬
273 2713 1248 2801 Danegger) konnte befriedigen. Der Beifall klang
2231 2730 3207 2809 maßgebender Stelle scheinen die Gerüchte,
1259 2744 2219 2818 schen, das durch völlige Beseitigung des immer noch
272 2752 890 2834 namentlich am Schluß lebhaft.
2231 2784 3204 2875 die gestern in einem Abendblatt verbreitet wur¬
1252 2786 2227 2863 häufig geübten Hinüberziehens der Töye, sowie einer
1253 2827 2212 2910 vielfach zu offenen Tonbildung an künstlerischen“
2228 2831 3203 2923 den, über einen heftigen Kampf, der in der
340 2824 1171 2921 Stadttheater: ;Martha“ (18. Mai).
1245 2885 2230 2945 Wert nur gewinnen könnte. Das Beste bot Herr Bez¬
2226 2882 3202 2973 Nacht vom 14. Mai stattgesunden haben soll,
309 2885 1249 2972 Hsr. Die „Martha“=Aufführung vom letzten
1246 2918 3198 2969 nardi in der auf die berühmte „letzte Rose“ folges= zum mindesten stark übertrieben. General Drude
259 2918 1240 3011 Samstag brachte eine Neubesetzung: Herr Ber¬
1243 2952 3187 3047 den Liebesszene des zweiten, der Arie „Ach sso soll noch keine Bestätigung des Kampfes erhal¬
251 2980 1250 3036 nardo Bernardi sang den Lyonel. Nach der
1244 3005 3198 3099 fromm“ usw. des dritten und der Verschmähunts= ten haben. General Alix ist mit der Kolonne
256 3013 2101 3112 Ablehnung, die wir ihm kürzlich als Wagnersänger szene („Diese Hand“) usw. des vierten Aktes.
2205 3064 2909 3167 Henri nach Taurirt abgegangen.
