3392 4320
976 159 1062 219 I.
241 146 1213 254 24. D a S   e eese e e e e e er hen Seet A
1371 159 1805 243 box 29/1
2359 192 2888 300 Leipziger Tageblatt
2308 387 2733 468 neues Sheater.
2321 451 2713 513 „Das weite Land“.
2082 488 2920 569 Tragikomödie von Arthur Schnitzler.
2308 541 2701 598 Uraufführung.
2065 572 3006 648 Gleichzeitige Uraufführungen desselben neuen
2019 624 3002 672 Stückes an mehreren namhaften Bühnen sind seit
2023 661 2998 718 Hermann Bahr stark in Mode gekommen. Schnitzlers
2026 699 2999 764 neues Bühnenwerk, das auch zugleich an der Wiener
2026 730 3006 793 Hofburg, am Prager Deutschen Landestheater, in
2014 773 3000 838 Berlin und anderswo erschien, lernten wir gestern in
2025 814 2992 876 einer interessanten und an sich wertvollen Aufführung
2016 853 2999 920 kennen, für die der Direktion Volkner Anerkennung
2020 891 3009 960 und aufmunternder Dank seitens der Theaterfreunde
2020 922 2181 975 gebührt.
2068 964 3000 1021 Das Stück selbst verdient beides weit weniger. Es
2015 997 2716 1064 heißt da einmal: „Das Natürliche
2718 1016 2771 1063 * *
2876 1019 2996 1067 das
2017 1041 2916 1106 Chaos. Ja, mein guter Hofreiter, die Seele...
2010 1088 2985 1131 ein weites Land, wie ein Dichter es einmal aus¬
2003 1112 2218 1165 drückt ....
2220 1118 2992 1182 Es kann übrigens auch ein Hoteldirektor
2007 1169 2985 1218 gewesen sein. Nun, ich bin überzeugt, es war ein
2011 1198 2990 1244 Hoteldirektor. — Und an anderer Stelle, zu Anfang,
2013 1232 2993 1288 ist die Rede von „Produktionen auf dem
2015 1272 2994 1323 psychologischen Seil“. In der Tat, dieses
1999 1314 2985 1399 Werturteil Schnitzlers über Schnitzler trifft den Kern
2007 1340 2467 1402 des Dramas am besten.“
2051 1386 2994 1448 Der Fabrikant Friedrich Hofreiter betrügt seine
1995 1414 2991 1486 kluge, schöne und temperamentvolle Frau Genia seit
2005 1459 2995 1526 Jahren mit Frauen aus ihrem Kreise so unermüdlich
2003 1503 2984 1546 und unverhohlen, daß ihm imponderabile Grenz¬
2000 1537 2985 1589 begriffe wie Ehe und Ehre fast abhanden gekommen,
1997 1582 2987 1641 zum mindesten stark verwischt sind. Aber als eines
1988 1615 2975 1669 Tages ein guter Freund des Hauses, ein junger
1998 1652 2974 1717 Klaviervirtuose, sich erschießt, weil ihn Frau Genia
2004 1694 2978 1755 nicht erhörte, bringt diese Tugendhaftigkeit seiner
1987 1730 2975 1798 Frau den leichtherzigen Hofreiter in nicht geringe
1996 1767 2975 1833 Verlegenheit. Er fühlt sich unbehaglich neben ihr,
1986 1799 2983 1873 flieht ihre Nähe und fängt auf einem Abstecher in
1992 1839 2892 1897 die Schweiz schleunigst eine neue Liebschaft an,
1991 1884 2974 1951 nach seinem Willen sogar zur Ehe führen soll. Frau
1989 1916 2974 1978 Genia, von ihrem Gatten so oft durch Untreue be¬
1987 1956 2982 2021 leidigt, fängt unterdes daheim nun auch eine Lieb¬
1984 2003 2987 2045 schaft mit einem grünen Jungen an, einem Marine¬
1989 2034 2975 2103 fähnrich. Hofreiter, kopflos geworden durch seine
1982 2076 2975 2137 jüngste Aventiure, kehrt heim und gerät völlig aus
1986 2113 2971 2179 dem Gleichgewicht seiner gewohnten Gleichgültigkeit,
1985 2152 2973 2203 wo er doch — nach seinem Sittenkodex — zufrieden
1978 2184 2969 2255 sein könnte, daß Frau Genia sich endlich revanchiert
1977 2223 2969 2276 und ihn nicht mehr beschämt durch ihre Tugend und
1987 2260 2973 2337 Treue. Er fordert den Fähnrich heraus und schießt
1985 2297 2942 2377 ihn über den Haufen. „Wenn es Haß wäre —
1976 2333 2488 2394 Wut — Eifersucht — Liebe.
2549 2344 2960 2408 „Na ja. von dem ver¬
1983 2374 2967 2441 spür' ich allerdings verdammt wenig. Aber man will
1969 2417 2961 2486 doch nicht der Tropf sein.“ Genia flieht den „Mörder“.
2038 2459 2961 2509 Ein unentwegter Schildträger Schnitzlers hat vor
2060 2503 2968 2559 paar Tagen in einem Blatte diese fünf Akte
1975 2525 2965 2592 schlechter psychologischer Parterregymnastik mit Ibsen
1969 2566 2958 2636 in einem Atem genannt. Mir scheint, ein Vergleich
1977 2610 2964 2672 mit der Gott sei Dank! überwundenen Dänin
1965 2643 2957 2701 Karin Michaelis liegt beträchtlich näher. Die
1964 2692 2959 2751 Seele ein weites Land? Von der „Seele“ kann doch
1971 2722 2955 2781 hier nur die Rede sein als von dem Oedland in der
1971 2759 2960 2828 Brust eines sittlich entarteten Genüßlings. Und auch
1960 2797 2951 2869 die femme de trente ans, Frau Genia, scheint ihre
1960 2839 2941 2902 eheliche Treue neben einem Hofreiter mehr als einen
1970 2873 2943 2939 interessanten Sport angesehen zu haben. Sie weiß
1964 2907 2951 2974 durch den Freund und Hausarzt von allen Lieb¬
1966 2951 2943 3007 schaften ihres Mannes, geht sogar mit seinen Ge¬
1956 2995 2938 3055 liebten gesellschaftlich um. Kann man da noch von
1958 3022 2936 3089 Seele reden? Ja, weitherzig sind diese beiden
1959 3067 2948 3133 Leute und von einem fast pervers zu nennenden
1954 3101 2935 3173 Empfinden. Wie gesagt: Produktionen auf dem
1952 3146 2936 3208 psychologischen, nein pathologischen Seil. Ein
1955 3187 2814 3251 gesunder Magen erbricht sich an solcher Kost.
2003 3230 2912 3294 Obendrein ist das Ganze noch langweilig. Es ist
1955 3265 2937 3323 charakteristisch genug für Schnitzler, daß er selber
1949 3308 2934 3360 dieses Stück unter das Zeichen des Tennisspiels und
1951 3348 2942 3409 Bergkraxelns gestellt hat. Und obendrein ist ein
1948 3384 2938 3430 lässiger Wiener Ton darin, der uns ernsteren
1955 3419 2935 3474 Deutschen nicht behagen kann. Einzelne Akte sind
1941 3462 2931 3527 dürftig und gehaltlos, unsicher in der Linienführung.
1941 3503 2933 3564 Der zweite wirkt rein expositionell, der dritte
1938 3542 2929 3600 will sich humoristisch geben, bleibt aber kläglich. Der
1945 3574 2935 3637 vierte ist am wertvollsten, könnte aber gleich an den
1945 3612 2934 3664 zweiten anknüpfen. Der Schlußakt ist für die Ab¬
1949 3655 2935 3704 rechnung kurz und schwer genug. Ausschließlich in
1944 3687 2930 3753 diesen beiden letzten Akten erkennen wir den klugen
1938 3728 2926 3802 und berufenen Schöpfer früherer Werke in Schnitzler
1935 3763 2187 3813 gern wieder.
1984 3794 2927 3870 Das Stück wirkt notgedrungen unsympathisch
1943 3844 2927 3913 und ruft bei allen anständig Empfindenden ein
1939 3871 2323 3927 starkes Befremden.
2324 3884 2932 3946 ja Widerwillen hervor, den
1933 3924 2933 3972 eine gute Wiedergabe dieses zu drei Fünfteln
1935 3957 2914 4021 gänzlich untheatralischen Bühnenwerkes nur noch
1942 3989 2923 4063 steigen wird. Die Besetzung durch unsere Darsteller
1930 4033 2911 4080 kam der „Tragikomödie“ überall zugute. Den ge¬
1933 4065 2919 4116 schmeidigen, energischen Kavalier Hofreiter spielte
1937 4110 2924 4169 Herr Walter mit der ganzen, ihm eigenen klugen
1927 4145 2921 4211 Ueberlegenheit. Er war vielleicht nicht immer
2161 4186 2206 4217 di
