3344 4608
264 129 767 188 e
261 151 1138 220 ren Sphären schwebenden Herzens einen melan¬
260 189 1141 272 cholischen Cynismus, eine witzig=anarchistische
262 230 1153 324 Philosophie gewoben. Nur hat er sich dabei
256 278 1157 365 vom Drama immer weiter wegentwickelt zur
261 322 1151 399 feingefeilten Plauderei mit allerlei Demonstra¬
266 378 887 455 tionen an plastischen Gruppen.
324 405 1154 485 In der „Liebelei“ vermags der Sinn
262 455 1149 528 Christinens nicht leicht zu fassen, daß ihr Herz¬
264 505 1152 587 liebster ihr gut zu sein vorgab und sich doch für
271 539 1158 629 eine andere totschießen lassen konnte. Er
262 588 1168 671 hatte sich der Pistole gestellt um einer Frau
267 626 1158 723 willen, die ihm nichts mehr bedeutete, oder nicht
258 671 1164 756 viel mehr als eine Erinnerung. Im „Zwi¬
260 708 1165 801 schenspiel“, das mit Schnitzlers jüngstem
270 765 1162 855 Werk am meisten innere Verwandtschaft hat,
266 805 1162 891 sind ähnliche Lebensdinge lustspielhaft ge¬
271 838 1175 942 griffen, gleiten aber schon ### nerhin zur tragi¬
273 888 1172 966 schen Kron. Der Musiker um deus Adams,
272 924 1165 1014 der mit der schönen Gräfin Mosheim in Ban¬
275 970 1167 1056 den süßester Liebelei verstrickt ist, und seiner
269 1019 1174 1117 Frau gestattet, daß ihr ein junger Prinz den
276 1061 1166 1154 Hof macht, vermag doch zu der vielbegehrten
274 1119 1173 1201 Gattin in neuer Leidenschaft zu entbrennen.
277 1151 1181 1244 Der nächste Morgen bringt aber bereits den
279 1200 1169 1280 großen Katzenjammer und Amadeus packt die
282 1239 1184 1329 Koffer. Hier sind schon alle pathetischen Gefühle
281 1272 1176 1374 zersetzt, hier ist schon Schnitzlers liebenswürdig¬
289 1323 1181 1407 ironische Lebensphilosophie kräftig dabei, allen
279 1369 1176 1443 gewichtig genommenen Dingen des Lebens den
287 1406 1184 1491 verkleinernden Hohlspiegel entgegenzuhalten.
942 1451 1179 1509 sagt der
288 1462 889 1543 In jenem „Zwischenspiel“
289 1493 1179 1580 Raisonneur Albertus Rohn, eine Figur, die
286 1545 1185 1635 Schnitzler nun auch in sein neues Werk herüber¬
284 1583 1192 1677 genommen hat, allerlei paradoxe Worte über
284 1632 1190 1711 die bunten Dinge des Lebens; er zieht immer
287 1669 1182 1758 Parallelen zwischen den Vorgängen die er mit¬
290 1712 1187 1790 erlebt und einem Stück, das er unter ähnlichen
290 1754 1191 1839 Voraussetzungen schreiben möchte und spielt
293 1799 1187 1880 gegen die Trivialität des wirklichen Lebens
289 1846 1193 1938 seine eigenen, geistreicheren Kombinationen aus.
353 1928 1191 2038 Schade, daß Albertus Rohn, den Schnitzler
291 1991 1185 2084 auch in seinem neuen Stück auftreten läßt, dieses
290 2036 1185 2110 amüsante Kontrastieren der erzdummen Dinge
301 2080 1187 2171 des Lebens, dieses Korrigieren der natürlichen
305 2124 1199 2202 „Stoffe“ nicht fortsetzt; er hätte Schnitzler,
305 2166 1189 2260 seinen eigenen Schöpfer, zu größerer Knappheit
310 2210 1191 2297 angehalten, und ihm so zu einer ungleich
312 2254 1192 2336 besseren Komödie verholfen. Er hätte ver¬
302 2298 1197 2378 hindert, daß außer ihm auch noch an¬
1112 2344 1204 2401 er
306 2334 1116 2433 dere Leute im Stück klugreden, und
310 2389 1200 2466 sätte den Sinn der Worte des Doktor von
315 2431 1192 2508 ligner (Uebermensch und Hoteldirektor in den
309 2473 1196 2555 Dolomiten), die der als Schlüssel des Stückes zu
327 2517 1203 2612 agen hat, witziger geformt. Doktor von Aigner,
321 2575 1206 2644 froßer Weibernimrod vor Gott dem Herrn, erster
322 2607 1207 2682 Besteiger des nach ihm benannten Hohen Aigner,
326 2659 1204 2736 geschiedener Gatte der berühmten Wiener Schau¬
317 2707 1212 2779 spit lerin Anna Meinhold=Aigner und Vater ihres
314 2740 1208 2818 Sohnes, des Marinefähnrichs Otto von Aigner,
317 2785 1213 2869 spricht sich im dritten Akt zum ersten Helden des
317 2828 1208 2900 Stückes über die Sonderbarkeiten seines Ver¬
323 2871 1218 2944 hältnisses zu seiner geschiedenen Frau aus, die
322 2916 1204 3001 sich von ihm trennte, weil er sie liebte und
324 2972 918 3063 dennoch betrog. Und er sagt:
403 2979 1215 3087 „So vieles hat zugleich Raum in uns
335 3049 1214 3119 —! Liebe und Trug ... Treue und Treu¬
330 3096 1215 3164 losigkeit... Anbetung für die eine und
333 3148 1211 3234 Verlangen nach einer anderen oder nach
338 3179 1218 3270 mehreren. Wir versuchen wohl Ordnung
335 3225 1211 3310 in uns zu schaffen, so gut es geht, aber diese
334 3273 1216 3358 Ordnung ist doch nur etwas Künstliches ...
325 3311 1216 3385 Das Natürliche ... ist das Chaos. Ja — mein
329 3368 1219 3426 guter Hofreiter, die Seele... ist ein
329 3414 714 3487 weites Land“
393 3423 1224 3518 Zu dem der Doktor Aigner das sagt, das ist
343 3484 1219 3559 der Glühstrumpffabrikant Friedrich Hofreiter;
348 3534 1226 3607 Anatol ist 40 Jahre alt und Glühstrumpf¬
340 3577 1228 3651 fabrikant geworden. Nachdem er vorher unter
3023 1823 3301 1904 Aber wien da
2109 1869 3306 1953 geringste läge ... wenn es Haß wäre ...wirren, plaudrig
1205 1885 2080 1983 der Maske des Amadeus Adamis im „Zwischen¬
2981 1935 3295 1997 einen Dialog 1
2106 1935 2734 1999 Wut . .. Eifersucht. Liebe
1198 1950 2080 2023 spiel“ als Musiker herumgelaufen ist. Nun hat
2154 1980 2968 2042 „Na ja —“, antwortet Anatol=Amadeus¬
2988 1976 3315 2047 Dutzend korrekt
1202 1995 2083 2068 er guten Grund, erfahrene Leute nach ihren
2981 2018 3307 2087 1„Stücke“ aufwieg
2103 2023 2963 2097 Friedrich: „Na ja, von all dem verspür ich aller¬
1201 2036 2088 2108 komplizierten Eheerlebnissen zu fragen. Seiner
2985 2061 3299 2130 träumerischen W
2098 2064 2966 2127 dings verdammt wenig. Aber man will doch
1210 2074 2083 2156 Frau wegen hat sich ein junger Russe erschießen
2991 2114 3308 2177 des dritten Aktes
2109 2118 2571 2193 nicht der Dumme sein“.
1205 2141 2090 2204 müssen, seiner Frau wegen, die er betrügt, und
2999 2155 3305 2220 ersten Hälfte des
1201 2180 2093 2251 der er scheinbar alle Freiheit läßt, um doch eifer¬
2157 2182 2978 2263 Mit dem Schuß fällt auch der Zauber von
2991 2190 3315 2265 heute selten wer z
1215 2215 2096 2294 süchtig krumme Wege zu bespitzern. Nun ist er
2102 2232 2969 2314 seinem Liebesspiel. Wie zu Beginn des Stückes,
2990 2245 3301 2306 hat eigentlich n
1219 2264 2083 2339 in starker Glut des Vierzigers der sich in der
2105 2291 2982 2340 im wundervoll weichen, von resignierter Moll¬
2998 2288 3280 2351 Zwischenspiel
1209 2302 2085 2377 wahren Reife für die Genüsse der Liebe fühlt,
2101 2318 2986 2383 stimmung durchwehten ersten Akt, da man vom
2985 2334 3304 2397 wünscht man ihm
1211 2353 2086 2432 zur reizenden Erna Wahl entbrannt, einem
2101 2360 2992 2433 Begräbnis des jungen Russen spricht, der sich
2990 2377 3312 2448 stischem Interesse
1205 2396 2091 2476 Mädchen von jenem entschlossenen, des Jung¬
2109 2419 2986 2472 selber tötete, verflüchtigen sich die ernstgenom¬
2990 2426 3304 2487 massiv sein und
1211 2442 2089 2522 frauentums müden Schlag, dessen Vertrete¬
2108 2457 2991 2524 menen Dinge des Lebens, deren Nichtigkeit
3004 2465 3319 2527 Empfindens auch
1212 2485 2094 2553 rinnen, wenn der bestürmende Liebhaber sagt:
2120 2493 2994 2570 immer nur durch den Tod ad absurdum geführt
2994 2510 3305 2577 Frau Triesch
1223 2531 2091 2600 „Wenn heute nicht deine Tür versperrt sein
2107 2541 2991 2609 wird. Dies Mädel, das sich geliebt
2991 2553 3321 2618 nehm=weich; so w
1223 2569 2100 2649 sollte, so schlage ich sie ein, und es ist um uns
2111 2588 2983 2655 glaubte und dessen Liebster einer andern
2995 2599 3310 2671 Frau, die gelasse
1225 2625 2102 2694 beide geschehn,“ kurzweg antworten: „Es wird
2115 2629 2985 2703 Frau wegen (es ist zufällig seine eigene)
3004 2647 3312 2719 Jugend dennoch
1220 2670 1786 2744 nicht um uns geschehn sein.“
2116 2675 2990 2735 einen Duellmord begeht, das neben sich kein Weib
2999 2693 3322 2762 zeichnet, wird mn
2114 2713 2993 2788 mächtig glaubte über des Liebsten Herz, bleibt
3003 2735 3306 2798 ihr im Grunde
2118 2767 2967 2825 mit entsetzten Augen, furchtzerrieben stehen, —
1254 2754 2095 2835 Die Liebelei ist im Gange; neues Zwischen¬
3010 2767 3322 2840 Ein leicht sinnli
2122 2797 2994 2865 eine Cousine jener „Liebelei"=Christine, deren
1223 2804 2099 2877 spiel; Anatol=Amadeus=Friedrich kommt dann
2993 2815 3311 2887 Blut scheint da
2123 2839 2995 2908 Ecliebter sich wegen einer andern totschießen
1217 2854 2102 2926 von der neuen Amour übersättigt nach Hause,
3004 2865 3317 2944 gibt den Herrn
2120 2901 2243 2965 ließ.
1232 2898 2098 2967 und das erste, was er zu sehen bekommt, ist
3010 2914 3116 2986 lers.
2181 2900 2996 2985 So tauchen die alten Lieblingsmotive
1231 2932 2101 3004 ein junger Schiffsfähnrich, der zur Nachtzeit
3065 2927 3331 3023 Im „Zwisch¬
2117 2972 3009 3030 Schnitzlers und auch seine alten Figuren, nur
1227 2986 2098 3052 aus dem Schlafzimmer seiner Frau steigt. Das
3007 2996 3309 3058 Rohn, den zetzt
2120 3024 2999 3073 in neuen Verbindungen, allesamt wieder auf.
1229 3022 2102 3105 ist ziemlich viel auf einmal. Aber er findet
3017 3045 3324 3101 Wiener Caféhaus
2128 3060 3004 3130 Er scheint saturiert, oder sein — Land ist nicht
1229 3071 2100 3135 trotzdem die Ruhe, die ganze Nacht prächtig
3013 3084 3319 3149 Fräulein Hert
2125 3109 3004 3163 weit. Diesmal ist er nicht mehr ganz Herr
1238 3115 2108 3186 durchzuschlafen, um am nächsten Tag die Sache
3022 3131 3337 3189 der schnell zupal
2125 3143 3003 3213 seines Stils, er beginnt als echter Schnitzler
1231 3163 2107 3227 mit einem Freunde zu besprechen. Er beleidigt
3015 3164 3332 3232 zuviel Vernunft
2131 3197 3010 3249 und endet als — Knalleffektler. Diese beiden
1239 3208 2106 3268 den Offizier, es kommt zum Duell, er tötet den
3013 3220 3328 3276 keit und Sinnen
2125 3240 3005 3294 letzten Akte haben ein Theatergepräge, das nicht
1239 3251 2108 3324 Liebhaber seiner Frau. Tötet einer Mutter, die
3016 3255 3331 3321 allerliebst. Herr
2128 3278 3004 3333 Art von seiner Art ist. Glänzend allerdings in
1238 3303 2115 3359 eine Freundin seiner Frau ist, den Sohn, wirbelt
3021 3299 3326 3357 und Ton für ju
2125 3334 3006 3388 ihrer Struktur, in der Konfrontierung der bei¬
3024 3344 3329 3405 des Schiffsfähn
1246 3342 2120 3403 einen Skandal auf, und wird dann das Weite
2127 3371 3020 3422 den Frauen, die um zweier Männer Leben zit¬
3018 3385 3342 3447 die immerzu in
1241 3386 2110 3447 suchen. „Warum?“ ruft seine Frau, die schon
2137 3406 3014 3470 tern. Schnitzler hätte besser wohl aus seinem
3011 3429 3332 3487 hat so gut wie
1237 3426 2109 3489 lange keinen Gatten und nun auch keinen Lieb¬
2131 3441 3017 3514 Thema einen Roman gewoben, als diese fünf
3017 3466 3331 3536 Urt der weltsch
1238 3480 2112 3540 haber mehr hat, dem sie übrigens nie restlos
2134 3501 3004 3555 verschachtelten Akte eines allzubreiten Stückes,
1245 3510 1973 3587 gehörte und den sie weit wegwünschte.
3042 3520 3349 3574 lka Grünin
1384 3538 2920 3611 „Warum? Wenn dir an mir noch das 1 dem die tragische Stirnfurche nicht aut
3023 3556 3327 3618 Dame, die die
3033 3600 3341 3658 Aristokratinnenk
3018 3644 3352 3719 Pauline Metter
