3344 4256
245 1 1204 135 24. Das weite Land
1360 24 1808 141 box 29/6
1048 828 2498 914 der äußere Zwang eine gewisse Rolle. In der Tiefe Ihrer Seele, ganz
1050 876 1742 955 in der Tiefe, Otto, sind Sie feig.
1106 929 1445 993 (Große Pause.)
1090 987 2153 1054 Otto: Ich habe nicht recht verstanden, nicht wahr?
1088 1037 2490 1106 Friedrich: Ich weiß nicht, was Sie verstanden haben. Ich werde
1047 1082 1785 1151 es auf alle Fälle wiederholen: feig.
1094 1127 1802 1195 Otto (einen Schritt auf ihn zu).
1099 1187 1816 1256 Friedrich (ihm rasch entgegen).
1092 1227 1843 1293 Otto: Sie werden von mir hören.
1098 1291 2490 1350 Friedrich: Hoff ich (leise) und bald. In einer Stunde, im Park ..,
1096 1329 1365 1390 Otto (ab).
1096 1382 2329 1449 Paul (sagt leise etwas zu Gustl, folgt mit ihm dem Otto).
1100 1430 1630 1495 Erna (steht regungslos).
1102 1469 1572 1542 Genia (regungslos).
1104 1524 2314 1585 Frau Wahl (sieht sich ratlos um, wendet sich an Adele).
1099 1587 2041 1632 Natter: Wir wollen nun nicht weiter stören.
1098 1623 2494 1694 Friedrich: O nein, das tun Sie nicht — im Gegenteil. (Zu
1056 1677 2135 1747 Mauer abseits.) Auf dich hoff ich zählen zu können.
1095 1726 1948 1796 Mauer: Nein. Dabei tu ich nicht mit.
1104 1786 2486 1859 Friedrich: Als Arzt, Mauer. Das darfst du mir nicht ver¬
1058 1824 1665 1899 weigern, das ist deine Pflicht.
1099 1874 1839 1948 Mauer ickt die Achseln): Bitte.
1099 1922 1940 1997 Friedni Danke. Lieber Stanzides.
1090 1979 2085 2048 Stanzides: Ich bitte über mich zu verfügen.
1098 2035 2385 2089 Friedrich: Ich danke Ihnen. Natter, darf ich Sie bitten?
1105 2080 1759 2130 Natter: Lieber Hofreiter
1110 2127 2498 2210 Friedrich (zieht Natter nach vorn): Ich denke, wir sind einig in
1053 2173 2316 2256 unserer Ansicht über das Leben, nicht wahr? Zum Totlachen.
1095 2229 1855 2292 Natter: Ich hab es immer gesagt.
1099 2275 2460 2362 Friedrich: Der neueste Spaß hätte eine Würze mehr für mich, —
1045 2325 1867 2380 wenn Sie mein Sekundant sein wollten.
1102 2372 2440 2430 Natter: Gern. Der Herr Fähnrich schießt gewiß nicht schlecht.
1094 2435 2488 2500 Genia (mit einem plötzlichen Entschluß zu Friedrich hin): Fried¬
1063 2460 1262 2538 rich
1090 2505 1553 2596 Friedrich: Später.
1095 2566 1418 2639 Genia: Jetzt.
1102 2626 2498 2720 Friedrich (zu den andern): Sie entschuldigen. (Mit ihr nach
1055 2670 1230 2730 vorn.)
1096 2723 2490 2791 Frau Wahl (zu Erna hin, will sie zum Fortgehen veranlassen).
1081 2793 2234 2849 Erna (weist sie ab, steht an der Mauer des Hauses).
1087 2832 2489 2899 Frau Wahl (wendet sich zu Adele, die unter dem Nußbaum sitzt
1051 2871 1637 2943 und ihrem Gatten nachsieht).
1091 2919 2498 3000 Natter und Stanzides (gehn nach rückwärts. Mauer steht
1041 2963 1229 3033 allein).
1095 3029 1772 3090 Friedrich (zu Genia): Aun?
1094 3074 2311 3154 Genia: Was ist dir denn eingefallen? Wie durftest du ..
1093 3126 2480 3205 Friedrich: Na, fürcht dich nicht. Ich werd ihm nicht viel tun,
1044 3159 1564 3246 wahrscheinlich gar nichts.
1086 3213 2468 3305 Genia: Warum also? Wenn dir an mir noch das geringste läge ...
1024 3280 2299 3331 wenn es Haß wäre ... Wut ... Eifersucht ... Liebe
1063 3320 1171 3414 205
2021 3337 2522 3473 Kunsiwart 229. 4
