3344 4320
272 106 1239 221 24. Das Wir I. .
1393 112 1834 202 box 29/1
2160 98 2348 159 Eslaug
2569 109 2693 182 0
2291 232 2625 350 115 10 1911
2007 353 3227 458 Lobetheater. Sonnabend, 14. Oktober. „Das weite Land“
1923 405 2810 483 Tragikomödie von Arthur Schnitzler.")
2810 428 3224 503 Zur gloßen Tragödie
1940 443 3219 540 mit der Wucht des Schicksals und dem für seine Idee kämpfenden
1926 482 3226 557 Menschen fehlt es unseren Dichtern, die von der Bühne herab zum
1929 511 3216 604 Volke und nicht nur zum Sperrsitz sprechen wolleih offenbar an
1937 552 3114 651 Kraft und Ausdruck. Sie wenden ihre ganze Teilfahme —
3112 602 3221 662 wie
1926 593 3199 698 jüngst wieder Otto Ernst — den schwankenden Charakteren zu, die
1918 629 3204 737 mit dem Leben spielen, und mit denen infolgedessen das Leben
1921 676 3204 784 gleichfalls spielt; sie modellieren Großstadtmenschen, die sich von der
1918 725 3184 813 Welle des Tages tragen lassen, zwar auch solche, die ihr Arbeits¬
1914 755 3194 851 pensum vollenden, aber nicht nach dem kategorischen Imperativ des
1917 790 3185 898 Pflichtgefühls, sondern weil sie verdienen wollen, damit auch der
1909 821 3191 928 Rausch, die Lust am Genuß zu ihrem Recht komme. Es sind All¬
1913 874 3193 975 tagsmenschen, die so tun, als ob die Grenzen des Lebens für sie zu
1905 918 3193 1024 eng gesteckt seien, und sich eine Pfeudo=Philosophie zurecht machen,
1910 959 3193 1061 nach der sie sich als Sklaven einer geheimnisvollen Gesetzmäßigkeit
1908 994 3206 1102 fühlen, die alle Charaktere, ob sie nun wollen oder nicht wollen,
1906 1029 3195 1143 aus unsichtbaren Wurzeln sich entwickeln läßt. Auch in seiner neuen
1902 1083 3199 1181 Tragikomödie, die sich wieder einmal mit dem „Liebesleben“ gewisser
1903 1112 3203 1210 Wiener Gesellschaftskreise beschäftigt, führt uns Schnitzler wieder
1901 1153 3191 1272 mehrere Vertreter dieses Menschenschlages vor, unter denen einer
1911 1190 3186 1301 das etwas wesenlos und abstrakt klingende Thema des „weiten
1901 1226 3181 1331 Landes“ erläutert, indem er ausruft: „Was für komplizierte
1900 1265 3192 1378 Menschen wir doch im Grunde sind! So vieles hat zugleich Raum in
1895 1316 3185 1407 uns. Liebe und Trug. Treue und Treulosigkeit, Anbetung für die
1898 1350 3188 1459 eine (das Weib nämlich!) und Verlangen nach einer anderen oder
1901 1398 3187 1499 nach — mehreren. Wir versuchen wohl Ordnung in uns zu schaffen,
1891 1439 3196 1527 (so gut es geht, aber diese Ordnung ist doch nur elwas Künstliches.
1881 1466 2373 1543 Das Natürliche ist das
2439 1497 3193 1581 Chaos! Die Seele ist ein weites
1886 1508 3180 1616 Land!“ Das spricht Herr Dr. von Aigner aus, der geschiedene
1896 1553 3189 1656 Mann einer Schauspielerin. Aber er spielt nicht die Hauptrolle, in
1883 1576 3184 1698 der Komödie, sondern erscheint nur episodisch als ein moderner
1886 1635 3170 1725 Epikuräer, um „Milieu zu verbreiten“ und unechte Perlen von
1891 1678 3168 1771 Philosophie“ zum besten zu geben. Die eigentliche Handlung des
1892 1696 3171 1830 Stückes bestreiten vier andere: Der Fabrikant Hofreiter, seine Frau,
1889 1744 3167 1850 deren Geliebter, ein Marinefähnrich (der Sohn Aianers) und eine
1880 1795 3167 1904 Demi Vierge. Fräulein Erna Wahl, die im „Höhenrausch“ des
1875 1824 3165 1941 Gebirges sich dem Fabrikanten an den Hals wirft und seine Ge¬
1878 1882 3159 1984 liebte wird. Aber bevor diese beiden Paare „sich finden“ führt
1883 1905 3165 2030 Schnitzler eines seiner bekannten Probleme vor, das sich nicht lösen
1881 1956 3159 2050 läßt und darum zuguterletzt mit einem Pistolenschuß verpufft, dem
1871 2002 3118 2096 der junge Fähnrich zur See zum Opfer fällt. Frau Hofreiter he
1859 2041 3113 2141 sämlich, so wird uns zu Anfang des ersten Aktes erzählt ein
1886 2148 2999 2225 jungen Pianisten, den sie angeblich nicht erhören wollte in
1885 2205 2968 2264 getrieben. Herrn Hofreiter, der wiederum ein altes Verh
1901 2241 2947 2302 Frau Naiter, der Gattin seines Freundes, unterhalt, ist
1894 2264 2935 2347 haltung seiner Frau insofern etwas peinlich, als er#
1886 2308 2930 2383 gern sähe, daß auch sie ihr Techtelmechtel und infolge
1890 2349 2918 2426 vor ihm voraus habe. Denn darauf kommt die ganze
1882 2376 2938 2459 lich hinaus. Als Hofreiter dann später erfährt, daß
1880 2414 3003 2510 den jungen Fähnrich Nachts in ihr Fenster steigen laßt,
3020 2463 3099 2517 met
1870 2466 3168 2558 sin „sittlicher“ Erleichterung auf und meint in unübertrefflich selbst¬
1875 2506 3131 2591 gerechter Weise: „Es ist mir wie eine — innere Befreiung. Es i
1882 2551 3168 2632 gewissermaßen, als hätte sie Sühne getan für den Tod Korsakows
1976 2594 3162 2674 . der Pianist) und zwar in einer höchst vernünftigen und
1862 2620 3169 2704 schmerzlosen Weise. Sie fängt an, mir wieder menschlich nahe
1872 2668 3178 2755 zu sein!!" Die unverblümte Erotik treibt also auch in diesem
1857 2708 3172 2803 Schnitzlerschen Stücke wieder ihr Wesen nur gegen früher mit dem
1863 2742 3168 2820 Unterschiede, daß sie nicht mit der graziösen Leichtfertigkeit auftritt,
1871 2776 3178 2866 sondern ihre Figuren wie Marionetten aufziehen läßt. Erna Wahl
1854 2822 3164 2891 sowohl wie der Fähnrich, die beide im Leben des Ehepaures Hof¬
1862 2865 3170 2952 reiter eine Rolle spielen, sind ganz anders angelegr, als sie später
1865 2897 3165 2987 sich entwickeln und treten beide unvermittelter auf den Plan als es
1855 2938 3164 3014 ein logisch aufgebauter Bühnenvorgang vertragen kann. Daß der
1839 2968 3165 3065 Ehemann Hosteiter schließlich in einer fast launigen Anwandlung
1856 3013 3170 3100 auf den seinem Charakter so garnicht entsprechenden Einfall kommt,
1848 3058 3178 3146 den Fähnrich wegen des „Einsteigens“ auf Pistolen zu fordern und
1844 3096 3159 3180 ihn aus Versehen niederzuschießen, liegt ebensowenig im Plan der
1837 3147 3172 3229 ganzen Tragikomödie, als in den Grundsätzen Hofreiters, einer
1841 3172 3154 3266 innerlich durch und durch haltlosen Natur. Für Breslau hat das
1842 3221 3154 3292 Stück seine besondere Redeutung, als darin auch, wenigstens in der
1837 3255 3151 3336 Buchausgabe, eine episodische Figur erscheint ein Herr Serknitz aus
1845 3303 3167 3387 Breslau, der im Hotel des Badeortes so oft vergeblich nach seiner
1842 3333 3156 3433 reinen Wäsche fragt. Im Hinblick auf die viele schmutzige, die in
1835 3377 3153 3459 den Atten ausgebreitet wird, wirkt dieser Herr Serknitz aus Breslau
1841 3415 3154 3511 wie ein Apostel der sittlichen Neinheit, und wenn sie sich zunächst
1836 3449 3159 3541 auch nur in seinem Bedürfnis nach sauberen Oberhemden außert. Der
1837 3487 3144 3584 Verfasser hat auch mit diesem Stück die großen Erwartungen, die
1830 3523 3148 3620 man vor 15 Jahren nach dem Erscheinen seiner „Liebelei“ auf ihn
1836 3574 3141 3659 gesetzt hatte, nicht erfüllt. Der Stimmungsgehalt und die scharfe
1837 3608 3142 3698 Porträtierung der Charaktere, die sonst Schnitzlers starke Seite zu
1828 3639 3132 3739 sein pflegten, sind hier bei weitem nicht mit der alten Meisterschaft
1825 3681 3141 3773 gehandhabt, und geblieben ist eigentlich nur die Prägnanz des
1824 3726 3139 3822 Tialogs, der zuweilen auch von witzigen und geistreichen Bemerkungen
1832 3759 3142 3845 dnichsetzt ist. Der stark hervortretende Zug zur Pikanterie, der in
1823 3786 3134 3888 Schnitzlers sein geschliffenen Einaktern ganz an seinem Platze war,
1815 3842 3133 3934 beeinträchtigt hier in diesen fünf Akten, denen vor allem die innere
1828 3878 3132 3970 Einheitlichkeit fehlt, völlig den Zug ins Große und Kraftvolle. Und
1825 3925 3130 4010 was das „weite Land“ der Seele betrifft, so bleiben diese Seelen
1813 3945 3133 4043 schen am Grenzpfahl stehen, aus Furcht, sich darin zu verirren, sind
1815 3990 2364 4066 sie doch schon verirrt genug!
1891 4044 3159 4129 Die Aufführung unter Herrn Bonnos Regie litt unter einem
1812 4071 3125 4158 gewissen Stilmangel, der sich besonders in den ersten Akten sehr
1818 4115 2301 4171 empfindlich bemerkbar in
