3248 4384
265 52 1218 174 24. Das weite Land
1373 95 1820 195 box 29/2
659 625 1153 682 (Quellenangabe ohne Gewähr.)
795 662 1522 776 Pressburger Tagblatt
354 725 799 798 Ausschnitt aus:
733 786 1021 864 16 S 1913
370 841 542 914 vom:
355 915 1334 1022 (Theater, Musik und Kunst.
459 1010 1397 1099 „Das weite Land.“ Tragikomödie in fünf
339 1076 1391 1147 Akten von Artur Schnitzler. Der Name
337 1133 1393 1184 des Verfassers allein genugt, um das regste
343 1174 1391 1237 Interesse zu erwecken! wenn nun zwei Gäste
340 1218 1392 1292 wie Frl. Lilly Marberg und Herr Arnold
343 1266 1389 1320 Korff dazu angekündigt werden, so ist es
337 1321 1389 1377 selbstverständlich, daß das Theater ausverkauft
331 1364 1386 1421 war. Wir müssen aber sofort bemerken, daß
338 1410 1388 1465 das Stück dieses Interesse nicht verdient hat.
333 1472 1386 1534 Einen Inhalt zu erzählen ist sozusagen un¬
339 1507 1390 1581 möglich, sogar das Thema des Werkes ist
346 1556 1400 1616 schwer zu bezeichnen. Höchstens könnte man
345 1606 1388 1684 sagen, daß es die Wiener gesellschaftlichen Zu¬
343 1657 1380 1725 stände zeichnet. Und für dieses Bild werden
338 1692 1382 1753 sich die Wiener nicht bedanken. Denn so sitten¬
329 1757 1380 1807 los, so ohne jeder moralischen Grundlage kann
326 1804 1375 1871 nicht einmal die von ihrer Verderbtheit be¬
334 1846 1384 1923 rühmte Pariser Gesellschaft sein. Das Drama
397 1905 1376 1973 oder Tragikomödie, wie es der Verfasser
334 1950 1391 2008 unerklärlicherweise nennt — hat übrigens
335 2003 1388 2071 absolut nichts Dramatisches. Keine der han¬
332 2044 1380 2113 delnden Personen hat ein positives Ziel, je¬
325 2090 1381 2157 dermann geht nur seinen Passionen nach. Es
327 2145 1387 2213 ist ein breitgetretenes Sittenromanthema
335 2190 1376 2242 (oder, wenns beliebt, Sittenlosigkeitsroman),
333 2242 1380 2297 welches am Ende des fünften Aktes abge¬
328 2293 1377 2359 schlossen wird, ohne daß man wüßte, in wel¬
321 2342 1376 2400 dem Zusammenhange der Schlußakkord (die
294 2416 1338 2519 Unkunft des kleinen Perey) mit der Hand¬
289 2470 1320 2566 ung oder mit den folgenden Begebenheiten
281 2523 1332 2611 teht. Das Werk ist übrigens reich an inter¬
290 2566 1325 2654 ssanten, geschickt gemachten Szenen, spannen¬
273 2622 1328 2707 #e Dialoge, geistreiche Thesen und Antithesen
279 2671 1330 2763 vechseln; doch ist alles zu breit und weitläufig
270 2714 1312 2816 und der witzigste Dialog wird langweilig,
273 2766 1318 2841 venn er zu lange dauert. So wirkte auch die¬
270 2807 1317 2908 es Stück ermüdend. — Die Vorstellung selbst
257 2858 1311 2955 erweckte auch gemischte Gefühle. Herr Korff
255 2907 1308 3017 verstand es auch aus der Rolle des „Friedrich
254 2954 1293 3053 Hofreiter“ eine einheitliche Gestaltung zu ma¬
251 2996 1300 3110 chen; man glaubte ihm seinen genußsüchtigen,
243 3054 1297 3147 moralisch wankelmütigen Fabrikanten. Dage¬
249 3104 1296 3182 gen kämpfte Frl. Marberg mit der absolnt
245 3156 1298 3233 gehaltlosen, negativen Gestalt der „Frau Ge¬
236 3201 1288 3277 nia“. Von den übrigen Darstellern befriedig¬
242 3245 1281 3346 ten nur Frau Czernitz, Frl. Asten und
232 3304 1089 3385 die Herren Norfolk und Asper.
1086 3331 1280 3387 — Das
228 3347 1274 3444 total ausverkaufte Haus feierte die Gäste in
227 3381 655 3465 stürctischer Weise.
1076 3425 1250 3501 S. J.
342 3450 1318 3549 #.# #.. . kanglei erhalten wir sol¬
2266 209 2941 342 Brüxer Voinszeitung
1991 280 2254 360 mnitt aus:
2455 351 2726 476 71.05K 7314
2051 502 2984 600 Vom Brüxer Stadttheater.
2099 583 3016 671 r Arthur Schnitzler Das weite Land.
2024 641 3016 691 (Benefiz Julius-Serbouset). Schnitz¬
2985 687 3015 725 1
2029 692 2996 756 lers Tragikomödie „Das weite Land“
2035 740 3017 790 ist eine besondere Spielart des Wiener
2034 792 3020 837 Naturalismus, der mit dem eigenarti¬
2048 850 3022 903 gen Gemisch von Spott und Bitterkeit,
2043 888 3028 944 Resignation und Wehmut in das Leben
2048 932 3029 1001 unserer Zeit schaut, dort, wo die soge¬
2047 992 3051 1053 nannten „Gebildeten“ die „Stützen der
2042 1035 3037 1105 Gesellschaft“, hausen und sich in all der
2040 1079 3037 1156 offenen und verborgenen Herrlichkeit
2877 1135 3025 1201 Das
2039 1132 2732 1200 ihrer Seele manifestieren
2032 1183 3017 1255 weite Land, in das der Dichter mit me¬
2580 1230 3021 1298 Spott hinein¬
2042 1237 2583 1294 lancholisch=bitterem
2040 1279 3033 1339 schaut, ist die Seele. Ein Chaos sieht
2036 1343 3004 1398 er, in dem die schneidendsten Gegen¬
2047 1373 3030 1442 sätze dicht beisammen hocken: Liebe u.
2043 1438 3030 1490 Haß, Sehnsucht und Zynismus, Treue
2902 1467 3037 1541 den
2047 1481 2886 1530 und Verrat. Schnitzler erbringt
2044 1527 3031 1577 Beweis, daß es mit der Moral der mo¬
2047 1572 3035 1646 dernen gebildeten Gesellschaftsklasse
2034 1623 3022 1686 nicht so weit her ist. Aeußerlich wird
2048 1675 3034 1741 diese Moral zum Scheine gewahrt, aber
2052 1734 3030 1789 in Wirklichkeit wird alles was morali¬
2055 1780 3029 1838 schen Wert hat und echt ist, in der Seele
2041 1823 3035 1885 niedergetreten und verwüstet. Dem Dich¬
2055 1889 3022 1936 ter gelingt es zum Erstaunen, den Men¬
2051 1922 3019 1988 schen, die er auf seiner Bühne versam¬
2049 1968 3011 2032 melt, die Larve vom Gesicht, und
2044 2020 3026 2074 Schleier nach Schleier von der Seele zu
2045 2080 3039 2137 nehmen, bis sie hüllenlos dastehen, mit
2049 2112 3068 2180 nichts bekleidet als der Kultur ihrer!
2063 2181 3050 2241 äußeren Formen, ihrer tadellosen Wohl¬
2055 2251 3024 2310 anständigkeit und Gesellschaftsdressur.
2065 2290 3038 2336 Das Stück ist kein Publikums=Erzeng¬
2060 2327 3056 2400 uis. Es geht seinen Weg in das Innere
2063 2376 3042 2445 der Menschen, breitet die Fülle seiner
2066 2428 3040 2495 Erkenntnisse, seiner feinziselierten
2065 2481 3049 2553 Worte in allzu breit dahinfließendem
2063 2527 2402 2587 Strome aus.
2457 2533 3030 2596 Nur im dritten Akte
2055 2567 3042 2650 biegt es bewußt in populäres Fahr¬
2053 2608 3042 2692 wasser, um hier freilich stark aus der
2058 2664 3042 2750 Sphäre Schnitzlers in die grobkörniger
2050 2722 3045 2789 Lustspielfabrikanten zu geraten. Der
2049 2771 2371 2836 vierte Akt
2378 2776 3029 2844 ist dann wieder ganz
2050 2815 3056 2884 Schnitzlers Heimat. In diesem Akt
2060 2874 3046 2948 formt er bann ein Musterbeispiel still¬
2059 2919 3034 2983 ster und dabei dramatischster Ent¬
2063 2969 3035 3031 ladung. Für die breite Masse des The¬
2058 3021 3025 3091 aterpublikums, wird das „weite Land“
2057 3063 3040 3146 wohl nie ein Zugstück werden, da es
2062 3122 3022 3186 mehr auf philosophischer Basis aufge
2060 3162 3024 3222 baut ist; aber ein Genuß ist es für
2058 3225 3019 3284 Feinschmecker der Technik und eine
2056 3262 3037 3312 Freude für alle, denen die seelische De¬
2052 3318 3029 3380 kadenz unserer Zeit kein Deklamations
2050 3370 3023 3434 thema ist. Die Aufführung des Stük
2051 3414 3027 3478 kes machte der Regie des Herrn Pam
2052 3462 3030 3517 mer alle Ehre. Sie war neben dem
2059 3518 3017 3581 flotten Zusammenspiele auch ein Ge¬
2055 3570 3038 3625 schenk geschmack= und stimmungsvoller
2058 3617 3031 3680 Bühnenillusion. Das Beste in den
2057 3667 3035 3726 Einzelleistungen bot Herr Metten. der
2050 3714 3032 3778 aus dem äußerlich so verführerischen,
2063 3758 3027 3811 seelisch so ungeheuerlich „weit“ veran¬
2059 3806 3016 3861 lagten Hofreiter eine geradezu glänz
2051 3871 3027 3931 zende Menschenstudie formte. Nicht so
2063 3907 3022 3975 Frl. Martella. Sie fand für die ge
2062 3958 3040 4024 folterte Gattin nur mittelgute Linien
2057 4007 3021 4065 Der Benefiziant, der leider nur eine mi
2049 4057 3034 4100 nimale Rolle hatte, gab dem jungen
