3392 4224
317 -32 478 32 —  „
533 -84 633 19 Pt1
1419 -21 1871 57 DOA 20/6
470 -1 1254 70 ——
977 968 1111 1043 22
414 1071 1643 1178 Sie will nun die Freundin Genias, der entsagenden
419 1138 1645 1222 Geliebten ihres Sohnes, sein. Da tritt Friedrich herein.
449 1228 1640 1300 Friedrich (von der Terrasse aus herein. Dunkler Paletot
529 1275 1649 1366 über dem schwarzen Gehrock. Schließt rasch den Paletot,
512 1325 955 1397 spannt seine Züge.)
458 1373 1229 1459 Genia (starrt ihn wie fragend an).
454 1430 1634 1517 Friedrich (lächelt starr, ohne zu nicken. Zu Frau Mein¬
511 1484 1630 1562 hold in seiner lachend boshaften Art, die nun wie eine
525 1527 1631 1611 Maske wirkt). Küß die Hand, gnädige Frau. (Er
520 1577 1638 1665 nimmt ihre dargebotene Hand mit einem kaum bemerk¬
518 1625 1120 1697 lichen Zögern.) Wie geht's?
437 1677 1632 1769 Frau Meinhold. Dank. Schon so früh aus der
508 1721 805 1786 Stadt zurück?
438 1782 1632 1864 Friedrich. Aus der Stadt? Nein. Ich fahre jeyt erst
506 1826 1632 1916 hinein. Ich hab nur einen Morgenspaziergang gemacht.
510 1871 1088 1948 Ein ... herrlicher Tag...
395 1961 1629 2048 Als sich Frau Meinhold verabschiedet, findet Hofreiter
376 2025 1607 2118 noch den traurigen Mut, sie und ihren Mann einzu¬
383 2075 1623 2174 laden: „Auf Wiedersehn, gnädige Frau. Und wenn
378 2144 1604 2227 Ibr Herr Gemahl hierherkommt, unser Haus ist na¬
377 2199 1613 2297 türlich . Les amis de nos amis ... und so weiter
382 2246 886 2335 Adieu, gnädige Frau.“
717 2346 1629 2429 „Es hat ihm so beliebt“ den jungen
374 2381 1628 2465 Gegner totzuschießen: „Wie er mir gegenübergestanden
381 2451 1605 2550 ist mit seinem frechen, jungen Blick, da hab ich's ge¬
373 2517 1604 2585 wußt . . . er oder ich.“ Instinktmäßig hatte diesen Wüst¬
369 2566 1613 2669 ling der Haß gegen alles, was jung ist, gepackt; er selbst
365 2624 1601 2719 ist ja noch gierig nach Jugend und Lebenskraft, um
361 2684 1596 2789 den Kreis der Lüste noch einmal durchlaufen zu können:
366 2751 1593 2832 „Mit vierzig Jahren sollt man jung werden, da hätte
352 2796 1599 2899 man erst was davon. Mir ist eigentlich doch, als wäre
362 2879 1601 2958 alles Bisherige nur Vorstudium gewesen. And das
372 2928 1620 3039 Leben und die Liebe fing jetzt erst an.“ — Fried=ich
2557 1014 2656 1090 23
1999 1133 3226 1217 macht einen Strich unter sein bisheriges Leben. Er
1990 1190 3210 1263 hat die Dugend „glänzen sehen und lachen in ihrem
1990 1245 3222 1327 frechen, kalten Aug. Er weiß, was Jugend ist. Und
1990 1306 2565 1378 er kann doch nicht jeden —
2628 1331 3213 1395 — — Deshalb nimmt er
1982 1374 3209 1464 Abschied von Erna Wahl: „Bleib, wo Du bist, Erna,
1985 1436 3214 1511 amüsier Dich gut und — —“. Da hört er aus dem
1987 1495 3219 1571 Garten die Stimme seines Jungen schallen, der aus
1983 1541 3208 1642 England zum Besuche seiner Eltern gekommen ist, er
1975 1605 3207 1695 hört die Stimme der Jugend, seiner Jugend. „Er
1979 1668 3205 1756 wimmert einmal leise auf“ und eilt hinaus, um seinen
1967 1730 3206 1808 Sohn zu umarmen. Wird nicht vielleicht ein andrer
1958 1789 3207 1858 einmal den Revolver auf die „kalten, frechen Augen“ seines
1964 1847 2854 1924 Sohnes richten? — Erna bleibt stehen.
2047 1907 3188 1974 Vielleicht hätte diese dialogisierte Novelle ein starkes
1961 1948 3191 2034 Drama werden können; doch darf man füglich auch daran
1956 2029 3189 2094 zweifeln. Es ist nicht zu leugnen, daß die Einzelheiten
1962 2078 3185 2172 sein beobachtet und charakteristisch dargestellt find, immer¬
1962 2146 3189 2225 hin ermüdet ihre Häufung. Ein paai starke Unter¬
1961 2202 3194 2265 streichungen hätten genügt, die Persönlichkeit Hofreiters
1945 2260 3192 2343 rechtzeitig klarer hervortreten zu lassen und damit einen
1946 2320 3193 2408 wirklich dramatischen Charakter zu schaffen (so hätte
1954 2380 3193 2445 vielleicht die Zeitungsnotiz schon im ersten Akte gebracht
1939 2440 3192 2521 werden müssen); dagegen läßt sich nicht verkennen, daß
1945 2497 3189 2570 das ganze Milieu völlig undramatisch ist. Im Grunde
1946 2562 3180 2645 ist es doch wohl nur falsch angewendete Ibsensche
1936 2628 3177 2700 Manier, die dieses „Drama“ zum Straucheln gebracht hat.
2024 2679 3176 2766 Viel Sympathien wird sich diese „kalte, freche“
1941 2747 3192 2820 Tragikomödie, die ganz auf Vernünfteleien aufgebaut
1947 2790 3186 2893 ist, nicht erwerben; sie ist doch zu erschreckend gefühlsarm.
