3392 4256
1414 138 1852 218 box 29/2
283 127 1249 232 24. Das weite Land
495 383 1726 471 hassen, daß er treu und untreu sein kkönne war das Neue.
1743 401 2955 486 ist, ohne sich dessen bewußt zu sein, die fehlt, ohne dafür
513 452 1725 513 Der Ausgangspunkt für die ganze Gegenwart. Auch
1732 453 2946 530 zur Verantwortung gezogen werden zu können. Mit so
522 493 1723 572 Schnitzler knüpfte hier vor Jahren an. Und gestern hat
1748 509 2950 562 viel innerlicher Hoheit war sie ausgestattet, ein lichter
508 529 1726 602 Medk in „Das weite Land“ geführt. Das weite
1746 561 2947 633 Schein war um sie gebreitet. Im übrigen schien eine fast
519 603 1722 668 Land ist das Land der Seele, in dem viele Wege gehen:
1739 609 2957 678 allgemeine Verschwörung zum Undeutlichsprechen im Gange
510 643 1722 714 vieles nebeneinander Raum hat, auch das Unvereinbarste
1736 660 2940 708 zu sein. Die Stimmung des Stückes drückte auf die Sprech¬
509 703 1727 763 Nachbarschaft halten muß. Viele Wege sind da, kreuz und
1741 703 2957 772 technik. Von den zahlreichen Personen seien die edle und
515 744 1711 807 quer durch das weite Land. Auch Holzwege. Und bei aller
1737 749 2951 827 larmoyante Schauspielerin der Frau Wiesner, der fesche
515 797 1719 866 Ehrerbietung für Schnitzler sei es gesagt — auf einem solchen
1739 803 2951 877 Globetrotter des Herrn Neufeld, die beschränkte Frau
530 847 1728 895 Holzweg scheint Schnitzler zu gehen. Seine Menschen sind
1733 842 2941 924 Wahl des Fräuleins Rogall, der edelgesinnte Doktor
533 889 1724 963 mme schon etwas müde und schlaff gewesen. Sie haben
1731 897 2946 980 Mauer des Herrn Recke, der Tennisidiot des Herrn
527 939 1713 1015 iel gelächelt, wissend gelächelt, trübsinnig gelächelt und,
1738 945 2952 1027 Warbeck erwähnt. Herr Rehberger war ein Junker
527 998 1717 1063 venn einer einmal einen Anlauf nahm, etwas anderes zu
1740 997 2939 1052 keck, Frl. Ries gab sich mit der glaubhaften Unbesonnen.
522 1043 1713 1105 tun, als trübsinnig weise zu lächeln, so schien es nur zu
1743 1044 2953 1123 heit einer ersten Liebe. Herr Strauß stand als Bankier¬
521 1096 1705 1161 dem Zwecke zu geschehen, um einem klugen Arzt, — der
1730 1108 2946 1159 type gut und aufrecht da. Herrn Lenhart fehlte das
510 1151 1712 1212 immer da war — Anlaß zu einsichtsvollen Bemerkungen
1729 1152 2948 1205 Faszinierende, das man seinem Doktor Aigner nachsagte.
517 1197 1721 1255 über das Leben zu geben. Das war immer schon so mit
517 1248 1715 1300 den Menschen Schnitzlers. Aber sie waren immer in ein leb¬
512 1292 1725 1344 haftes Geschehnis gespannt, das sie zwang, sich irgendwie
506 1342 1728 1414 zu entscheiden. Aber jetzt haben diese Schnitzlerschen Men¬
514 1392 1730 1453 schen psychologische Arterienverkalkung bekommen. In dem
502 1449 1731 1489 neuen Drama spielen sie bloß Tennis und denken darü####
512 1500 1719 1543 nach, wie fürchterlich kompliziert sie sind. Es fließt fast
499 1540 1725 1613 kein Blut mehr in ihnen, alle Körperlichkeit hat sich ver¬
507 1603 1712 1674 flüchtigt, sie bestehen nur mehr aus Instinkten und Gehirn¬
505 1639 1719 1701 substanz. Die Instinkte sind sozusagen auch bloß Begriffe
504 1701 1709 1752 geworden und einzig zu dem Zwecke da, um der Gehirnsub¬
509 1746 1715 1817 stanz einen Stoff zum Spintisieren zu geben. Das neuent¬
508 1791 1711 1860 deckte Wunder in der künstlerischen Darstellung des Men¬
493 1848 1709 1907 schen betraf die Zwiespältigkeit seines Willens. Aber Schnitz¬
505 1888 1719 1968 lers Menschen wollen schon gar nicht mehr. Sie lassen sich
501 1945 1711 2017 immer von sich selber überraschen. Sie steigen auf Aigner¬
501 1983 1707 2060 türme, sie spielen Tennis „in guter Form“ aber sie sind
503 2047 1701 2102 seelenmüde, psychologisch anämisch. Und nach der fünften
492 2088 1713 2169 Tennispartie fällt ihnen auf einmal ein: „Sehderanda!
502 2149 1712 2199 Heut bin ich also so!“ Und nun denken sie darüber nach
497 2197 1708 2267 und besprechen mit ihren Freunden, wie merkwürdig das
495 2239 1698 2307 sei, daß sie so sind und zugleich doch vielleicht auch wieder
492 2304 1694 2355 anders. Die Kunst der Seelenzergliederung ist zur psycholo¬
497 2355 1706 2397 gischen Nabelbeschauung geworden. Man weiß von den
494 2398 1702 2471 Buddhisten her, daß einem beim Nabelbeschauen ganz ab¬
494 2453 1698 2499 gründige Sachen einfallen. Aber Dramen pflegen nicht
480 2488 1696 2556 daraus zu werden. Auch bei Schnitzler ist keines daraus ge¬
477 2548 1690 2623 worden. Da ist der Fabrikant Hofreiter, der liebt seine Frau
478 2604 1691 2660 und bandelt gleichze.g mit einigen andern, sie weiß das,
485 2638 1695 2724 aber sie betrügt ihn dennoch nicht mit dem Virtuosen Dasa¬
485 2695 1695 2753 kow, so daß sich dieser ersch'eßt. Als der Gatte das aus
487 2745 1696 2795 einem hinterlassenen Driefe erfährt, freut er sich nicht der
471 2806 1693 2870 höchst unverdienten Anständigkeit der Frau, sondern erklärt,
487 2858 1694 2903 ihre Tugend sei ihm unheimlich, weil sie einen Menschen in
481 2895 1681 2968 den Tod getrieben habe. Gleich darauf läßt er sich in ein
479 2965 1688 3022 neues Liebesabenteuer mit einem jungen Mädchen ein. Er
477 2992 1689 3056 will sich von seiner Frau scheiden lassen und sie heiraten.
482 3046 1681 3117 Er spricht so, daß man überzeugt ist, er sei überzeugt. Das
475 3078 1703 3170 ist eine große Leidenschaft. Und am nächsten Morgen reist
465 3147 1686 3202 er ab, Er kommt dahinker, daß ihn seine Frau nun endlich
469 3202 1691 3252 doch betrügt. Mit einem Marine=Fähnrich. Und er beleidigt
479 3245 1680 3309 den armen Jungen, so daß sich der zum Duell stellen muß.
473 3292 1688 3373 Er zwingt ihn zum Kampf, obzwar er seine Frau nicht liebt
476 3350 1675 3411 und nicht haßt. Und er haßt auch den jungen Mann eigent¬
471 3406 1683 3465 lich nicht. Aber er erschießt ihn, weil er ihn im Augenblick
469 3458 1668 3511 des Kampfes doch haßt. Und kehrt zurück und ist glücklich,
465 3499 1685 3570 weil seine Frau nun erklärt, daß es aus ist. Das junge
473 3548 1684 3635 Mädchen aber, das sich ihm nun anbietet und mit ihm in
471 3604 1675 3654 die Welt gehen will, weist er zurück. Und noch kurz vor
471 3653 1678 3708 dem Fallen des Vorhanges entdeckt er Vatergefühle in sich
495 3695 1685 3759 .. Und Frau Genia, seine Gattin! Sie liebt ihn nicht und
482 3753 1684 3811 nöchte ihn aus „Revanche“ betrügen, aber sie tut es nicht.
475 3804 1682 3870 Und schließlich tut sie es doch, obzwar sie den Fähnrich
480 3849 1682 3905 licht liebt, aber dann verläßt sie ihren Mann, weil er den
480 3896 1675 3969 fähnrich erschossen hat. So sind fast alle Menschen dieses
482 3951 1681 3997 Stückes. Das weite Land! So ist nun einmal die Seele des
474 4004 1663 4063 Renschen, sagt Schnitzler. Aber das ist eine Ausrede. Him¬
476 4050 1664 4098 nelkreuzdonnerwetter, ist denn die ganze Menschheit nur
475 4089 1676 4144 ius lauter Willensschwindsüchtigen zusammengesetzt? Gibt
