3296 4320
907 101 1051 172 Lan
1295 106 1749 194 box 29/1
173 93 1136 211 24. Das beite1d
378 898 1534 968 Hang zum Tiefsinn am falschen Platz. Der Regisseur, Herr
384 944 1537 1003 Direktor Rolan, hatte sich offenbar so lange und eingehend
379 981 1542 1041 mit dem Stück beschäftigt, bis er allenthalben innere
390 1037 1537 1086 Konnexe von Handlung und Dialog, Vorahnungen und Be¬
1551 1008 2690 1083 dasselbe Wohlwollen genießen, wie die Italiener. Er
2696 1050 2799 1120 ga
1422 1068 1533 1119 Sie
1543 1060 2698 1110 fügte hinzu: Wir werden uns bemühen, Industrie und
383 1071 1424 1122 stätigungen aus den Zeilen des Textbuches lugen sah.
1552 1106 2691 1178 Ackerbau zu entwickeln, und rechnen dabei auf die
1433 1113 1541 1165 des
384 1112 1426 1159 alle zu bewältigen, sichtbar werden zu lassen, tat er
1532 1146 2477 1208 Unterstützung aller Europäer, unserer Freunde.
380 1144 1538 1203 Guten zu viel an Unterstreichungen hier, Vorhalten dort,
2698 1136 2789 1215 9
1656 1173 2679 1241 Massaua, 14. Okt. (Meldung der „Agenzia Stefani“.)
373 1185 1539 1243 er lieh dem Stücke Ritardandi, die kaum zu erleben waren, und
2707 1206 2799 1263 un
1549 1209 2688 1271 Die Mobilisierung in Erythräa ist ohne Schwierigkeiten
381 1218 1531 1288 neben einer allgemeinen Monotomie Ausbrüche, die in solcher
2695 1251 2801 1305 un
1549 1267 2683 1333 vor sich gegangen. Die Gesamtzahl der Streitkräfte belief
384 1255 1518 1332 Unerwartetheit befremdend wirken mußten. Kurzum: er
2691 1297 2796 1358 zu
1539 1297 2251 1371 sich am 10. Oktober auf über 10 000.
388 1310 1527 1347 spielte Arthur Schnitzler, den Plauderer, den Bonmot¬
1654 1327 2686 1400 Konstantinopel, 14. Okt. Die Verwaltung der Dette
386 1342 1528 1392 Menschen, den liebenswürdigen, beschaulichen, betrachtenden
2704 1344 2800 1405 wi
383 1386 1524 1434 Schnitzler etwa so, wie man vor einem Jahrzehnt noch auf
1545 1365 2695 1435 publique hat auch bei den Großmächten gegen die Besitz¬
2707 1390 2793 1455 91
384 1426 1537 1467 manchen Bühnen der Provinz dem Tiefsinn eines Ibsen bei¬
1550 1415 2686 1468 ergreifung der bei der Dette publique verpfändeten Einnah¬
1548 1467 2695 1523 men aus Tripolis durch die Italiener Protest erhoben. Diese
378 1461 794 1517 zukommen versuchte.
782 1462 1535 1515 Er verkannte, daß das, was in dem
1544 1500 2697 1559 Einnahmen sollen jährlich etwa 50000 Pfund betragen.
380 1503 1516 1555 Sücke an tieferen Erkenntnissen steckt, sozusagen kontra¬
1599 1540 2692 1596 Nach Blättermeldungen setzen italienische Schiffe
368 1539 1537 1588 punktische Unterströmung sein mußte, über denen eine Fülle
1548 1572 2693 1649 die Beobachtung der Küsten von Evirus von Prevesa bis Parga
367 1581 1536 1641 leichter, prickelnder, tändelnder Melodien ihr lockeres Wesen
368 1622 573 1681 treiben.
1547 1621 2511 1677 sowie des Einganges in die Bucht von Valona fort.
2699 1612 2797 1681 Na
1658 1650 2681 1699 Port Said, 14. Okt. (Reuter) Das türkische Trans¬
459 1638 1520 1715 Von diesem Zuviel lan Nachdruck, an aufdringlichen
2703 1658 3250 1759 Stellen sind heute aus P
1546 1697 2685 1742 portschiff „Kaiseri“ ist in den Hafen eingefahren und hat
368 1687 1523 1758 Kommentaren abgesehen, kam manches recht hübsch und im
2700 1719 3246 1796 die offiziell die Meldungen
1534 1735 2692 1804 Truppen bei Kantara gelandet, von wo diese
385 1740 1524 1794 Sinne des Dichters eindrucksam heraus. Am besten gefiel
1549 1780 2699 1832 über Kalat=el=Arisch unter Eskorte von ägyptischen Küsten¬
2691 1765 3261 1846 Wukschang bestätige
369 1772 1527 1843 mir Herr Rolan selbst als Hofreiter. Er hatte den Typus
1550 1818 2678 1860 wachen nach Palästina gehen werden. Das Transport¬
373 1816 1529 1881 in der Anlage; nicht immer in der Durchführung; auch
2699 1825 3256 1896 Nanking telegraphierte, de
1534 1859 2681 1919 schiff „Kaiseri“ wird in ein Hospitalschiff umgewandelt
376 1856 1531 1916 kommentierte er selbst zuweilen mehr als er gestaltete.
2699 1867 3258 1934 Aus Peking liegt die Mex
1536 1901 2157 1954 und geht dann ins Rote Meer.
367 1889 1522 1953 Doch ward die Darstellung dieses mit guten Nerven begabten
2693 1926 3264 1987 länder und Amerikaner mit
1612 1932 2687 1998 * London, 14. Okt. In Erwiderung der Anfrage einer
375 1934 1525 1986 Genießers, des Rücksichtslosen und dennoch Weichen, lebendig.
2696 1958 3258 2040 aus Hankau erwartet wer
1532 1962 2693 2036 Abordnung von Vertretern der Mercantile Marine=Asso¬
381 1975 1530 2032 Es eignete ihm Unwiderstehlichkeit und jener Einschlag des
1546 2019 2677 2079 ciation wegen der Ablöschung der Küstenlichter
374 2015 1527 2067 Suggestiven, gegen das es kein Wehren gibt. Daneben trug
2690 2012 3246 2087 in Peking eingetroffenen
1530 2048 2680 2115 durch Italien und die Türkei erklärte Sir Edward Greh,
373 2052 1520 2106 Frau Paula Nicolai die schwere Bürde der Genia mit
2690 2067 3254 2138 mäßige Agitation des Führe
1548 2100 2679 2146 auch er bedauere diese Maßnahme, was für die neutralen
376 2095 1528 2146 Anstand. Man fühlte zwar das Ererzitium, erlebte hier und
2688 2114 3257 2183 es scheint, auch in den bishe
1532 2126 2688 2204 Mächte Unzuträglichkeiten und Gefahren mit sich bringe,
367 2137 1525 2182 dort die Ueberraschung, daß die Gestalterin den vorgezeich¬
2692 2164 3259 2236 vinzen zahlreiche Anh
1548 2177 2679 2248 sagte aber, die betreffenden Mächte seien hierin in ihrem
376 2175 1524 2229 neten Bahnen des Regisseurs entsprang. Dafür gelang alles
1535 2210 1679 2277 Recht,
368 2217 1518 2269 Verhaltene, Zurückgedämmte recht gut, die Verwirrung hier,
2695 2213 3251 2286 lution ist anscheinen
368 2241 1535 2311 die gesellschaftliche Fassung dort, und wo die Kraft nicht
2692 2265 3222 2332 bereitet worden. Wie
373 2287 1536 2352 reichte, Entscheidendes beizubringen, glitt kluge Vorsicht und
1937 2280 2269 2377 Marokko.
2688 2307 3261 2378 SunYat Sen an Londone
374 2331 1524 2392 Sparsamkeit doch über Klippen hinweg. Sichtbar waren: die
2696 2363 3261 2421 die „Daily Chronicle“
1931 2361 2294 2438 (Telegramm.)
375 2372 1525 2418 innige Liebe zu Friedrich, das Duldertum, die Resignation.
371 2408 1529 2460 Minder gelang das Bewegte, die kämpfende Genia entglitt
2694 2409 3248 2471 hat eine sehr wirksame
2169 2400 2652 2490 ∆ Berlin, 14. Oktober.
371 2450 1529 2516 in Aeußerlichkeiten. Weitaus die beste Leistung bot nehen
2700 2453 3251 2528 chinesischen Militär
1602 2453 2685 2531 Der Pariser Korrespondent der „Voss. Ztg.“ behauptet,
363 2491 1410 2534 diesen bedingten Herr Moran als Freund Mauer.
2688 2502 3256 2578 Divisionen moderner Truppe
1521 2521 2685 2581 die Schwierigkeiten der gegenwärtigen Verhandlungen über
370 2532 1514 2586 mannhafter, karger Mensch, treuherzig, diskret, fern jeg¬
2692 2554 3256 2615 Revolutionäre sein.=Von den
1523 2560 2689 2631 die französischen Entschädigungen an Deutschland lägen
368 2566 1513 2629 lichem Kompromißlertum. In Ton und Haltung eine
371 2608 1516 2655 sicher hingestellte Figur. Auch mit Herrn Seeburgs
2691 2610 3258 2671 ob sie für die Regierung i#
1528 2611 2684 2668 nicht in der Frage, ob Frankreich mehr oder weniger
361 2649 1511 2716 Marinefähnrich, Herrn Zieglers maßvollem Aigner, der
2697 2655 3262 2726 Fremden soll nicht gefährde
1534 2660 2679 2724 Geviertkilometer an Deutschland abtrete, auch nicht darin,
364 2688 1522 2736 frischen Frau Wahl Frl. Wolfganns, dem gemessenen
2687 2711 3264 2763 französischen Kolon
1537 2710 2684 2783 ob Deutschland Frankreich den Entenschnabel über¬
372 2728 1522 2790 Zyniker Natter des Herrn Romanoff könnte man einverstan¬
2690 2751 3262 2807 tungen, denn, wenn die B
1524 2755 2684 2831 lasse oder nicht, sondern in einem grundsätzlichen Gegen¬
365 2773 1526 2827 den sein, und Frl. Wielegk offenbarte als Adele eine
911 2797 959 2841 6
362 2797 1515 2859 hübsche Begabung für gefällige Sonbrettenrollen. Eine
2691 2796 3247 2870 gegen die Fremden gerichtet
1536 2807 2670 2886 satz. Deutschland besteht darauf, eine Verbindung von
360 2848 1521 2890 bedauerliche und für das Stück gefährliche Fehlbesetzung aber
2693 2853 3249 2910 bruch einer starken f
1536 2866 2683 2917 Kamerun mit Belgisch=Kongo zu erlangen, während man in
368 2884 1520 2935 war es, die Rolle der Erna Frl. Orla zu überantworten.
2680 2893 3261 2968 wegung sehr im Bere
1536 2915 2675 2983 Frankreich von einer Zerreißung des nördlichen und süd¬
358 2922 1513 2979 Die junge Schauspielerin hat ja, seit sie am Deutschen Theater
2687 2957 3241 3018 außerdem fürchtet man die
364 2970 1514 3016 in kleinsten Rollen debütierte, einiges hinzugelernt. Doch lange
1536 2957 2667 3027 lichen Kongogebiets durch Ueberlassung des mittleren Teils
368 3005 1510 3065 nicht genug für diese wichtige Partie, mit deren richtiger oder
2682 2996 3250 3066 das indo=chinesische K
1518 2999 2672 3073 der Kolonie an Deutschland schlechterdings nichts wissen will
359 3043 1522 3100 falscher Verkörperung die Idee des ganzen Stückes steht und fällt.
2687 3042 3254 3119 daß die Führer die Massen
1536 3052 2678 3111 und sich ontschlossen erklärt, die Verbindung zwischen beiden
369 3080 1524 3130 Diese Erna ist kein Zierpüppchen; vielmehr ein Wesen voll be¬
2688 3095 3250 3160 können, wenn sie an die frei
1534 3099 2671 3175 Teilen der Kolonie um jeden Preis aufrechtzuerhalten. Der¬
367 3126 1514 3180 gehrender Kraft, ein eben flügge gewordenes Weiblein, das
2687 3150 3241 3217 lieren. Man hält daher die
1526 3148 2674 3226 selbe Korrespondent deutet dann auch noch an, daß zwischen
370 3155 1517 3220 mit all der Unerfahrenheit der Seele und der Sinne aben¬
2690 3193 3084 3257 mittelbar gefährdet.
356 3196 1514 3240 teuern geht. Jugend, frische Jugend muß sie haben. Die
1517 3189 2680 3251 dem Ministerpräsidenten Caillaux und Herrn de Sel¬
362 3231 1520 3298 Erna Frl. Orlas hatte, mit Respekt zu melden, Affigkeit, auf
2760 3232 3254 3300 * Hankau, 14. Okt. (Rer
1521 3249 2677 3314 ves, dem Minister des Aeußern, in der Beziehung
348 3265 1439 3321 die ein Hofreiter zum wenigsten hereingefallen wärc. ...
2687 3264 3262 3345 Streitkräfte befehligende Gen
1522 3305 2690 3361 Meinungsverschiedenheiten bestünden. Herr Caillaux
441 3315 1505 3372 Die Aufnahme der Komödie war eine liebenswürdig¬
2698 3321 3246 3371 Konsuln mitgeteilt, daß seine
366 3355 1322 3412 refpektvolle Kundgebung an einen Unverstandenen.
1521 3345 2682 3428 sei ein Fürsprecher möglichst guter Beziehungen
2690 3364 3236 3414 verpflichtungen und andere
997 3401 3183 3461 Fritz Ph. Baader." zu Deutschland, während Herr de Selves sich in 1 Regierung anzuerkennen.
