3344 4192
740 200 790 253 W
1043 194 1096 263 I.
313 180 1263 293 24. bas Teang
1420 210 1876 299 box 29/5
553 1264 1567 1393 München-Augsburger Abendzeitung
900 1370 1229 1477 2 6 Kpr. 1924
907 1512 1410 1597 Das weite Land
748 1574 1585 1650 Tragikomödie von Arthur Schnitzler.
707 1633 1618 1687 Zum erstenmal im Münchner Schauspielhaus.
729 1687 1639 1735 „Die Seele ist ein weites Land“ — sagt jemand
670 1726 1631 1786 in dieser Tragikomödie. Und das ist das einzige
669 1767 1641 1811 Mal im Verlauf der fünf langen Akte, wo man
664 1806 1648 1860 etwas von Seele merkt. Im übrigen steht auf der
665 1844 1631 1899 Bühne die von Schnitzler mit geüdier Hand hin¬
671 1885 1637 1921 schablonierte österreichische Gesellschaft, nett, be¬
669 1925 1639 1980 longlos, ewig tennisspielend, mnötig vom An¬
666 1961 1636 2010 fang bis zum Ende, behaftet mit jener süßen
668 2003 1640 2040 Wurmstichigkeit, aus der sich die gewohnten Kon¬
664 2032 1636 2082 Sflilte ergeben: einer betrugt immer den anderen.
663 2074 1055 2136 Liebelei — Ehelei.
732 2115 1630 2169 Zum Schluß wied einer erschossen, das ist
669 2162 1629 2211 nämlich das Tragische. Zwischenhinein bemüht
669 2195 1632 2248 sich Schnitzler, in dem Fabrikanten Friedrich Hof¬
659 2234 1632 2287 reiter einen Gewalt= und Höhenmenschen zu ge¬
666 2274 1639 2329 stalten, der mit einer schon häufig dagewesenen
660 2313 1632 2349 Rücksichtslosigkeit über Leichen geht; in diesem
668 2347 1631 2411 Bemuhen hat man wahrscheinlich das Komische zu
657 2391 1630 2434 erblicken. Also rechtfertigt sich die Bezeichnung
669 2427 1637 2485 „Tragikomödie“ für diese fortwährend durch Ehe¬
671 2465 1597 2515 irrungen unterbrochene Tennispartie. Ja, ja —
666 2506 1275 2549 die Seele ist ein weites Land!
726 2534 1625 2583 Die Aufführung im Schauspielhaus war min¬
656 2580 1637 2632 destens ebenso belanglos, sofern man überhaupt
668 2623 1634 2656 etwas verstand; denn es scheint dort augenblicklich
665 2661 1637 2715 als besonders sein zu gelten, so leise zu sprechen,
656 2698 1631 2746 daß man jenseits der 8. Reihe nichts mehr hort;
670 2735 1632 2779 Fräulein Anton, vermutlich eine begabte Schau¬
669 2770 1627 2832 spielerin, treibt diese sonderbare Finesse bis zur
665 2811 1628 2856 Unart. Neben ihr stand Forster Larrinaga,
654 2863 1634 2905 verantwortlich für die Spielleitung und für den
659 2885 1629 2951 Tod des kleinen Fähnrichs, den er, als Darsteller
661 2930 1628 2979 des obengenannten Gewaltmenschen, nicht ganz
658 2969 1633 3012 glaublicherweise durch einen Pistolenschuß ver¬
656 3016 1636 3060 ursacht hat. Diese Besetzung der Hauptrolle war
663 3047 1627 3086 ein Mißgriff. Wahrscheinlich hätte Otto Framer
661 3085 1637 3147 der, als einzige wirklich lebendige und kräftige.
667 3122 1630 3162 Gestalt, zu einer Episode verurteilt war, an For¬
661 3158 1633 3203 sters Stelle dem ganzen Abend eine andere Note
673 3194 1527 3252 gegeben. Bleiben zu nennen Gertrud
1525 3206 1586 3249 d
671 3236 1635 3280 Lalsky, Marie Ferron, Kurt Katsch, Ewis
666 3279 1631 3355 Borkmann, Emil Heß und Ferdinand
623 3337 1592 3407 Classen. Die Teilnahme der Zuschauer blielt
582 3380 913 3452 ebenso mäßig.
1338 3385 1594 3473 H. w. 6.
1830 1435 2618 1493 Deutschland und Rußland nicht günstiger.
1889 1482 3049 1535 Von vorneherein mußte sich die deutsche Regierung darüber klar
1900 1527 3036 1574 . daß sie sich mit ihrem Beginnen einem gewissen Mißtrauen
1934 1564 3047 1615 tzen würde. War die Wahl des Zeitpunktes aber Absicht,
1907 1601 3048 1650 chsam Betonung dessen, daß Deutschland auch noch andere Mög¬
1831 1655 3060 1696 lichkeiten hat, so wäre das ein gefährliches Spiel, aus dem gewisse
1834 1685 3063 1747 Kreise des Auswärtigen Amtes und der deutschen Reaktion all¬
1830 1729 2526 1777 Amiaf Gatlanne ##### Tannitell.
2977 1760 3059 1813 von
2019 1760 2512 1837 Münchener Post
3001 1801 3053 1857 h¬
2977 1962 3060 2016 aft¬
2897 2000 3083 2063 siier
2032 1985 2464 2084 Z. 1 Anf. 1924
2123 2066 2830 2152 Theater- und Kunsinacheichten.
1901 2127 3104 2199 Schauspielhaus. Das weite Land. Tragikomödie in fün
1878 2194 2492 2255 Akten von Artur Schnitzler
3012 2223 3057 2281 die
2241 2227 2494 2297 weit hergehöl
1938 2239 2131 2298 Der Titel
2276 2277 2440 2329 Es ist de
1881 2281 2120 2343 nicht gerecht
1878 2326 2146 2379 sauber aufgeb
2979 2788 3073 2839 nd di
1894 2799 1953 2856 kie
2897 2821 3045 2881 ichs. He
1886 2836 1933 2902 F
2889 2864 3087 2923 her Leiden
2415 2877 2552 2926 von qu
1906 2888 1966 2932 del
2954 2910 3031 2962 uch
2340 2916 2589 2971 alltägliche
2904 2946 3086 3006 starker see
2329 2954 2611 3013 Fähnrich auslö
1915 2958 2189 3017 Pistolenduell, d
1909 2999 2635 3051 lischer Leitmotive auf allen Seiten blei
2867 3025 3069 3083 Skandälche
1908 3045 2731 3098 sich prickelndem Episodenhumor umrankte Ge
1902 3087 3111 3151 ein kulturhistorisch auch heute noch wertvolles Abbild der ober
