3436 4320
1400 120 1862 211 box 28/5
291 113 1245 219 24. Das veite Land
932 811 1146 892 Thearer
2364 813 2498 899 779
943 883 2503 958 Allllil.
939 952 2489 1009 andere Eigenart von ihm, den Schicksals. An Genia und Fritz Hofreiter sucht
936 1008 2500 1057 gedanken und die schwebende Vorsehung Schnitzler, was er psychologisch formen
936 1052 2486 1110 hereinzuziehen, zwingt diesmal seelisch so wollte, herauszuentwickeln. Da nun der
940 1098 2498 1171 wenig, daß man nur die Absicht des Tech= Wurzelboden alles Geschehens das uneröff¬
943 1160 2497 1222 nikers dahinter verspürt. Auch von den nete Wirrland der Seele ist, so gründet
930 1190 2494 1258 anspielenden Neben= und Vordeutungen des sich die Unsicherheit in den Linien schon
939 1250 2489 1314 Dialogs sind manche, weil zu aufdringlich auf das Problem. Die Unsicherheit liegt
941 1307 2480 1368 unterstrichen, im Theatralischen geblieben, aber auch in der mangelhaften Durchgestal¬
983 1344 2487 1417 Daß von den begleitenden Motinen tung, im Können des Dichters. Soll das
928 1409 2494 1469 einige an die Fragestellungen der nor= Abirren Genias, ihr entscheidender Umschlag
928 1447 2489 1508 dischen Problematiker erinnern, sich mit glaubhaft und lebenswahr wirken, so darf
927 1510 2481 1565 ihnen decken oder schneiden, das liegt an ihn der Dichter nicht in die Zwischenakte
935 1550 2479 1605 demselben Kampfkreis, der eben hier wie versenken, so muß er ihn eingehender mo¬
929 1590 2483 1648 dort den Ausgleich der Geschlechter um= tivieren. Alfred Kerr hat einmal von
928 1649 2478 1697 schließt. Wenn etwa Schnitzler mitunter= Schnitzler gesagt, ihm fehle die Klarheit der
935 1693 2479 1761 fließen läßt, daß, sobald dem Manne Frei= lateinischen Rasse, und er meinte dabei
929 1744 2485 1804 heiten im geschlechtlichen Ausleben zustün= die rationalistische Klarheit der gedanklichen
922 1794 2490 1860 den, die gleichen auch dem Weibe zukämen, Darstellung. Und die sittliche Klarheit
929 1844 2495 1916 so hat nach Camilla Collets Weckruf be= christlich germanischer Denker? Vielleicht
931 1890 2475 1944 reits Björnstjerne Björnson diese Frage im stellt sich die Unzulänglichkeit darin nir¬
930 1940 2486 2009 „Handschuh“ angeschnitten, nur mit dem gends so glatt heraus, als wenn er den
921 1982 2479 2044 Unterschiede, daß seine volltönende ethische Wahrheitsbegriff umreißt. Darnach wäre
923 2041 2472 2115 Energie die beiden Geschlechter auf die glei= die Wahrheit weiter nichts als Zugeständ¬
924 2088 2470 2140 chen Sittengebote und Eingrenzungen fest= nis, offenes Bekenntnis. Wie tief, un¬
927 2134 2480 2210 legen wollte. Und wenn Strindberg im erbittlich, ganz ist dagegen Ibsen, überall,
928 2182 2488 2240 „Vater“ verkündet, daß nur die Frauen, wo er zur Verantwortung drängt, ein Christ,
929 2234 2481 2281 nicht die Männer, Kinder ihr eigen nennen der jeglichen Antrieb und Gefühlsstrom,
928 2285 2486 2335 dürfen, so sagt Schnitzler, daß keine Mutter jegliche Tat aus dem einen Grund der
914 2342 2472 2405 ihren Sprößling sich zu eigen bewahrt, inneren Treue und Wahrhaftigkeit schöpft.
924 2377 2480 2431 weil die Kinder zu Jünglingen und Män= So hat Schnitzler wohl ins weite Land ge¬
921 2417 2471 2474 nern wachsen. Strindberg enthüllt dann, zeigt, indem er seine Gestalten verheim¬
914 2481 2471 2551 wie ein Weib den Mann zwar mütterlich lichen, schleichen, mißtrauen, lügen, sich ver¬
925 2526 2481 2599 lenkt, wie aber aus solch herrischer Mütter= stellen und betrügen läßt, aber auf den
911 2575 2465 2634 lichkeit nie die schmiegende, duftende Liebe willensstarken, zielsteten, zuversichtlichen Ge¬
914 2602 1695 2682 der Geliebten zu erblühen vermag. Und
1703 2637 2465 2695 wissensmenschen, in das weite, herrliche Land
918 2660 1693 2727 hier rückt Schnitzler näher an ihn, denn
1697 2680 2474 2737 der Seele als den Sä= und Fruchtboden
914 2721 1689 2784 Frau Genia hegt zunächst auch die Liebe
1707 2734 2479 2793 alles menschheitlich Edlen und Dauernden
921 2778 2200 2830 einer Mutter, zwar nicht jene Liebe, die hat er bisher nicht gewiesen.
916 2820 1700 2876 sich nur zügelnd und einredend bekundet,
1726 2826 2461 2886 Am 8. Dezember ging über dieselbe
921 2859 1685 2925 aber jene, deren Milde alles sänftigt, ver¬
1689 2866 2472 2944 Bühne die Uraufführung eines Dramas,
920 2915 1678 2978 zeiht und segnet. Und eben sie soll nicht
1706 2924 2462 2991 das wiederum aus dem weiten Land auf¬
915 2954 1682 3021 verzeihen, sie soll leidenschaftlich absagen
1706 2969 2470 3042 steigt. Nur wird das Land hier von einer
912 3003 1687 3070 und verurteilen können. „Wenn Frauen nur
1698 3026 2472 3091 anderen Entwicklungsstufe aus, durch ein
912 3070 2468 3119 Mütter sind, das ist wohl nicht das Rich= anderes Temperament geschaut. Nicht der
907 3117 2471 3188 tige." „Es gibt Dinge, die nicht verjähren.“ Skeptiker einer späten Kultur schlägt da
916 3176 2468 3221 Hätte Ibsens Frau Alving in das Haus geflissentlich, genießerisch dunkle Knoten in
915 3216 2462 3286 des Kammerherrn die Frühlingssonne ge= das seelische Gewebe mit einer vielspältigen
906 3252 2472 3338 tragen und wäre Frau Genia der Untreue Psychologie, die für das Drama noch gestern
909 3314 2471 3374 gegenüber in Glut und würdigem Zorne modern war, um heute schon von den stren¬
904 3351 1340 3426 aufgelodert, wer weiß?
1675 3374 2478 3436 geren Formern abgelehnt zu werden. Nein,
3239 65 3350 164 1
