3436 4256
321 50 1258 151 24. Das veite Land
1133 976 1440 1101 12.37.1017
851 1067 1529 1241 Egerer Zeitung
353 1280 1494 1407 * Stadttheater Heur Höbling als Hofreies
570 1354 1468 1455 er's „weitem Land“ hielt, was seine
406 1396 1464 1495 #Leistung angedeutet und versprochen hatte.
412 1452 1466 1528 war eine Gestalt aus einem Guß, an der man
313 1494 1468 1590 Find helle Freude haben konnte. Nur daß diesmal
308 1558 1467 1613 leider unser einheimisches Ensemöle mit dem Gaste
318 1598 1454 1670 nicht Schritt zu halten vermochte. „Das weite Land“
307 1639 1480 1742 ein tiefflaniges, psychologisches Stück, braucht selbst
319 1695 1481 1777 in seinen kleinsten Rollen eine durchwegs erftklassige
366 1738 1487 1820 esetzung und es ist nur zu beklagen, daß eine kleine
405 1797 1471 1865 mmerbühne eine solche nicht zu stellen vermag.
419 1850 1501 1927 es wäre Manches besser gewesen, wenn nicht!
419 1889 1475 1955 dezu eine unverständliche Fehlbesetzung stattge¬
408 1946 1487 2028 den hätte. Die erste Partnerin des Gastes Fräu¬
376 1992 1484 2082 n Deeren kam ihm noch am nächsten. Ihre
311 2046 1489 2117 Leistung kann als durchwegs gut zensuriert werden
300 2098 1499 2176 und hätte sie einige Affektionen vermieden, könnte ?
308 2147 1500 2241 man sich selbst ein „Sehrgut“ leisten. Gänzlich ver¬
300 2199 1465 2269 sagte jedoch die zweite Partnerin, Frau Roland.
308 2241 1469 2323 Das soll nicht ihr aufs Kerbholz geschrieben,
291 2281 1495 2367 sondern jinem Faktor, der die Besetzung vornahm,
296 2340 1449 2410 angerechnet werden. Man fördert nicht eine Künst¬
297 2389 1480 2463 lerin, wenn man sie auf einen Posien stellt, der #
294 2439 1463 2532 ihrem ganzen Wesen so gar nicht entspricht. Wie
290 2493 1484 2558 verkennen nicht, daß sich die junge Dame alle Mühe
290 2536 1478 2615 gegeben hat und es tat uns nur leid, um den
294 2581 1468 2656 unnützen Aufwand, der in einer anderen Rolle der
287 2644 1434 2718 Frau Roland sicherlich einen schönen Erfolg hätte brin¬
288 2679 1449 2779 gen können. Ebenso war es ein Mißgriff, die Frau
274 2735 1437 2812 Wahl demFil Falkenstein anzuveitrauen. Diese
278 2781 1432 2840 Rolle dauf von der Künstlerin nicht selbst schon humori¬
281 2833 1418 2906 stisch gegeben werden, sie ift vollkommen ernst zu nehmen,
287 2888 1417 2949 wie ja tatsächlich diese angenehme Spezies unter
286 2935 1413 3008 unseren Mumenschen sehr zahlreich vertreten ist. Je
286 2983 1414 3062 einsten gerade diese Rolle aufgefaßt und dargestellt
277 3030 1419 3108 wird, umso mehr wirkt sie auf den Zuschauer als
273 3086 1410 3162 eine Persiflage. Auch Frl. Burkhardt war ihrer
272 3130 1406 3218 Aufgabe keineswigs gewachsen. Die durchgeistigte,
269 3178 1404 3255 lebenssatte Schauspielerin hätte einer anderen Inter¬
276 3231 1409 3308 pretin bedurft, Besser war die Rollenverteilung bei
276 3273 1413 3363 den Heiren, unter denen besonders die Heuren
277 3305 1418 3393 Bowacz, Rolden, Raul und Hübner recht
349 3362 918 3460 sche Leistungen brachten.
1203 3381 1419 3468 —11
1454 60 1875 149 box 29/3
2145 248 3139 303 Reichenberger deutsche Volkszeitung
2348 305 2956 387 Reichenberg, Böhmen
2310 481 3110 551 Reichenberger Stadttheater.
2826 548 3171 630 4. August 1917.
2388 593 3021 672 1. Gastspiel Arnold Korff.
2259 657 3208 739 Von all den Cästen, welche unseie Theater¬
2169 696 3220 770 leitung bisher zu verpflichten wußte, muß Herr
2171 743 3205 816 Arnolo Korff als die gewinnendste und pak¬
2178 789 3210 880 tendste Erscheinung gebucht werden. Nicht etwa,
2177 832 3222 919 weil er von der Burg kommt, sich dort und in
2166 885 3211 967 aller Welt eine, höchst. Achtung gebielende Stel¬
2166 931 3205 1017 lung selbst unter den Rangältestn und den
2170 974 3206 1077 Jugendlich=Begabten errungen hat, nicht weil er
2156 1018 3197 1106 Routine und alle anderen Eigenschaften in reich¬
2156 1063 3197 1145 stem Maße besitzt, die ihm das Burgthealerdiplom
2154 1111 3180 1185 und eine Reihe von Orden und höchsten Aus¬
2163 1157 3201 1227 zeichnungen eingetragen haben (derlei Ehrungen
2153 1198 3200 1287 werden ja schließlich, jedem zuteil, wenn er die
2154 1250 3188 1316 nötige Geduld, Beliebtheit und Protektion be¬
2151 1298 3192 1375 sitzt), sondern wull er mit zu jenen (Wenigen gehört,
2153 1337 3192 1410 denen die Kunst nicht so sehr Broterwerb, svielmehr
2148 1371 3181 1456 Bedürfnis ist, wirtliche Menjchen auf die
2140 1434 3180 1514 Bühne zu stell, Menschen mit all ihren Vor¬
2139 1474 3174 1562 zügen und Schwächen, ihren Launen und Citel¬
2145 1519 3180 1602 leiten, ihren Halbheiten und Verrücktheiten, wie
2145 1564 3183 1668 man sie im Lehen wirklich vorfindet, nun sdaß sie
2140 1603 3178 1702 nicht den Mut haben, Farbe zu belennen und
2138 1648 3180 1737 lieber als Sonderlinge das Läch ln oder Mit¬
2129 1700 3187 1794 leid der Menge erregen, als offen zu bekennen:
2128 1748 3181 1838 So bin ich einmal und nicht anders, so müßt
2124 1791 3169 1876 ihr mich nehmen, zum Herdenmenschen kann ich
2131 1834 3184 1935 nicht herabsinken. Herr Korff ist in der Welt
2123 1879 3169 1968 weit herumgekommen, er hat. Menschenkenntnis ge¬
2118 1931 3156 2033 sammelt, ihm sind sie alle begegnet: Die Nietz¬
2124 2060 3174 2155 scheuner und Belenner Schopenhauers, die Kohlen¬
2111 2123 3164 2189 und andere Barone, die Snobs, Hochstapter und
2111 2165 3163 2244 Börsenjuden, die Rralistn mittihren scheinheiigen
2112 2218 3151 2270 Gesichtern und Idealisten von reinster Tenrungs¬
2118 2258 3166 2331 arr“ was Wunder, daß es ihm bei solch genialer
2108 2305 3149 2379 Begabung nicht schwer fällt, aus dem Vollen zu
2117 2350 3156 2425 schopfen und allen Intentjonen des Tichters ge¬
2105 2395 3148 2459 recht zu werden. Und gerade Schnitzter braucht
2110 2439 3153 2517 so selzstlose, begabte Künstler, die in der Tiese
2111 2484 3151 2561 schürfen, den Vorgängen auf der Bühn mensch¬
2107 2552 3152 2613 liches Lebem einhauchen, die sich der schweren
2106 2581 3136 2651 Arbeit unterziehen, der psychologischen Entwick¬
2104 2621 3148 2696 lung des Dramas nachzugehen, persönlichn Ehr¬
2103 2678 3140 2741 geiz hintanhalten und reines Men,chenium zur
2111 2721 3146 2782 Darstellung bringen. Den Friedrich, Hofreiter
2106 2772 3138 2840 wird Herrn Korff nicht gleich ein Zweiter nach¬
2106 2805 3152 2875 spielen; so vollendete Kunst, bar aller Mätzchen
2107 2868 3138 2926 und Effelthascherei, muß auch dem elendsten Mach¬
2098 2904 3135 2962 werk der Pocterei zu vollem Erfolg verhelsen,
2100 2944 3144 3012 geschweige denn gar, wenn Schuütler zu unsspricht.
2095 3007 3139 3060 „Das weite Land“ ist bei der ersten AAufführung
2096 3047 3135 3098 in Wen verschieden beurteilt worden; das darf
2097 3080 3142 3157 einen nicht Wunder nehmen, denn das Studium
2098 3127 3139 3196 der Kritiken in den einzelnen Wiener Blät ern
2096 3186 3142 3253 über die Erstaufführungen ist an und jür sich
2095 3226 3148 3301 eine Komödie der Komödien. Der eine schimpft,
2095 3271 3127 3333 der andere lobt, der glüht vor Begeisterung, der
2091 3313 3122 3383 andere wiederum pfaucht und schnaubt — es ist
2079 3365 3131 3433 zum toll werden. Für viele Referenten ist eben
2087 3406 3129 3477 das Glaubensbekenntnis des Autors u. Chefredak¬
2087 3446 3131 3522 ters moch immer das Maßgebenoste, das Können
2083 3498 3120 3556 kommt erst in zweiter Linie in Berracht.“ Man
2082 3533 3125 3614 braucht kein Menschenkenner ersten Ranges zu
2078 3585 3124 3654 sein; aber die Typen, in Schnitzlers fünfattiger
2091 3628 3122 3690 Traagiromödie, kommen sic im(Leben nicht wirtlich
2088 3676 3118 3749 vor? Der Zabxikant Hofreiter und seine Frau
2077 3723 3127 3792 Genia, die Schauspielerin Aigner und ihr Sohn
2076 3767 3124 3838 Otto, Dr. Mauer und Schriststeller Rhon, Banüer
2081 3804 3120 3884 Nutter, Erna Wahl und wie sie sonst alle heißen?
2079 3858 3115 3933 Und die Fabel der Handlung, wiederholt sie
2085 3895 3109 3976 sich auf unserem weiten Erdenball nicht hunterr
2075 3955 3107 4016 und hundert Mal? „Die Seels „.. ist sein weites
2082 3997 3026 4070 Land, Wie ein Tichter es einmal ausdrückte.“
2149 4041 3175 4111 Herr Korff wurde auf das herzlichste ge¬
2128 4075 2189 4121 ert
