3344 4608
1303 259 1777 350 box 28/4
181 284 1260 376 24. Das veite Land
865 1136 1223 1217 H
2069 1174 3225 1245 zwingenden Macht, mit der hier seltsamste Schicksale in
927 1194 2076 1252 strieren sich exempelhaft. Man täuscht sich nicht, daß dies
106 1195 936 1268 Trennungs=Intermezzo schürzt den Schick¬
2070 1205 3237 1282 ihrer wechselseitigen Verkettung, in ihrem sinnlich=übersinn¬
928 1235 2080 1291 des Beispiels, der Produzierung nachdenklicher Lebenssachen
102 1248 928 1305 eiter hat in dem Gebirgshotel ein leiden¬
2069 1254 3236 1320 lichen Zu= und Gegeneinanderstreben gestaltet sind. Mit Recht
931 1270 2075 1332 wegen geschieht, daß die handelnden Personen als typische
91 1293 932 1347 is mit einer Zwanzigjährigen, und Genia
2070 1284 3226 1358 heißt dieses erschütternde Trama Tragkomödie: die tiefe
930 1312 2075 1370 Repräsentanten erscheinen und nicht, was dichterisch wext¬
97 1323 785 1387 kn einem jungen Marine=Fähnrich.
2077 1340 3233 1400 Notwendigkeit, mit der das scheinbar Widerspruchsvolle sich
929 1360 2077 1418 voller, aus dem Selbstzweck heraus, höchst persönliches Er¬
101 1350 931 1423 Psychologie geht in diesen beiden Parallel¬
2073 1375 3229 1447 vollzieht, läßt das Manschengetriebe wie einen Tanz wundet¬
96 1390 937 1458 ket und wortlarg vor und überläßt moti¬
2075 1417 3224 1480 lich wehrloser Marionetten erscheinen. Einen Tanz, den die
1021 1420 2081 1493 So wendet sich zunächst hier alles an den Kopf, nicht
99 1431 937 1500 gen der Vorgänge unserem Einfühlen. Wir
2078 1451 3234 1520 weiche Wiener Luft mit süßmelancholischen Schleiern umspinnt
931 1465 2080 1530 zuletzt auch der kluge, einfallfunkelnde Dialog, den die Um¬
103 1472 933 1544 zwungen leisten. Ber Genia liegt es so,
2068 1494 3228 1552 und bei dem es auch nicht an eifrigen Springern fehlt,
925 1517 2069 1565 welt=Staffage zur Illuminierung des Bühnenbildes aufführt,
106 1507 936 1577 trotz der Bitternis, immer nur den glatten
2069 1531 3238 1598 die nur possierlich und gar nicht tragisch und doch im
976 1556 2074 1604 — besonders beweglich in dem flüssigen dritten Akt auf dem
102 1557 940 1629 Ele gesehn, im tiefsten durch diesen Selbst¬
2072 1573 2599 1649 Reigen unentbehrlich sind.
933 1587 2077 1641 dankbaren Situations=Schauplatz einer mondäuen Alpenhotel¬
98 1593 936 1657 llen aufgewühlt und gefühlsverwirrt ge¬
2157 1589 3229 1672 Das Schwebende und Verhaltene, das Schillern zwischen
935 1621 2080 1683 Hall. Auf dem Umweg über den Kopf, gedanklich übertragen,
114 1633 925 1692 I ohne Halt, mit den Vorstellungen ihrer
2069 1649 3233 1714 Groteske und Trauerspiel wurde von der Regie (Basil) sehr
932 1662 2069 1728 trifft diese Spiegelung dann aber auch unser Gefühl, unseres
97 1662 935 1734 art und ihren doch noch vorhandenen neu
2079 1688 3232 1761 gut fühlbar gemacht. Steinrück und Frau von Hagen
991 1686 2079 1756 die Stendhal lieben und den Fürsten Pinkler und die
109 1700 931 1788 enwünschen wird sie die Bente einer Stunde,
2077 1713 3237 1793 schufen in den Hauptrollen Ausgezeichnetes; auch die meisten
926 1729 2082 1802 Liaisons dangereuses, die mit Anatol jung waren und mit
122 1743 933 1803 Und das Verführende ist gar nicht die
2069 1775 3182 1833 Episodenfiguren wurden trefflich dargestellt. Dr. K. W.
931 1769 2076 1840 Herrn von Sala wissend lächelnd an der Lebenswende vor¬
114 1780 936 1855 es sondern die unbestimmte Sehnsucht nach
938 1817 2091 1885 und rückwärts blickten, die es nicht lassen können, an den
116 1816 935 1896 flichteit, die über sie, die früher nie an
2073 1829 3226 1918 „Die Hydra“. Ein Lustspiel in drei Akten ohne Ehebruch
939 1846 2080 1919 Küsten zu stehen, zu schauen, wie alles gleitet und vorüber¬
118 1867 936 1930 hetzt in der Einöde kommt. Heikler liegt
2212 1888 3061 1963 und Situations=Komik von Karl Ettlinger.
937 1880 2079 1958 rinnt und die sich trotzdem immer wieder von neuer Welle
175 1895 936 1956 Daß die junge lebenshungrige natur¬
937 1938 2086 1999 zu bunten Trugbildern tragen lassen.: Für andere aber
733 1936 934 2008 sich ihm
111 1946 714 2014 n der Rasse Hilde Wangels
2685 1935 3192 2011 München, 15. Oktober.
920 1970 1535 2046 hat Schnitzler nie geschrieben.
115 1985 941 2045 gemeinsam erlebten Höhenrausch der Dolo¬
2153 1994 3240 2059 Wie bei Schnitzler ist auch bei Karl Ettlinger,
1020 2001 2092 2072 Man hätte dem Werk Bassermanns faszinierende Phy¬
111 2027 945 2084 raucht nicht weiter erklärt zu werden.
2078 2035 3234 2096 obwohl in ganz anderer Weise, der Untertitel lehrreich. Er
943 2052 2088 2108 siognomie gewünscht. Monnards Hofreiter war zu
116 2065 946 2122 lierte Vierziger mit dem Fluidum und
2077 2066 3226 2151 heißt: Ein Lustspiel in drei Akten ohne Ehebruch und
930 2077 2087 2142 trocken, zu voluminos, die Angeln seines Wesens knarrten.
107 2105 937 2157 mes à femmes sind Favoris für junge
2083 2103 3232 2173 Situationskomik. Man sagt sich unwillkürlich: Schon hier,
942 2123 2072 2188 Ueberzeugend schien die Genia der Triesch und die Hal¬
115 2139 937 2199 s ist gewiß eine hübsche Einrichtung. Nach¬
2079 2152 3244 2216 schon auf dem Theaterzettel, ein Witz! Denn dies ist das
932 2177 1751 2240 tung, die Stieler dem Fähnrich gab.
113 2172 925 2237 kint ein anderer Umstand, der von Schnitzler
2081 2197 3242 2250 Eigentümliche: den meisten Autoren wäre ein Zuwachs an
120 2209 938 2276 hiserer eigenen Auslegung ausgeliefert wird.
2082 2232 3246 2294 Witz aufs Innigste zu wünschen; bei Karl Ettlinger mochte
1017 2231 2085 2299 Unser Münchener Korrespondent faßt seine Ein¬
107 2249 941 2314 lich nach der leidenschaftlich begehrten Nacht
2074 2260 3246 2339 man fürchten, er habe davon zu viel. In gewissem Grade
936 2288 2077 2338 drücke von der dortigen Premiere der Schnitzlerschen Tragi¬
123 2279 941 2360 t vor den satalen Begleiterscheinungen über¬
2076 2304 3244 2374 hat diese Furcht sich als begründet erwiesen. Auch die
932 2331 1627 2400 komödie im folgenden zusammen:
176 2333 937 2387 jäh ak ohne sein Glück auszukosten.
2077 2356 3019 2422 besten Witze gehäuft ergeben noch kein Lustspiel.
1032 2360 2081 2417 Der Titel ist symbolisch zu fassen. In einem nach¬
118 2379 944 2435 nählich nach Haus zurück, entdeckt das Ver¬
2169 2371 3229 2460 Auch bei Ettlingers Stück ist der Titel symbolisch ge¬
930 2404 2090 2465 denklichen Gespräch während des dritten Aktes fallen etwa
141 2414 944 2471 d erschießt den Fähnrich im Duell. Und
2082 2428 3238 2487 meint. Die hundertköpfige „Hyora“ ist das Publikum, aber
934 2422 2083 2501 die folgenden Worte: „Haben Sie bemerkt, was für kompli¬
157 2453 945 2509 einen Lichtstreifen fallen. Diese Rache
2083 2468 3243 2529 der Kundige weiß sie in eine nützliche Milchkuh zu ver¬
934 2476 2086 2541 zierte Subjekte wir Menschen eigentlich sind? — Was hat
162 2482 946 2545 etwas Eitelkeit mag gewiß im Spiel
2086 2514 3250 2574 wandeln. Beispiel: Ein Theater, nach künstlerischen Prin¬
941 2508 2085 2587 nicht alles zugleich in uns Raum, Anbetung für die eine,
115 2522 941 2591 em kommt sie — das sagen Hofreiters
2077 2551 3249 2601 zivien begründet und geleitet, geht dem Bankrott entgegen,
939 2552 2087 2612 Verehrung für andere, Treue, Treulosigkeit... Man ver¬
126 2567 944 2629 i dem tödlichen Gegenüberstehen Auge in
2074 2565 3246 2644 doch es bringt goldene Berge ein, sowie man entschlossen
937 2595 2086 2657 sucht wohl, etwas Ordnung in sich zu bringen, aber das
123 2602 938 2667 aus dem wütenden Haß des Alternden,
2076 2615 3244 2688 den Wünschen der biöden und gierigen Menge entgegen¬
934 2634 2098 2695 ist nicht das Natürliche. Das Natürliche ist das Chaos.
114 2651 944 2710 die Jugend, die ihn aus dem frischen un¬
2081 2662 3249 2721 kommt. Ein zeitgemäßes Thema und — wie bei Ettlinger
1650 2674 2088 2732 Dieses Chaos Tiefen,
935 2666 1623 2741 Die Seele ist ein weites Land .“
119 2685 942 2744 kufgängergesicht seines Gequers herausfor¬
2075 2686 3254 2759 nicht anders zu erwarten war — höchst amüsant behandelt.
931 2702 2084 2774 des weiten Seelenlandes verworrene Wege mit flüchtigem
115 2725 945 2783 Den tötet er, aber der Besiegte bleibt er
2080 2744 3243 2798 Ein wahres Brillantfeuerwerk farbiger, sprühender, praf¬
935 2758 2091 2814 Lichte zu erhellen, hat Schnitzler versucht. Um es gleich
125 2762 931 2825 Etwas in ihm bricht zusammen. Er wehrt
2083 2778 3247 2840 selnder Reden wird abgebrannt und die Zusage, daß nicht
939 2782 2091 2867 zu sagen: wie er es vermocht hat, tut es ihm keiner nach.
129 2801 944 2863 n will, ab: „Du bist zwanzig, Du gehörst
2084 2817 3251 2876 von Situationen, sondern allein vom Dialog die komische
942 2825 2086 2890 In keinem seiner früheren Stücke durchforscht er so hell¬
138 2840 944 2906 weiß, was Jugend ist. — Und man kann
2082 2849 3246 2916 Wirkung ausgehen solle, treulich gehalten. Nicht viele
944 2877 2085 2932 seherisch, so geduldig das Labyrinth der erotischen Gefühle,
215 2889 945 2949 Und als sie noch einmal sagt: „Ich
2076 2897 3244 2956 Autoren besäßen Geist und Geschick genug für ein solches
941 2905 2090 2971 wie sie Eus Hingebung und Härte Demut und Eitelkeit,
133 2922 951 2986 erwidert er, wie aus weiter Entfernung
2087 2929 3243 2992 Wagnis. Ettlinger hat beides im Ueberfluß, und in dieser
941 2935 2082 3009 Haß und Begehren sich unermeßlich mannigsach vererben.
130 2947 948 3017 eines anderen Ufers her verhallend: „Ich
2081 2986 3252 3037 Hinsicht darf man ihm gratulieren. Aber aus der gleichen
942 2999 2083 3046 Es ist leicht, die Mängel des Werkes aufzuzeigen; man wird
118 3006 944 3048 er Welt“. Was Arthur Schnitzler auch
2082 3020 3250 3070 Eigenart, die den Vorzug der Arbeit ausmacht, folgen auch
945 3031 2090 3085 vor allem sagen: trotz mächtiger Spannungen und wirk¬
123 3036 937 3095 ns immer viel und geht uns im tiefsten
2081 3059 3245 3118 ihre Schwächen. Es ist — um nur ein Beispiel zu nennen —
941 3063 2093 3128 samer Höhepunkt ist es dialogisierter Roman. Nicht das
125 3068 955 3140 nglichkeit wird darum nicht geringer, wenn
2076 3087 3248 3160 an sich noch kein Fehler, daß mit Ausnahme eines ver¬
946 3105 2091 3172 resolute Auf und Ab des Dramas, sondern das Nach und
131 3109 950 3178 diesem Falle allerdings geschieht mehr er¬
2082 3129 3253 3189 logenen, gutmütigen, prahlerischen jüdischen Theateragenten
938 3154 2086 3210 Nach des wirklichen Lebens und der Erzählung, die beide
131 3145 961 3218 sch gestaltet mehr thematisch den Stoff
2087 3162 3247 3227 (überhaupt der besten Figur des Lustspiels) und einigen Neben¬
939 3180 2091 3244 auch rückläufige Bewegung und den Aufstieg in der Spirale
126 3194 949 3253 blutvolle Illusion des Miterlebens schafft.
2075 3209 3250 3271 personen alle Leute in dem Stück zuletzt „umfallen“. Der
935 3215 2103 3271 kennen. Doch diesem Einwand mag nachgrübeln, wer daran
138 3222 953 3297 gurinen eines Théätre d’amcur unser Ge¬
137 3262 3248 3351 gt und psychologische Erkenntnisse demon= Freude hat. Er ist belanglos gegenüber der Fülle undl edle Kunstfanatiker Lindt wird zum aeckenhaften Geldmacher.
3028 3413 3133 3481 A
2806 4154 3032 4233 —.—
