3344 4448
1367 127 1797 219 box 28/2
241 146 1208 255 24. Das veite Land
424 1231 1191 1353 Nenoral-Anzeiger, Mannheir
2924 1311 3340 1391 Aigese  546.—
2899 1377 3329 1433 mutet. Aber manche
1667 1364 2904 1441 aus unglücklicher hoffnungsloser Liebe zu Genia umgebracht. Sie
2896 1400 3347 1480 zum Beispiel der phil
1681 1408 2905 1499 selbst zeigt ihrem Mann einen Brief, den der Pianist eine Stunde
2904 1463 3359 1535 er spricht auch das L#
709 1429 1043 1536 16 10 1911
1672 1474 2487 1540 vor seinem Selbstmord an sie gerichtet hat.
2898 1505 3158 1564 weite Land.
1739 1503 2900 1579 In den übrigen Szenen des ersten Aktes werden die son¬
2970 1530 3334 1610 Das Burgtheater
1674 1560 2905 1617 stigen Figuren des Stückes eingeführt: Eine Frau Wahl und
2898 1573 3356 1658 großen darstellerischen
1677 1603 2904 1662 ihre Tochter Erna, ein junges kluges Mädchen, eine Schauspie¬
405 1600 1674 1694 Arthur Schnitzlers Tragikomödie „Das weite
2908 1623 3328 1696 und Eifer gewendet.
1669 1655 2899 1704 lerin und ihr Sohn ein junger sympathischer Marinefähnrich
937 1659 1168 1732 Land“.
2904 1677 3348 1753 rolle spielte Herr Kot
1671 1685 2905 1747 und ein Arzt Doktor Mauer. Hauptsächlich wirk aber das Ver¬
565 1701 1557 1795 (Uraufführung im Burgtheater am 14. Oktober.)
2892 1720 3330 1789 geistigt, wodurch die
1678 1713 2905 1785 hältnis der beiden Ehegatten zu einander charakterisiert. Er be¬
2910 1743 3358 1830 Genia ist eine jener
1679 1766 2899 1822 trügt sie fortwährend und sie erfährt alles. Aber es ist ihr egal,
765 1772 1345 1841 Von Ludwig Hirschfeld.
2908 1807 3352 1866 Marbeg so außerorden
1673 1812 2900 1868 denn sie denkt nicht daran, sich zu rächen. Aber Hofreiter, ein
920 1819 1635 1901 (Telegr.) Wien, 14. Oktober 1911.
1677 1839 2904 1905 merkwürdiger komplizierter Mensch kann die Episode mit dem
2911 1840 3358 1912 Fräulein Hofteusel seh
512 1869 1660 1955 In Wien und Berlin, in München, in Prag und in noch
1678 1889 2891 1944 Pianisten nicht vergessen. Es ist ihm ein unerträglicher Gedanke,
2905 1894 3349 1960 gespielt. Aber auch di
1671 1922 2902 1985 daß Jemand gestorben ist, weil seine Frau so unerbitlich und
421 1929 1672 2000 einigen deutschen Städten wurde heute das neue Werk Arthur
2898 1937 3360 2003 Künstlern dargestellt:
1665 1972 2896 2029 tugendhaft war. Er braucht einen Milienwechsel und fährt in die
429 1973 1667 2030 Schnitzlers gleichzeitig gespielt. Man kann sagen, daß das ganze
2908 1979 3348 2045 spielen sollen, gab Her
1672 2005 2906 2066 Dolomiten. Dort, in einem Hotel am Völser Weiher spielt der
2909 2026 3339 2079 Frau Bleibtreu, e
431 2018 1668 2094 literarische und intellektuelle deutsche Publikum an diesem Abend
1672 2054 2913 2112 dritte Akt. Hier treffen mit Ausnahme von Genia alle Figuren
2910 2065 3361 2122 der Regisseur der Vor
420 2073 1664 2146 erwartungsvoll gestimmt war. Man bringt der Entwicklung unseres
1654 2094 2892 2167 und noch einige Episoden zusammen, und auch Hofreiter begeg¬
2900 2117 3347 2177 thy und so weiter. Ei
425 2122 1669 2173 ernstesten und besten Dichters überall ein starkes Interesse ent¬
1670 2133 2907 2194 net Erna, in die er sich verliebt. In der Nähe des Ortes gibt
2898 2157 3360 2227 für Artur Schnitzler 1
423 2165 1671 2237 gegen, so wunderlich diese Entwicklung manchesmal auch sein mag.
1663 2172 2904 2231 es einen Turm zu besteigen. Hofreiter wagt es und zwar in Ge¬
2909 2204 3141 2270 den kann.
430 2211 1670 2280 Ich weiß nicht, ob diese Tragikomödie „Das weite Land“ eine Ent¬
1672 2212 2903 2274 sellschaft Ernas. Er will sich von seiner Frau scheiden lassen um
2976 2238 3357 2307 Die Aufführung e
1671 2258 2897 2319 Erna zu heiraten. Sie küssen sich und sie sagt ihm, daß er heute
426 2248 1663 2311 wicklung des Dramatikers Schnitzler bedeutet. Eher scheint mir
2904 2285 3358 2349 nach dem vierten und
1663 2305 2900 2357 Nacht ihre Tür offen finden werde. Inzwischen hat Hofreiters
434 2300 1675 2369 dieses Werk zurückzuführen zu früheren Dichtungen; zum „Zwi¬
2915 2328 3349 2406 stärkte. Der Dichter
1668 2350 2902 2402 Frau Genia in Baden mit jenem Fähnrich ein Verhältnis be¬
427 2347 1671 2429 schenspiel“ und zum „Einsamen Weg“, dessen tief gründig nachdenk¬
1671 2380 2902 2442 gonnen. Die Sache kommt Hofreiter in skandalöser Form zu
3271 2383 3352 2450 *
433 2401 1663 2462 liche, kompliziert verinnerlichte Art sich hier wieder findet. Wieder
1657 2419 2898 2482 Ohren und obwohl ihm die Angelegenheit ziemlich gleichgiltig ist,
420 2438 1664 2504 resignierte geistige Grundstimmung, dieselben wunderlichen Men¬
3035 2425 3359 2516 Urpremière vo
1663 2465 2907 2510 muß er sich mit dem Fähnrich schlagen. Er erschießt ihn im Duell
431 2491 1672 2547 schen, für die das Aergste und Erschütterndste, der Tod und die
1660 2500 2914 2561 und damit ist das letzte Band zwischen den Ehegatten zerrissen.
427 2533 1184 2603 Liebe bloß Anlässe zur Grübelei sind.
2976 2518 3351 2588 G. M. Die ersten A
1671 2531 2912 2608 Er will verschwinden, nach Amerika, irgendwo ins Unbekannte.
2905 2566 3359 2638 und mit abwartendem
1668 2580 2915 2635 Er fühlt sich zu alt, er weicht vor der Jugend die er in dem Auge
510 2578 1664 2658 Der Herr von Sala, der Held des „einsamen Wegs“ und der
2915 2609 3359 2672 stellte sich ein starker,
1664 2624 2513 2692 des sterbenden Fähnrichs aufblitzen sah..
423 2633 1664 2699 Fabrikant Friedrich Hofreiter, die Hauptfigur des „Weiten Lan¬
2910 2653 3357 2716 fall ein, sodaß sich Dir
1748 2656 2902 2737 Man sieht, Schnitzler hat hier ein kühnes und kompliziertes
425 2669 1676 2755 des“ sind nahe seelische Verwandte. Auch hier handelt es sich wie¬
2904 2704 3351 2752 mit feinstem Verständt
1676 2714 2903 2780 seelisches Problem zu lösen gesucht. Man vermag ihm auf seinen
425 2725 1669 2794 der um die Tragik des innerlich Einsamen und Alternden. Hof¬
2910 2745 3361 2815 bilder geschaffen hatte,
1667 2759 2904 2815 psychologischen Pfaden nicht immer leicht zu folgen und maches
427 2771 1671 2844 reiter lebt mit seiner jungen Frau Genia in einer Villa in Baden
2900 2783 3174 2857 gen konnte.
1677 2807 2897 2869 dürfte auf das große Theaterpublikum seltsam und vielleicht
434 2822 1675 2895 bei Wien und hier spielen vier von den fünf Akten. Der erste Akt
1674 2834 2901 2910 sogar befreundend wirken. Das ganze Stück ist von einer nach¬
2977 2850 3358 2937 Eine ähnliche Auf
434 2866 1675 2929 setzt mit einer echt Schnitzler'schen Stimmung ein: Die Haupt¬
1668 2896 2898 2951 denklichen resignierten Stimmung erfüllt, die man im ersten
2896 2897 3360 2964 Lessingtheater.
434 2923 1661 2979 figuren kommen von dem Leichenbegnägnis eines berühmten Pia¬
1672 2943 2895 2995 und vierten Akt am stärksten spürt. Die packendste und drama¬
2897 2952 3351 3011 in dem namentlich die
423 2962 1671 3014 nisten, der sich erschossen hat. Man führt nachdenkliche und gleich¬
1663 2983 2900 3028 matischste Szene des Werkes enthält der fünfte Akt: Die Rück¬
2900 2994 3350 3050 den anderen Akten klan
435 3006 1672 3079 mütige Gespräche über den Tod und stellt Vermutungen über die
1669 3019 2896 3074 kehr Hofreiters vom Duell und sein Zusammentreffen mit der
2904 3036 3358 3096 Akt an gab es auch Wi
436 3051 1666 3114 Ursache des Selbstmordes auf. Man glaubt allgemein, der Pianist
1662 3065 2903 3120 Mutter des Getöteten. Am meisten äußerliche Bewegung und
2908 3062 3334 3142 führung verschuldete.
431 3096 1671 3158 habe sich aus unbefriedigtem Ehrgeiz das Leben genommen. Nur
1673 3117 2907 3169 Handlung enthält natürlich der dritte Akt, der in dem Dolo¬
2968 3110 3335 3172 In München,
430 3147 1677 3203 Hofreiter ahnt einen anderen Grund. In einem Gespräche mit
1661 3146 2919 3196 mitenhotel spielt. Hier gibt es auch sehr viel episotistisches Füllsel 1
2899 3141 3360 3230 fall vom dritten Akte
417 3187 3220 3252 lseiner Frau wird die Ahnung zur Gewißheit. Der Pianist hat sich 1 von dem manches ziemlich konventionell und lustspielmäßig an= 1 Hannover.
