3392 4352
229 227 1197 337 24. Das  Land
1323 251 1792 338 box 29/2
1923 295 2307 370 Ausechnitt aus:
2016 344 2864 435 3 1T·fZER TAGBLATT
1923 413 2071 465 VUm:
1933 455 2019 499 7
2079 498 2909 583 Stadttheater in Klagenfurt.
2298 590 2961 649 Klagenfurt, 21. November.
2024 630 2969 685 „Das weite Land“, Tragikomödie von Artur
2027 676 2965 730 Schnitzler. Erstaufführung am 17. November.
2075 732 3006 784 V#weiche, füße Reiz von Schnitzlers Dichtun¬
1983 779 3016 829 gen liegt auch über diesem seinem neuesten Werke,
1985 825 3018 886 alle seine altbekannten, uns lieben Züge sprechen
1976 880 3011 939 daraus. Jene Züge, die er mit seinem Freunde
1979 913 2993 981 Hugo v. Hoffmannsthal teilt, jene Töne, die
1976 987 3026 1039 ebenso deutlich und verehmlich aus dessen Gedich
1979 1033 2995 1078 ten und kleineren Dramen erklingen. Verträumt
1983 1067 3009 1124 Resignation, sanfte Schwermut, leise Müdigteit
1987 1122 3002 1175 die sich nur von den Gefühlen durch das Lebei
1990 1160 3003 1220 tragen läßt, der die befreiende Tat ewig frem
1981 1206 3006 1274 bleibt. Die Kennzeichen, die Poesie der Wiener
1982 1257 2924 1339 stadt, sie haben in Schnitzler ihren Dichter
1979 1314 3006 1372 sunden. Und auch ein femininer Zug findet sich in
1986 1355 3003 1428 ihnen. Des Menschen Schicksal spinnen Frauen
1983 1403 3017 1468 hände, aus ihnen empfängt er Wonne und Lust
1986 1457 3019 1521 Glück und Wehe, Tod und Leben. Auch Friedrid
1978 1511 3011 1566 Hofreiter sind die Frauen alles. Er und die
1976 1553 2994 1616 meisten Personen des Stückes liebeln, ihnen hilf
1983 1604 3003 1658 ihre Außerlichkeit über des Lebens Tragik hinweg
1982 1660 3012 1711 Ihnen genügt die Komödie. Die anderen aber
1980 1707 3006 1760 die stillen, ernsten Genies und Dr. Mauer, die
1983 1755 3013 1818 sich nach echter Liebe sehnen, denen ein Verschmelzer
1975 1801 3020 1864 von Seele zu Seele ein Bedürfnis ihres garten
1979 1847 3007 1907 Herzens ist, die fühlen des Lebens Tragik und
1977 1893 3014 1958 Schmerz. Ihnen kommt es zum Bewußtsein, daß
1976 1953 3025 2011 dieses Sehnen nie gestillt werden kann. Sie sind
1980 2006 3025 2062 sich ihrer Einsamkeit bewußt und auch der Aus¬
1987 2047 3021 2115 sichtslosigkeit jeden Kampfes. Glücklich sind nur
1987 2095 3028 2179 die Seichten, die Flachen, deren Seele keine Be¬
1977 2147 2329 2210 dürfnisse kennt.
2047 2182 3013 2245 Die Aufführung ist diesem schwierigen Werke,
1982 2245 3028 2291 das eine so dürftige äußere Handlung enthält,
1979 2302 3010 2356 vollkommen gerecht geworden. Herr Schramm hatte
1981 2331 3014 2394 daran ein doppeltes Verdienst, als Regisseur und
1983 2392 3015 2451 als Darsteller. Die gesellschaftlichen Szenen, das
1982 2432 3016 2505 buntbewegte Leben in der Halle des Hotels, alles
1982 2488 3008 2540 klappte vorzüglich. Aber welche Ardeit, welch große
1976 2555 3013 2596 Geduld welcher Fleiß und Hingebung waren dazu
1982 2582 3014 2659 notwendig. Als Darsteller bot Herr Schramm im
1974 2636 3007 2684 Fabrikanten Hofreiter eine meisterhafte, ausge¬
1976 2685 3006 2742 zeichnete Leistung. Außerst glücklich gelang ihm
1985 2736 3008 2799 auch der Dialckt. Sehr überrascht hat Fräulein
1985 2785 3017 2842 Wolff als Genia. In ihren bisherigen Rollen hat
1996 2837 3012 2906 sie stets ernstes Streben und eifriges Studium
1977 2875 3019 2943 bekundet und, unterstützt von ihren reichen äußeren
1979 2933 3011 2982 Mitteln, auch schöne Erfolge erzielt. Es waren aber
1989 2978 3017 3034 meistens einander ähnliche Frauencharabtere. Als
1991 3031 3028 3095 Genia wurde sie nun vor eine naue größe Auf¬
1987 3081 3013 3154 nebe gewiesen, die sie verständnisvollst in einer
1979 3126 3013 3182 Weise löste, die volles Lob ud alle Anerkennung
1985 3173 2996 3232 verdient. Sie traf Ton und Miene der schmerz¬
1990 3234 2998 3289 gequälten, einsamen Frau und wirkte durch ver¬
1989 3277 3006 3335 tiefte Auffasstung und Beseelung. Fräulein Brion
1981 3325 3005 3403 stellte, wie nicht anders zu erwarten war, die
1976 3368 2998 3433 Erna ungemein gewinnend und sympathisch dar.
1979 3423 3015 3482 Sie war ein kluges, tapferes Mädchen, das man
1973 3468 3010 3545 liebgewinnon mußte. Ihr war es in ihrem Ver¬
1976 3507 3014 3579 kältnisse zu Hofreiter wirklich um die Erfüllung
1979 3565 3041 3629 eines Herzensbedürfnisses zu tun. Das bewies ihr
1995 3613 3017 3677 ruhiges, entschlossenes Auftreten in der Schluß¬
1998 3666 3019 3724 izene, frei von Aufdringlichkeit, nur dem Zuge
1990 3712 2998 3762 ihres Herzens folgend, das bewies auch ihr Ver¬
1978 3763 2994 3817 halten in der vorhergehenden Szene mit Genia.
1984 3805 2992 3868 Welch liebevolle Sorge und Angst sprach aus ihren
1987 3852 3016 3915 beklommenen Worten, prägte sich in einem leisen
1976 3892 3012 3980 Zittern, in Gang. Miene und Haltung aus. Sehr
1981 3947 2999 4013 glücklich hatte Herr Baumgarth den Dr. Mauer,
1983 3999 2993 4059 angelegt, einen Charakter, der in seiner fast kind¬
1987 4037 3034 4117 Ehen SSchlichtheit als der einzige Aufrechte seine!
1998 4115 3038 4185 Wege geht. Nur die Kleidung war etwas unge¬
1995 4169 3017 4228 schickt gewählt. Sehr schwer und ernst gab Herr
1992 4209 3015 4287 Reisegger den Fähnrich v. Aigner. Diesem ernsten
