3248 4384
170 276 1133 375 24. Das WO 1 1
1306 297 1730 391 box 29/3
2390 455 2563 606 (77
2141 551 2303 629 M
2030 678 2628 756 30. September 1915.
2617 740 2648 788 —
2064 794 2413 895 Glänzende
2211 881 2801 982 Saison=Eröffnung.
2069 1000 2805 1073 Im Beisein des deutschen Botschafte#s
2073 1056 2781 1121 kommt „Das weite Land“ mit Arnold
2203 1110 2652 1171 Korff zur Aufführung.
2095 1157 2803 1220 Unter glänzenden Auspicien eröffnete
2059 1201 2792 1256 gestern Abend Director Rudolf Chri¬
2063 1238 2796 1295 stians die neue Saisons seines Deutschen
2071 1279 2807 1323 Theaters am Irving Place. Ein neues,
2073 1313 2803 1361 hochinteressantes Wert von Arthur
2071 1351 2797 1410 Schnitzler, die Tragikomödie „Das weite
2072 1385 2798 1439 Land“, kam zur Erstaufführung. Und
2063 1417 2799 1464 dann stellte uns der Herr Director Herrn
2065 1461 2798 1514 Arnold Korff vom Wiener Burgtheater
2074 1490 2800 1540 vor, einen Künstler, dessen Ruf ihm in
2067 1540 2713 1588 die neue Welt vorangegangen war.
2108 1563 2800 1616 Es war ein denkwürdiger Abend. Ein
2063 1610 2804 1662 Abend, wie er selbst in den besten Zeiten
2066 1649 2790 1699 des alten deutschen Musentempels nur
2070 1685 2807 1740 selten zu verzeichnen war. Bis auf den
2076 1725 2798 1769 letzten Platz war das geschmackvoll reno¬
2080 1767 2794 1808 virte Haus mit der Blüthe des hiesigen
2066 1796 2797 1843 Deutschthums gefüllt, und der reiche Bei¬
2075 1818 2802 1882 fall, der immer und immer wieder den
2072 1865 2811 1915 Saal durchbrauste, bewies, daß die hoch¬
2066 1908 2795 1954 gespannten Erwartungen der Premisren¬
2066 1938 2806 1988 besucher durch Stück und Darstellung
2067 1985 2653 2048 noch übertroffen worden waren.
2121 2011 2805 2079 Ein echter Schnitzler ist „Das weite
2059 2043 2800 2106 Land“, und die großen Vorzüge der No¬
2067 2094 2794 2148 vität sind ein blendender Dialog, eine
2066 2130 2798 2187 pikante und interessante Geschichte, und
2068 2173 2797 2223 eine dramatische Spannung, die immer
2074 2204 2789 2263 stärker wird, je schneller die Tragi¬
2089 2237 2807 2291 komödie ihrem unseligen Ende zueilt.
2083 2276 2811 2334 Tief in die Herzen seiner Menschen
2088 2315 2811 2361 leuchtet Schnitzler auch in „Das weite
2083 2356 2818 2393 Land“ hinein. Er liebt ja die sauberen
2081 2388 2803 2443 und gewissenhaften Herzens=Resectionen.
2083 2428 2800 2484 Und doch, mit außergewöhnlichem, fast
2083 2454 2810 2515 möchte man sagen „mit dämonischem
2083 2502 2812 2550 Behagen“ arbeitet in dieser Novität der
2088 2543 2813 2594 Psychologe Arthur Schnitzler. Ein Stück
2083 2573 2814 2637 Wiener Gesellschaftsleben stellt er mit
2087 2615 2812 2675 meisterhaften Strichen vor uns hin, und
2080 2651 2807 2695 laus diesem unendlich liebevoll behandel¬
2088 2686 2809 2736 ten Milien heben sich leuchtend die
2086 2725 2823 2784 Hauptacteure der Tragikomödie ab, der
2098 2773 2816 2814 frauentolle Charmeur, der Fabrikant
2091 2789 2817 2848 Fiedrich Hofreiter, seine seltsam passive
2088 2832 2816 2889 und doch begehrenswerthe und bsgehrte
2097 2878 2820 2926 Gattin, und Erna Wahl, das trotz allen
2091 2919 2813 2955 Modernheit doch so wenig complicirte
2232 2947 2272 2979 D
2092 2943 2810 2998 „süße Madel“, eine etwas exotische Ab¬
2089 2980 2811 3032 art der Species, die Schnitzler immer
2096 3018 2809 3074 mit. ganz besonderem Gusto gezeichnet
2098 3065 2184 3112 hat.
2128 3077 2815 3146 Und doch, mit dem Darsteller des
2089 3122 2816 3181 Friedrich Hofreiter steht und fällt „Das
2089 3163 2822 3230 weite Land“ Denn nur wenn es ein
2089 3192 2813 3259 Künstler versteht, uns diesen seltsamen
2096 3245 2812 3291 Don Juan menschlich näher zu bringen,
2087 3264 2806 3328 wenn er im Stande ist, das Tragische
2084 3308 2817 3368 und Dämonische in seiner Figur genan
2148 3359 2806 3400 stark wie das Liebenswürdige her¬
2086 3356 2148 3412 so
2076 3380 2815 3428 auszuarbeiten, nur dann kann „Das
2071 3426 2820 3475 weite Land“ auf jene verständnißvolle
2069 3454 2824 3514 Aufnahme hoffen, die eine Voraussetzung
2076 3495 2806 3544 des Erfolges ist. Und Director Chri¬
2096 3530 2810 3593 stians kann sich Glück wünschen! In Ar¬
2079 3566 2817 3627 nold Korff besitzt er fraglos einen Dar¬
2095 3608 2827 3663 steller, wie ihn das Deutsche Theater
2095 3641 2793 3687 unserer Stadt nur selten gesehen hat.
2131 3684 2804 3720 Herr Korff hat den Friedrich Hofreiter in
2098 3707 2810 3750 Wien ereirt, und die dortige Presse hat ihm
2680 3740 2814 3779 hatten
2103 3738 2624 3777 wahre Lobesbymnen gesungen.
2453 3760 2811 3809 arleten, und unsere Er¬
2095 3769 2441 3812 diese feurigen Ergüsse
2102 3779 2823 3832 wartungen waren natürlich hochgespannt Und
2099 3824 2830 3861 doch, eine solch fabelhaft natürliche und ergrei¬
2109 3850 2813 3884 fende Leistung hatten wir kaum erwartet. Jeder
2089 3872 2809 3912 Ton war da goldecht. Jede Nuance wirkte mit
2164 3911 2814 3949 Wahrheit des wirklichen Lebens Vom
2103 3914 2163 3947 der
2095 3936 2806 3969 ersten Austritt bis zum letzten, pathetischen
2095 3961 2811 3995 Aufschrei dieses Hofreiter stand das Publitum
2101 3980 2818 4026 im Banne von Arnold Korff. Der Künstler
2101 4015 2809 4068 wird uns fraglos noch viele schöne Stunden
2103 4045 2260 4090 bereiten.
2122 4056 2821 4120 Aber Friedrich Korff führte sich nicht nur
2092 4103 2811 4140 als ganz hervoragender Menschendarsteller ein,
2097 4116 2813 4168 er zeigte gestern auch, daß er ein seinsinniger
2101 4160 2818 4195 und zielbewußter Regisseur ist. Ganz ausge¬
2093 4189 2830 4217 zeichnet war das Ensemblespiel, glänzend sah
2089 4202 2821 4256 die Bühne eus, und einzelne der Mitwirkenden
2104 4231 2824 4273 wuchsen tbefsächlich zu laum geahnter Höhe em¬
2103 4263 2829 4299 por. Das gilt besonders von Frau Rub=Foer¬
2097 4293 2765 4325 ster, deren „Genia“ wirklich ergreifend war
2114 4315 2821 4348 Doch nun zu Frl. Iphigente Buchmann, der
