3392 4608
1348 157 1759 257 box 28/4
218 180 1190 283 24. Das weiteLand
511 965 1414 1069 Königsberger Rartungscne Zu#
685 1119 1007 1244 M7 10 1911
373 1335 1617 1435 Im Lessingtheater und in einem Dutzend führender Thea¬
287 1407 1606 1474 ter anderer Städte kam am Sonnabend gleichzeitig Arthur
288 1448 1613 1520 Schnitzlers fünfaktige Tragikomödie „Das weite Land“ zur
287 1495 1616 1552 ersten Aufführung, also zur gleichzeitigen Uraufführung; aber nur in
300 1556 1614 1602 Wien selbst und Prag, wo man solche mit sauren Süßigkeiten gefüllte
299 1565 1611 1651 Mehlspeise heimatlich würdigen kann, wurde es wirklich ein größerer
299 1631 1610 1687 Erfolg. Die Berliner und nicht sie allein brachten nur mäßiges Be¬
297 1665 1622 1731 hagen an dem viel zu langen, mit müden Geistreicheleien und gestrigen
299 1718 1603 1777 Geistreichigkeiten übersäten, in seiner Linienführung künstlich ver¬
302 1768 1615 1831 wickelten Salonstück auf, dessen ausdrucksloser Titel auf die unbe¬
311 1803 1612 1874 grenzten Möglichkeiten hinweisen soll, die in der Seele des Men¬
304 1844 1624 1912 schen neben einander Platz haben. Am Ende steht dann bei Schnitz¬
308 1897 1627 1954 ler, weniger sicher im Leben selbst, irgend ein „dunkler Weg“ mit einem
303 1934 1617 2008 stillen Weiher oder einer richtig geladenen Pistole, um dem vertändel¬
306 1996 1624 2055 ten Dasein einen dekorativen Abschluß zu geben. Den Ehrentitel einer
309 2044 1612 2092 „Tragikomödie“ verleiht die Theaterkunst nur selten und an aus¬
314 2063 1616 2128 erwählte Könner, Schnitzlers rekapitulierende Bühnenneuheit wird
309 2110 1618 2180 mit dieser Krone dramatischen Schaffens überhaupt nicht geschmückt:
314 2144 1626 2216 werden; der sarkastisch unterhaltliche Autor, dem wir allerhand Dank
311 2203 1629 2268 schulden, bekommt diesmal kaum ein Krönchen. Die neuesten Liebe¬
322 2252 1633 2308 leien Schnitziers zeigen uns in einem wenig durchsichtigen Kunterbunt
321 2289 1623 2350 Männer, die ihre Frauen betrügen, obwohl sie sie lieben, und Frauen,
321 2328 1628 2399 die ihre Männer hintergehen, obwohl sie sie auch lieben. Verschie¬
316 2372 1634 2437 dene Lebensalter treten sich dabei gegenüber, Aphorismen über Liebe
318 2440 1627 2485 und Leben werden reichlich getauscht; unschuldige junge Musiker er¬
315 2473 1636 2533 schießen sich, weil sie nicht ans Ziel kommen, glücklichere Fahnenjunker
318 2507 1637 2569 werden im Duell niedergeknallt, man macht sich immer übers Kreuz
322 2553 1632 2619 glücklich und unglücklich. Es ist schwierig, diese Irrungen und Wir¬
325 2599 1644 2649 rungen nachzuerzählen und dabei in ihrem Wert und Unwert aufzu¬
329 2638 1640 2705 dröseln. Im Mitkelakt nennt ein Hoteldirektor die Seele ein weites
319 2691 1641 2744 Land; aber die Ritte hinein machen müde und spannen die Nerven
328 2726 1636 2787 so wenig an, daß wir erheblich vor Schluß uns reichlich abgespannt
328 2769 1637 2835 fühlen. Irene Triesch als eine dichtverschleierte Seele, die auf
330 2814 1643 2871 ihren treulosen Mann entsagungsvoll so lange wartet, bis eines
333 2856 1635 2921 Nachts — ein Fähnrich aus ihrem Fenster herausklettert, ist ein
332 2903 1644 2958 Kunstgenuß für sich; als ihr Gatte, der Fabrikant Hofreiter, stattet
331 2950 1643 3008 Heinz Monnard seinen interessanten Durchgänger, der sich an
329 2979 1637 3055 Illusionen niemals verblutet, mit sicheren Linien aus. Hilde
330 3031 1639 3092 Herterich als Erna ist in ihrer erotisch betonten Unschuld ebenso
323 3070 1648 3135 unausgewickelt, wie die meisten übrigen Herrschaften: die Künstlerin
335 3121 1643 3187 versucht ihr Mögliches. Alle guten Kräfte, wie Hans Marr und
331 3155 1639 3231 Emanuel Reicher, Ilka Grüning und Mathilde
338 3200 1653 3267 Sussin, Karl Forest und Bruno Ziener tragen das Stück
328 3263 1651 3310 — in dem es auch einen amüsanten Akt in einem Dolomitenhotel
332 3292 1655 3356 und sehr viel Tennisspiel gibt —, doch sie hoben es nicht auf die
338 3347 941 3421 Höhe eines wirklichen Erfolges.
1067 3357 1616 3455 Theodor Kappstein.
2190 197 2989 315 Sarudeussche Aägemeine Zeftung, üutia
2459 403 2766 502 R7 1 191I
2066 505 3216 587 m-I. Ein interessantes Romanproblem hat Arthur
1990 554 3209 618 Schnitzler in seiner Tragikomödie Das weite Land
2004 608 3209 666 dramatifch behandelt und mit logischer Strenge durchgeführt
2006 650 3207 717 bis zur Lösung. Soweit diese Lösung freilich die Form be¬
2001 695 3208 752 deutet, ist sie mißglückt. Darum hat es das Stück auch am
2004 746 3209 797 Sonnabend im Lessing=Theater bei einem rücksichts¬
2008 789 3205 840 vollen Publikum bloß zu einem Achtungserfolg für den
1994 825 3201 887 Dichter bringen können; nur nach dem dritten Aufzuge,
1994 870 3221 924 der durch die Schilderung des bunten Treibens in einem
2005 918 3218 974 großen Dolomitenhotel erheiterte, galt der stärkere Beifall auch
2002 961 3213 1010 dem Werke. Fünf Akte hindurch sich ein Exempel ohne Quer¬
2002 1006 3216 1056 striche auf das festgesetzte Resultat hin abwickeln zu sehen und
1995 1046 3217 1097 dabei das peinliche Gefühl nicht loszuwerden, daß man durch
2006 1094 3218 1138 ein mißlungenes Drama um einen guten Roman gekommen
2006 1131 3216 1185 sei, gewährt keine volle Befriedigung. Ein virtuos geführter
2005 1164 3223 1225 Dialog, einige gelegentliche Schnitzlerische Bonmots, ein lebens¬
2005 1218 3217 1281 wahres Sittenbild aus der Wiener Gesellschaft mit den gut
2009 1273 3222 1320 charakterisierten Typen des nicht ganz einwandfreien Bankiers,
2013 1305 3224 1360 des Sportfexen, des österreichischen Oberleutnants, des Kaffee¬
2017 1351 3220 1403 hausdichters, der alten, im Salonleben verflachten Dame,
2012 1411 3209 1449 des jungen, liebestollen und abenteuerlustigen Mädchens, dieser
2007 1446 3225 1495 Gesellschaft scharf und doch liebenswürdig gekennzeichneten Wesens
2011 1481 3222 1535 prickelnde Mischung aus Leichtsinn, Oberflächlichkeit, Gleich¬
2009 1523 3228 1577 gültigkeit, Frivolität, Nonchalance und was sonst noch, bieten
2015 1567 3217 1631 einer Bühnendarstellung gewiß dankbare Aufgaben, bleiben
2015 1635 3227 1667 aber doch nur die dramatisch gefärbte Schale um
2014 1675 3222 1717 einen epischen Kern. Und sonderbar, die immerhin noch lebens¬
2012 1701 3229 1754 wahren Gestalten sind mehr oder weniger episodisch, wogegen
2010 1736 3231 1802 die eigentlichen Träger der Idee Marionetten in der Hand des
2005 1785 3229 1842 Dichters und konstruierte Scheinwesen bleiben müssen, wo sie
2013 1835 3223 1892 nicht Darsteller finden, die ihnen aus dem Reichtume der eigenen
2024 1875 3228 1948 Persönlichkeit ein genügendes Maß von Lebenswärme mitteilen
2021 1920 3076 1974 können. Im Lessing=Theater ist die Bedingung erfüllt.
2099 1973 3225 2022 Der Titel Das weite Land, wie eine der Hauptpersonen
2025 1999 3223 2062 des Stückes die menschliche Seele nennt, eröffnet eine weite
2030 2050 3230 2105 Perspektive. Aber Schnitzler umgrenzt ein Stück des weiten
2024 2097 3222 2147 Landes mit einem engen Kreise, auf dem wir zum Schlusse in
2023 2135 3228 2207 der Ferne den Ausgangspunkt wiedersehen: Sei er denn die
2013 2190 2670 2245 Untreue des Mannes in der Ehe.
2107 2233 3227 2279 Frauenliebe kann sie nie vergessen, und darum, eben weil
2022 2269 3229 2326 sie noch immer liebt, läßt sich die einmal betrogene Frau des
2023 2313 3220 2364 Doktors v. Aigner von ihrem Gatten scheiden. Sie widmet sich
2026 2358 3218 2413 der Kunst und der Erziehung ihres Sohnes. Ihr Gatte lebt fern
2016 2408 3221 2462 von ihr in den Dolomiten und beglückt das Gebirge mit
2021 2426 3241 2521 Hotels, Straßen, Bergpfaden und Schutzhütten. Gewiß muß
2022 2498 3167 2550 die geschiedene Frau zugeben, daß sie nicht gunig dertasfen u.
2029 2517 3235 2603 einsam ist, weil ihr der Sohn, ein Marinefähnrich, geblieben
2032 2572 3237 2637 ist. Aber wie lange wird sie ihn haben? Auch Söhne werden
2030 2616 3235 2683 Männer. Und was das heißt, hat sie erfahren. Im Manne
2031 2639 3241 2728 wird sie den Sohn verlieren. Auch ihre Freundin Genia
2028 2695 3233 2776 Hofreiter wird von ihrem Gatten betrogen, so eifersüchtig er
2035 2744 3248 2815 auch seine Frau liebt. Auch sie hat einen Sohn, einen
2029 2787 3240 2850 erst dreizehnjährigen Knaben, der ihr lange Zeit noch Ersatz
2030 2841 3242 2908 Fein könnte, wenn sie sich von ihrem Manne trennen würde.
2033 2884 3238 2952 Doch nicht so will sie den Treulosen strafen, dessen weites Herz
2031 2917 3235 2996 von neuem entflammt ist für eine junge Freundin des Hauses
2027 2961 3241 3026 Erna Wahl; Frau Genia ist eine weniger konventionelle
2022 3000 3234 3085 Natur, sie will einen andern Schritt tun als den üblichen, sie
2031 3047 3234 3124 will Revanche. Und sie revanchiert sich mit dem jungen
2032 3078 3247 3148 Marinefähnrich v. Aigner der schwergeprüften Freundin
2033 3133 3235 3201 Sohn, ehe er eine lange Seereise antritt. Hofreiter
2033 3175 3240 3240 aber der unvermutet von einem Ausfluge zurückkehrt,
2027 3213 3248 3288 entdeckt den Treubruch seiner Frau. Eitelkeit und Eifersucht
2037 3285 3239 3333 treiben ihn zum Aeußersten. Er will nicht der Dumme sein,
2027 3308 3240 3362 er duldet keinen neben sich. In einer Gesellschaft beleidigt er
2028 3352 3241 3412 den jungen Rivalen; es kommt zum Zweikampf, und der be¬
2036 3414 3244 3453 trogene Ehemann schießt den Fähnrich brutal nieder. Nichts
2039 3436 3236 3496 kann Genia nun noch an des Gatten Seite halten, selbst nicht
2038 3484 3241 3543 die Heimkehr ihres lang entbehrten Kindes; sie verläßt voll
2034 3514 3237 3585 Abscheu das Haus. Jetzt, wo alles für ihn aus ist,
2045 3570 3243 3634 zerreißt Hofreiter auch das Band, das ihn an Erna
2045 3609 3242 3671 fesselt. Ihre Liebe ist bereit, ihm überallhin zu folgen;
2043 3657 3238 3714 seine Liebe aber gehört nur einer, und die hat er verloren.
2044 3698 3235 3757 Noch steht er gebückt unter der Last des Unerwarteten, da ruft
2047 3742 3249 3804 der heimgekehrte Sohn vom Garten draußen „Mutter!“
2053 3782 3238 3855 Schmerzlich zuckt er zusammen; als aber der Knabe nun auch
2048 3830 3247 3902 „Vater“ ruft, stürzt er hinaus dem Sohne entgegen, aus dem
2055 3871 3247 3941 auch einmal ein Mann werden wird. Der Kreis schließt sich.
2138 3919 3243 3984 Irene Triesch verlieh der Genia alles, was sie ihr
2049 3961 3252 4025 von Eigenem geben konnte, um eine glaubhafte Gestalt von
2047 4001 3249 4074 Fleisch und Blut zu schaffen. Sie gab ihr mit stiller Melancholie
2053 4050 3250 4111 und leiser, vornehmer Schen den Stempel inneren Leibens,
2047 4092 3264 4158 legte um ihre nervös beobachtenden Augen einen Strich von,
2888 4135 2939 4173 po
3022 4145 3058 4180 10
2481 4142 2767 4205 Kn
