<?xml version="1.0" encoding="UTF-8" standalone="yes"?>
<PcGts xmlns="http://schema.primaresearch.org/PAGE/gts/pagecontent/2013-07-15" xmlns:xsi="http://www.w3.org/2001/XMLSchema-instance" xsi:schemaLocation="http://schema.primaresearch.org/PAGE/gts/pagecontent/2013-07-15 http://schema.primaresearch.org/PAGE/gts/pagecontent/2013-07-15/pagecontent.xsd">
    <Metadata>
        <Creator>prov=University of Rostock/Institute of Mathematics/CITlab/Gundram Leifert/gundram.leifert@uni-rostock.de:name=ONB_Newseye_GT_M1+(htr_id=10810)::::v=2.4.2
prov=University of Rostock/Institute of Mathematics/CITlab/Tobias Gruening/tobias.gruening@uni-rostock.de:name=de.uros.citlab.module.baseline2polygon.B2PSeamMultiOriented:v=2.4.2
prov=University of Rostock/Institute of Mathematics/CITlab/Tobias Gruening/tobias.gruening@uni-rostock.de:name=/mnt/transkribus/LA/DEA/URO/LA_news_onb_att.pb:de.uros.citlab.segmentation.CITlab_LA_ML:v=2.4.2
Transkribus</Creator>
        <Created>2019-10-07T11:14:27.988+02:00</Created>
        <LastChange>2019-10-08T04:13:27.191+02:00</LastChange>
        <TranskribusMetadata docId="223964" pageId="9497062" pageNr="504" tsid="16500601" status="IN_PROGRESS" userId="40391" imgUrl="https://files.transkribus.eu/Get?id=ZAQJXWNMVPKHEJVMKOXSUQQV&amp;fileType=view" xmlUrl="https://files.transkribus.eu/Get?id=LBUWFULILRFTKPDNYDAKSFKS" imageId="6187289"/>
    </Metadata>
    <Page imageFilename="223964_0504.jpeg" imageWidth="3392" imageHeight="4352">
        <ReadingOrder>
            <OrderedGroup id="ro_1711441869415" caption="Regions reading order">
                <RegionRefIndexed index="0" regionRef="r1"/>
                <RegionRefIndexed index="1" regionRef="r2"/>
            </OrderedGroup>
        </ReadingOrder>
        <TextRegion orientation="0.0" id="r1" custom="readingOrder {index:0;}">
            <Coords points="276,226 276,3478 1826,3478 1826,226"/>
            <TextLine id="r1l1" custom="readingOrder {index:0;}">
                <Coords points="525,264 535,265 538,262 539,264 554,258 557,262 569,261 573,212 565,212 557,216 550,210 547,212 541,208 530,207"/>
                <Baseline points="534,255 562,257"/>
                <TextEquiv>
                    <Unicode></Unicode>
                </TextEquiv>
            </TextLine>
            <TextLine id="r1l2" custom="readingOrder {index:1;}">
                <Coords points="269,244 324,279 465,263 628,305 1180,316 1233,283 1020,279 912,218 737,214 639,267 427,246 334,196 270,218"/>
                <Baseline points="276,246 323,251 370,255 418,260 465,264 513,267 560,270 607,274 655,277 702,279 750,281 797,284 844,285 892,287 939,288 987,289 1034,291 1081,291 1129,292 1176,294 1224,294"/>
                <TextEquiv>
                    <Unicode>24  9611</Unicode>
                </TextEquiv>
            </TextLine>
            <TextLine id="r1l3" custom="readingOrder {index:2;}">
                <Coords points="1400,295 1437,300 1467,283 1539,307 1581,283 1634,302 1694,294 1723,312 1759,301 1832,317 1834,250 1772,230 1656,233 1575,262 1524,236 1465,251 1432,221 1402,222"/>
                <Baseline points="1408,282 1434,282 1460,282 1486,283 1512,283 1538,284 1564,285 1590,286 1617,287 1643,288 1669,289 1695,289 1721,290 1747,291 1773,291 1799,291 1826,291"/>
                <TextEquiv>
                    <Unicode>box 29/2</Unicode>
                </TextEquiv>
            </TextLine>
            <TextLine id="r1l4" custom="readingOrder {index:3;}">
                <Coords points="691,1436 787,1436 796,1441 816,1437 835,1451 857,1447 859,1403 841,1396 818,1401 798,1389 776,1400 760,1391 730,1395 694,1385"/>
                <Baseline points="700,1417 725,1419 750,1420 775,1421 800,1422 825,1424 850,1425"/>
                <TextEquiv>
                    <Unicode>B</Unicode>
                </TextEquiv>
            </TextLine>
            <TextLine id="r1l5" custom="readingOrder {index:4;}">
                <Coords points="665,1473 1810,1532 1821,1481 666,1433"/>
                <Baseline points="672,1475 729,1477 786,1479 843,1480 900,1482 957,1484 1014,1486 1071,1488 1128,1491 1185,1493 1242,1495 1299,1497 1356,1499 1413,1502 1470,1504 1527,1507 1584,1509 1641,1511 1698,1513 1755,1515 1812,1517"/>
                <TextEquiv>
                    <Unicode>deitten Akt, zu breit und üppig wuchert, die Linien der</Unicode>
                </TextEquiv>
            </TextLine>
            <TextLine id="r1l6" custom="readingOrder {index:5;}">
                <Coords points="673,1534 1384,1557 1439,1551 1441,1510 675,1486"/>
                <Baseline points="682,1515 719,1517 757,1518 794,1519 832,1521 869,1523 907,1524 944,1526 982,1528 1019,1529 1057,1531 1094,1532 1132,1534 1169,1536 1207,1538 1244,1539 1282,1541 1319,1542 1357,1543 1394,1546 1432,1547"/>
                <TextEquiv>
                    <Unicode>Haupthandlung fast verschwinden läßt.</Unicode>
                </TextEquiv>
            </TextLine>
            <TextLine id="r1l7" custom="readingOrder {index:6;}">
                <Coords points="737,1584 1593,1594 1746,1626 1823,1608 1825,1565 738,1550"/>
                <Baseline points="746,1572 799,1574 853,1577 906,1579 960,1581 1013,1583 1067,1586 1120,1587 1174,1589 1227,1591 1281,1593 1334,1595 1388,1596 1441,1598 1495,1600 1548,1601 1602,1603 1655,1605 1709,1607 1762,1609 1816,1611"/>
                <TextEquiv>
                    <Unicode>„Ein weites Feld“, sagt der alte Briest — in einem</Unicode>
                </TextEquiv>
            </TextLine>
            <TextLine id="r1l8" custom="readingOrder {index:7;}">
                <Coords points="662,1607 1813,1651 1814,1619 1664,1599 663,1581"/>
                <Baseline points="670,1607 726,1611 783,1614 840,1617 897,1620 954,1622 1010,1626 1067,1628 1124,1630 1181,1632 1238,1634 1294,1636 1351,1638 1408,1639 1465,1641 1522,1643 1578,1644 1635,1646 1692,1648 1749,1649 1806,1651"/>
                <TextEquiv>
                    <Unicode>Roman. Das „weite Land“ der Lebensmöglichkeiten, in</Unicode>
                </TextEquiv>
            </TextLine>
            <TextLine id="r1l9" custom="readingOrder {index:8;}">
                <Coords points="661,1647 1686,1706 1821,1678 1262,1622 661,1632"/>
                <Baseline points="669,1648 726,1651 783,1654 840,1657 897,1659 954,1661 1011,1663 1069,1666 1126,1668 1183,1670 1240,1672 1297,1674 1354,1675 1411,1677 1469,1679 1526,1681 1583,1682 1640,1684 1697,1685 1754,1687 1812,1689"/>
                <TextEquiv>
                    <Unicode>dem die Vieleinigkeit der Seele, das Chaos menschlicher</Unicode>
                </TextEquiv>
            </TextLine>
            <TextLine id="r1l10" custom="readingOrder {index:9;}">
                <Coords points="669,1697 1747,1741 1811,1707 670,1652"/>
                <Baseline points="677,1691 733,1692 789,1693 845,1694 902,1696 958,1699 1014,1701 1071,1703 1127,1705 1183,1707 1240,1709 1296,1711 1352,1714 1408,1716 1465,1718 1521,1720 1577,1723 1634,1725 1690,1726 1746,1728 1803,1729"/>
                <TextEquiv>
                    <Unicode>Widersprüche wohnt, kann wohl überhaupt nicht im engen</Unicode>
                </TextEquiv>
            </TextLine>
            <TextLine id="r1l11" custom="readingOrder {index:10;}">
                <Coords points="661,1739 1788,1779 1822,1752 663,1694"/>
                <Baseline points="669,1731 726,1730 783,1730 840,1731 898,1733 955,1735 1012,1737 1069,1739 1127,1742 1184,1745 1241,1748 1298,1750 1356,1754 1413,1756 1470,1759 1527,1761 1585,1763 1642,1765 1699,1766 1756,1767 1814,1767"/>
                <TextEquiv>
                    <Unicode>Raum der Bühne liegen. Das Drama fordert nun einmal</Unicode>
                </TextEquiv>
            </TextLine>
            <TextLine id="r1l12" custom="readingOrder {index:11;}">
                <Coords points="662,1770 1809,1809 1810,1776 1691,1764 663,1745"/>
                <Baseline points="669,1767 725,1768 782,1768 838,1770 895,1772 952,1774 1008,1776 1065,1779 1122,1782 1178,1785 1235,1788 1292,1791 1348,1794 1405,1797 1462,1799 1518,1801 1575,1803 1632,1805 1688,1806 1745,1807 1802,1807"/>
                <TextEquiv>
                    <Unicode>klare Gruppierung der Motive, nicht vieldeutige Auflösung.</Unicode>
                </TextEquiv>
            </TextLine>
            <TextLine id="r1l13" custom="readingOrder {index:12;}">
                <Coords points="660,1800 1819,1837 1790,1809 662,1769"/>
                <Baseline points="668,1804 725,1806 782,1808 839,1810 896,1812 953,1815 1010,1818 1067,1821 1124,1824 1181,1827 1239,1830 1296,1832 1353,1834 1410,1837 1467,1839 1524,1841 1581,1843 1638,1844 1695,1845 1752,1846 1810,1846"/>
                <TextEquiv>
                    <Unicode>Eine stimmungsvolle und geistreiche Novelle aber wird dadurch</Unicode>
                </TextEquiv>
            </TextLine>
            <TextLine id="r1l14" custom="readingOrder {index:13;}">
                <Coords points="665,1857 1807,1886 1724,1843 667,1817"/>
                <Baseline points="673,1846 729,1847 785,1849 842,1851 898,1853 954,1855 1011,1858 1067,1861 1123,1863 1180,1867 1236,1869 1292,1871 1349,1874 1405,1876 1461,1878 1518,1879 1574,1880 1630,1881 1687,1881 1743,1881 1800,1880"/>
                <TextEquiv>
                    <Unicode>noch nicht ein Drama, daß man einfach Kapitel in ihr über¬</Unicode>
                </TextEquiv>
            </TextLine>
            <TextLine id="r1l15" custom="readingOrder {index:14;}">
                <Coords points="656,1898 676,1896 696,1906 715,1904 722,1911 741,1900 790,1905 842,1894 843,1875 830,1876 803,1852 775,1864 766,1856 752,1860 746,1854 726,1854 718,1860 697,1850 657,1859"/>
                <Baseline points="664,1891 692,1888 720,1887 749,1887 777,1889 805,1890 834,1891"/>
                <TextEquiv>
                    <Unicode>springt.</Unicode>
                </TextEquiv>
            </TextLine>
            <TextLine id="r1l16" custom="readingOrder {index:15;}">
                <Coords points="729,1962 1800,1988 1801,1953 1564,1919 1425,1945 732,1900"/>
                <Baseline points="738,1947 790,1949 843,1951 896,1954 949,1956 1001,1959 1054,1961 1107,1963 1160,1966 1212,1968 1265,1971 1318,1973 1371,1974 1423,1976 1476,1978 1529,1980 1582,1981 1634,1982 1687,1983 1740,1984 1793,1985"/>
                <TextEquiv>
                    <Unicode>Die Aufführung, welche die Tragikomödie gestern, etwa</Unicode>
                </TextEquiv>
            </TextLine>
            <TextLine id="r1l17" custom="readingOrder {index:16;}">
                <Coords points="660,1983 1502,2031 1774,2032 1802,1994 661,1954"/>
                <Baseline points="667,1983 723,1986 779,1989 835,1993 892,1996 948,1999 1004,2001 1061,2004 1117,2006 1173,2009 1230,2011 1286,2013 1342,2015 1398,2016 1455,2018 1511,2019 1567,2020 1624,2022 1680,2023 1736,2024 1793,2024"/>
                <TextEquiv>
                    <Unicode>einen Monat nach ihrer deutschen Simultanpremiere, auch in</Unicode>
                </TextEquiv>
            </TextLine>
            <TextLine id="r1l18" custom="readingOrder {index:17;}">
                <Coords points="668,2030 1772,2073 1808,2022 670,1993"/>
                <Baseline points="676,2023 732,2027 788,2030 844,2033 900,2036 956,2038 1012,2041 1069,2044 1125,2046 1181,2048 1237,2050 1293,2052 1349,2054 1405,2056 1462,2057 1518,2058 1574,2059 1630,2061 1686,2061 1742,2062 1799,2062"/>
                <TextEquiv>
                    <Unicode>Frankfurt bekanntgemacht hat, war nicht derart, daß sie über</Unicode>
                </TextEquiv>
            </TextLine>
            <TextLine id="r1l19" custom="readingOrder {index:18;}">
                <Coords points="1148,2073 1160,2075 1168,2069 1191,2073 1199,2068 1205,2074 1208,2071 1216,2071 1216,2051 1201,2051 1195,2047 1192,2050 1184,2048 1162,2055 1156,2049 1149,2049"/>
                <Baseline points="1156,2065 1182,2066 1208,2067"/>
                <TextEquiv>
                    <Unicode>12</Unicode>
                </TextEquiv>
            </TextLine>
            <TextLine id="r1l20" custom="readingOrder {index:19;}">
                <Coords points="668,2064 1775,2112 1815,2081 669,2032"/>
                <Baseline points="676,2062 732,2066 789,2068 845,2071 902,2074 958,2076 1015,2079 1071,2081 1128,2083 1184,2085 1241,2087 1297,2089 1354,2091 1410,2093 1467,2095 1523,2096 1580,2098 1636,2099 1693,2101 1749,2102 1806,2104"/>
                <TextEquiv>
                    <Unicode>die Mängel des Werkes hinwegtäuschen konnte, ja sie erschöpfte</Unicode>
                </TextEquiv>
            </TextLine>
            <TextLine id="r1l21" custom="readingOrder {index:20;}">
                <Coords points="655,2105 1801,2143 1788,2101 656,2073"/>
                <Baseline points="662,2104 718,2107 775,2109 831,2111 888,2114 944,2116 1001,2119 1057,2121 1114,2123 1170,2125 1227,2128 1284,2130 1340,2131 1397,2133 1453,2135 1510,2136 1566,2137 1623,2138 1679,2139 1736,2140 1793,2140"/>
                <TextEquiv>
                    <Unicode>es wohl nicht einmal ganz. Soweit es Konversationsstück ist,</Unicode>
                </TextEquiv>
            </TextLine>
            <TextLine id="r1l22" custom="readingOrder {index:21;}">
                <Coords points="666,2139 1796,2183 1797,2148 1731,2136 667,2112"/>
                <Baseline points="673,2145 728,2146 784,2148 840,2149 896,2151 952,2153 1007,2155 1063,2157 1119,2159 1175,2162 1231,2163 1286,2166 1342,2168 1398,2170 1454,2172 1510,2174 1565,2175 1621,2176 1677,2177 1733,2178 1789,2178"/>
                <TextEquiv>
                    <Unicode>kam es zu seinem Recht — solche Sachen kann das Schauspiel</Unicode>
                </TextEquiv>
            </TextLine>
            <TextLine id="r1l23" custom="readingOrder {index:22;}">
                <Coords points="661,2193 1678,2231 1807,2221 1808,2192 662,2156"/>
                <Baseline points="669,2184 725,2186 782,2187 838,2188 895,2191 951,2192 1008,2194 1064,2196 1121,2198 1177,2200 1234,2202 1291,2204 1347,2206 1404,2208 1460,2209 1517,2211 1573,2213 1630,2214 1686,2215 1743,2216 1800,2217"/>
                <TextEquiv>
                    <Unicode>ja sehr rund heraushringen —, seine glasklare Geistigkeit</Unicode>
                </TextEquiv>
            </TextLine>
            <TextLine id="r1l24" custom="readingOrder {index:23;}">
                <Coords points="658,2221 1745,2268 1806,2266 1808,2222 659,2190"/>
                <Baseline points="665,2222 721,2223 778,2225 835,2226 891,2227 948,2230 1005,2231 1061,2233 1118,2236 1175,2238 1232,2240 1288,2242 1345,2244 1402,2246 1458,2248 1515,2250 1572,2251 1628,2252 1685,2253 1742,2253 1799,2253"/>
                <TextEquiv>
                    <Unicode>und seine tieferen Töne erfuhren manche Trübung. Vor</Unicode>
                </TextEquiv>
            </TextLine>
            <TextLine id="r1l25" custom="readingOrder {index:24;}">
                <Coords points="656,2258 1763,2307 1809,2265 657,2244"/>
                <Baseline points="663,2260 719,2261 776,2262 833,2263 890,2265 947,2267 1004,2269 1060,2271 1117,2273 1174,2276 1231,2278 1288,2281 1345,2283 1402,2285 1458,2286 1515,2288 1572,2289 1629,2290 1686,2291 1743,2290 1800,2290"/>
                <TextEquiv>
                    <Unicode>allem in der männlichen Hauptrolle des Hofreiter, die Herr</Unicode>
                </TextEquiv>
            </TextLine>
            <TextLine id="r1l26" custom="readingOrder {index:25;}">
                <Coords points="659,2291 1797,2338 1798,2301 1730,2292 660,2266"/>
                <Baseline points="667,2298 723,2299 779,2300 835,2301 891,2303 947,2304 1003,2307 1060,2309 1116,2312 1172,2314 1228,2317 1284,2319 1340,2322 1396,2323 1453,2325 1509,2327 1565,2328 1621,2329 1677,2329 1733,2328 1790,2327"/>
                <TextEquiv>
                    <Unicode>Bauer (als Ersatz für den leiden schon allzu lange kranken</Unicode>
                </TextEquiv>
            </TextLine>
            <TextLine id="r1l27" custom="readingOrder {index:26;}">
                <Coords points="661,2338 1757,2382 1795,2339 662,2291"/>
                <Baseline points="668,2338 726,2339 785,2340 844,2342 903,2343 962,2346 1021,2348 1080,2350 1139,2352 1198,2355 1256,2357 1315,2359 1374,2361 1433,2363 1492,2364 1551,2365 1610,2366 1669,2367 1728,2367 1787,2366"/>
                <TextEquiv>
                    <Unicode>Herrn Lengbach) mit sicherer Rautine und gegen das</Unicode>
                </TextEquiv>
            </TextLine>
            <TextLine id="r1l28" custom="readingOrder {index:27;}">
                <Coords points="659,2375 1799,2412 1800,2378 1711,2363 660,2351"/>
                <Baseline points="667,2376 723,2376 779,2377 835,2378 892,2379 948,2381 1004,2383 1060,2385 1117,2387 1173,2390 1229,2392 1285,2395 1342,2397 1398,2399 1454,2401 1510,2402 1567,2403 1623,2404 1679,2403 1735,2403 1792,2401"/>
                <TextEquiv>
                    <Unicode>ernste Ende hin mit starken Akzenten, aber im allgemeinen</Unicode>
                </TextEquiv>
            </TextLine>
            <TextLine id="r1l29" custom="readingOrder {index:28;}">
                <Coords points="664,2416 1760,2459 1800,2412 665,2382"/>
                <Baseline points="671,2413 727,2414 783,2415 839,2417 895,2419 951,2420 1007,2423 1063,2425 1119,2427 1175,2430 1231,2432 1287,2433 1343,2436 1399,2437 1455,2439 1511,2440 1567,2441 1623,2441 1679,2441 1735,2440 1792,2439"/>
                <TextEquiv>
                    <Unicode>nicht mit dem hier nötigen kunstlerischen Feinschliff durch¬</Unicode>
                </TextEquiv>
            </TextLine>
            <TextLine id="r1l30" custom="readingOrder {index:29;}">
                <Coords points="656,2454 1793,2487 1788,2446 658,2417"/>
                <Baseline points="664,2450 720,2451 776,2453 832,2454 888,2456 944,2458 1000,2460 1056,2462 1112,2464 1168,2467 1225,2469 1281,2470 1337,2472 1393,2474 1449,2476 1505,2477 1561,2478 1617,2480 1673,2480 1729,2481 1786,2481"/>
                <TextEquiv>
                    <Unicode>führte; in Redetempo und Gefüblston kam eine bei diesem</Unicode>
                </TextEquiv>
            </TextLine>
            <TextLine id="r1l31" custom="readingOrder {index:30;}">
                <Coords points="659,2489 1791,2536 1802,2483 660,2464"/>
                <Baseline points="667,2492 723,2492 779,2493 835,2494 892,2495 948,2496 1004,2498 1061,2500 1117,2502 1173,2505 1230,2507 1286,2509 1342,2511 1398,2513 1455,2515 1511,2516 1567,2518 1624,2518 1680,2519 1736,2519 1793,2518"/>
                <TextEquiv>
                    <Unicode>nerrös unsteten Augenblicksmenschen unangebrachte Gemut¬</Unicode>
                </TextEquiv>
            </TextLine>
            <TextLine id="r1l32" custom="readingOrder {index:31;}">
                <Coords points="656,2528 1769,2573 1792,2535 657,2488"/>
                <Baseline points="663,2527 719,2529 775,2531 831,2533 887,2535 943,2537 999,2538 1055,2540 1111,2542 1167,2543 1223,2545 1279,2546 1335,2548 1391,2550 1447,2551 1503,2553 1559,2554 1615,2556 1671,2557 1727,2559 1784,2560"/>
                <TextEquiv>
                    <Unicode>lichkeit, die durch den übermaßig betonten Donaudialekt noch</Unicode>
                </TextEquiv>
            </TextLine>
            <TextLine id="r1l33" custom="readingOrder {index:32;}">
                <Coords points="649,2580 1789,2609 1789,2568 1719,2563 651,2530"/>
                <Baseline points="657,2565 713,2567 769,2569 825,2570 882,2572 938,2574 994,2576 1050,2578 1107,2580 1163,2582 1219,2584 1275,2585 1332,2587 1388,2589 1444,2590 1500,2591 1557,2593 1613,2594 1669,2594 1725,2595 1782,2595"/>
                <TextEquiv>
                    <Unicode>verstarkt wurde. So enhielt die mit reifer Kunst und warmer</Unicode>
                </TextEquiv>
            </TextLine>
            <TextLine id="r1l34" custom="readingOrder {index:33;}">
                <Coords points="650,2601 1743,2649 1800,2603 650,2589"/>
                <Baseline points="657,2606 713,2606 770,2608 827,2609 883,2610 940,2612 997,2613 1053,2616 1110,2617 1167,2619 1224,2621 1280,2623 1337,2625 1394,2627 1450,2629 1507,2630 1564,2631 1620,2632 1677,2633 1734,2633 1791,2633"/>
                <TextEquiv>
                    <Unicode>Innerlichkeit dargestellte Genia des Frl. Wulf ein gewisses</Unicode>
                </TextEquiv>
            </TextLine>
            <TextLine id="r1l35" custom="readingOrder {index:34;}">
                <Coords points="644,2640 1762,2688 1803,2629 644,2622"/>
                <Baseline points="652,2643 709,2645 766,2647 823,2648 880,2650 937,2652 994,2654 1051,2656 1108,2658 1165,2659 1223,2661 1280,2663 1337,2665 1394,2666 1451,2668 1508,2668 1565,2669 1622,2670 1679,2671 1736,2671 1794,2671"/>
                <TextEquiv>
                    <Unicode>Uebergewicht, das den Bruch in ihr nur um so offenbarer</Unicode>
                </TextEquiv>
            </TextLine>
            <TextLine id="r1l36" custom="readingOrder {index:35;}">
                <Coords points="641,2682 1541,2722 1794,2695 642,2667"/>
                <Baseline points="649,2683 705,2684 762,2685 819,2686 876,2687 933,2689 990,2691 1046,2693 1103,2694 1160,2697 1217,2699 1274,2701 1331,2702 1388,2704 1444,2706 1501,2707 1558,2708 1615,2709 1672,2709 1729,2709 1786,2709"/>
                <TextEquiv>
                    <Unicode>machte. Von den Vertreterinnen der übrigen Frauenrollen,</Unicode>
                </TextEquiv>
            </TextLine>
            <TextLine id="r1l37" custom="readingOrder {index:36;}">
                <Coords points="644,2715 1795,2772 1796,2726 1741,2715 645,2686"/>
                <Baseline points="651,2719 707,2720 764,2722 821,2723 878,2725 935,2727 992,2729 1048,2731 1105,2733 1162,2735 1219,2737 1276,2739 1333,2741 1390,2743 1446,2745 1503,2746 1560,2747 1617,2748 1674,2749 1731,2750 1788,2750"/>
                <TextEquiv>
                    <Unicode>den Damen Klinkhammer, König und Irmen, wirkte</Unicode>
                </TextEquiv>
            </TextLine>
            <TextLine id="r1l38" custom="readingOrder {index:37;}">
                <Coords points="641,2755 1757,2801 1791,2768 642,2727"/>
                <Baseline points="649,2759 705,2759 762,2760 819,2761 875,2763 932,2764 989,2766 1045,2768 1102,2770 1159,2772 1216,2774 1272,2776 1329,2778 1386,2780 1442,2782 1499,2783 1556,2784 1612,2785 1669,2785 1726,2785 1783,2785"/>
                <TextEquiv>
                    <Unicode>die erstere reichlich matt, während die beiden letzteren ihre dank¬</Unicode>
                </TextEquiv>
            </TextLine>
            <TextLine id="r1l39" custom="readingOrder {index:38;}">
                <Coords points="644,2800 1748,2842 1794,2791 645,2757"/>
                <Baseline points="651,2800 707,2799 764,2799 821,2800 878,2801 934,2802 991,2804 1048,2805 1105,2807 1161,2809 1218,2811 1275,2813 1332,2815 1388,2818 1445,2819 1502,2821 1559,2823 1615,2824 1672,2825 1729,2825 1786,2825"/>
                <TextEquiv>
                    <Unicode>baren Aufgaben resolut anpackten und bewältigten. Die wichtige</Unicode>
                </TextEquiv>
            </TextLine>
            <TextLine id="r1l40" custom="readingOrder {index:39;}">
                <Coords points="648,2845 1658,2878 1769,2873 1787,2834 649,2809"/>
                <Baseline points="655,2837 711,2838 767,2839 823,2839 879,2841 935,2842 991,2844 1048,2845 1104,2847 1160,2849 1216,2851 1272,2853 1328,2854 1384,2856 1441,2858 1497,2860 1553,2861 1609,2862 1665,2864 1721,2865 1778,2865"/>
                <TextEquiv>
                    <Unicode>Partie des in all der schwülen Atmosphäre wohltuend gesunden</Unicode>
                </TextEquiv>
            </TextLine>
            <TextLine id="r1l41" custom="readingOrder {index:40;}">
                <Coords points="654,2876 1727,2919 1785,2878 655,2848"/>
                <Baseline points="661,2874 716,2876 772,2877 828,2879 884,2881 940,2882 995,2884 1051,2885 1107,2887 1163,2889 1219,2890 1274,2892 1330,2893 1386,2894 1442,2896 1498,2897 1553,2898 1609,2900 1665,2901 1721,2902 1777,2903"/>
                <TextEquiv>
                    <Unicode>Dr. Maurer, aus dessen Mund wohl Schnitzler selber die übri¬</Unicode>
                </TextEquiv>
            </TextLine>
            <TextLine id="r1l42" custom="readingOrder {index:41;}">
                <Coords points="648,2921 1785,2958 1798,2929 649,2884"/>
                <Baseline points="656,2917 712,2917 769,2917 826,2918 882,2919 939,2921 996,2922 1052,2924 1109,2926 1166,2927 1223,2930 1279,2931 1336,2933 1393,2935 1449,2937 1506,2938 1563,2939 1619,2940 1676,2940 1733,2940 1790,2940"/>
                <TextEquiv>
                    <Unicode>gen Gestalten des Dramas kritisiert, wurde von Herrn Mehar</Unicode>
                </TextEquiv>
            </TextLine>
            <TextLine id="r1l43" custom="readingOrder {index:42;}">
                <Coords points="651,2951 1535,2995 1796,2971 652,2925"/>
                <Baseline points="659,2956 715,2957 771,2958 828,2959 884,2960 941,2962 997,2963 1053,2965 1110,2966 1166,2968 1223,2970 1279,2971 1335,2973 1392,2975 1448,2976 1505,2978 1561,2979 1617,2980 1674,2982 1730,2983 1787,2984"/>
                <TextEquiv>
                    <Unicode>nur äußerlich (in einer, wie es schien, an die Erscheinung des</Unicode>
                </TextEquiv>
            </TextLine>
            <TextLine id="r1l44" custom="readingOrder {index:43;}">
                <Coords points="657,2990 1792,3034 1767,2987 658,2964"/>
                <Baseline points="665,2994 723,2995 782,2996 841,2997 900,2999 959,3001 1018,3002 1077,3004 1136,3006 1195,3008 1253,3010 1312,3011 1371,3013 1430,3015 1489,3016 1548,3018 1607,3019 1666,3020 1725,3021 1784,3022"/>
                <TextEquiv>
                    <Unicode>Dichters anklingenden Maske) verkörpert. Mt Anerkennung</Unicode>
                </TextEquiv>
            </TextLine>
            <TextLine id="r1l45" custom="readingOrder {index:44;}">
                <Coords points="657,3040 1720,3077 1789,3036 658,3001"/>
                <Baseline points="665,3032 720,3033 776,3036 832,3037 888,3039 943,3041 999,3042 1055,3044 1111,3045 1166,3047 1222,3048 1278,3049 1334,3051 1389,3052 1445,3053 1501,3054 1557,3056 1612,3057 1668,3058 1724,3059 1780,3061"/>
                <TextEquiv>
                    <Unicode>sind dagegen die Herren Pfeil, Bayrhammer und</Unicode>
                </TextEquiv>
            </TextLine>
            <TextLine id="r1l46" custom="readingOrder {index:45;}">
                <Coords points="646,3069 1794,3128 1795,3088 1679,3051 647,3037"/>
                <Baseline points="653,3073 709,3074 766,3075 823,3077 879,3078 936,3080 993,3082 1049,3083 1106,3085 1163,3087 1220,3089 1276,3090 1333,3092 1390,3094 1446,3095 1503,3096 1560,3097 1616,3098 1673,3098 1730,3099 1787,3098"/>
                <TextEquiv>
                    <Unicode>Kanzenel zu erwähnen. Sonst waren noch Frl. Hart¬</Unicode>
                </TextEquiv>
            </TextLine>
            <TextLine id="r1l47" custom="readingOrder {index:46;}">
                <Coords points="645,3105 1783,3163 1784,3115 1735,3106 646,3087"/>
                <Baseline points="652,3114 708,3115 764,3116 820,3117 876,3118 933,3119 989,3121 1045,3122 1101,3124 1157,3126 1214,3128 1270,3129 1326,3131 1382,3132 1438,3134 1495,3135 1551,3136 1607,3137 1663,3138 1719,3138 1776,3138"/>
                <TextEquiv>
                    <Unicode>mann und die Herren Krauß, Janssen, Andresen,</Unicode>
                </TextEquiv>
            </TextLine>
            <TextLine id="r1l48" custom="readingOrder {index:47;}">
                <Coords points="649,3147 1792,3187 1792,3150 1722,3142 650,3107"/>
                <Baseline points="657,3151 713,3152 769,3154 826,3155 882,3157 938,3159 995,3161 1051,3162 1107,3164 1164,3165 1220,3168 1276,3169 1333,3170 1389,3171 1445,3173 1502,3174 1558,3175 1614,3175 1671,3176 1727,3176 1784,3176"/>
                <TextEquiv>
                    <Unicode>Schwarz, Faber, Auerbach, Vollmar usw. be¬</Unicode>
                </TextEquiv>
            </TextLine>
            <TextLine id="r1l49" custom="readingOrder {index:48;}">
                <Coords points="643,3190 1791,3221 1750,3184 644,3164"/>
                <Baseline points="650,3191 706,3193 763,3194 819,3196 876,3197 933,3199 989,3200 1046,3202 1103,3203 1159,3204 1216,3206 1273,3207 1329,3208 1386,3209 1443,3211 1499,3212 1556,3213 1613,3214 1669,3215 1726,3216 1783,3216"/>
                <TextEquiv>
                    <Unicode>schäftigt. Die Regie des Herrn Dr. Heine hatte für sehr</Unicode>
                </TextEquiv>
            </TextLine>
            <TextLine id="r1l50" custom="readingOrder {index:49;}">
                <Coords points="639,3238 1721,3272 1794,3246 1795,3205 1738,3233 640,3190"/>
                <Baseline points="646,3231 703,3232 760,3233 817,3234 874,3235 931,3237 988,3238 1045,3240 1102,3241 1159,3242 1216,3244 1273,3246 1330,3247 1387,3249 1444,3250 1501,3251 1558,3252 1615,3253 1672,3254 1729,3255 1786,3255"/>
                <TextEquiv>
                    <Unicode>Schöne und geschmackvolle Szenenbilder gesorgt und brachte so¬</Unicode>
                </TextEquiv>
            </TextLine>
            <TextLine id="r1l51" custom="readingOrder {index:50;}">
                <Coords points="642,3273 1790,3296 1763,3260 643,3230"/>
                <Baseline points="649,3269 705,3270 762,3271 818,3272 875,3273 932,3275 988,3276 1045,3278 1102,3280 1158,3281 1215,3283 1272,3285 1328,3286 1385,3288 1442,3290 1498,3291 1555,3293 1612,3294 1668,3295 1725,3296 1782,3296"/>
                <TextEquiv>
                    <Unicode>wahl die intimen Stimmungen wie das bunte Treiben in</Unicode>
                </TextEquiv>
            </TextLine>
            <TextLine id="r1l52" custom="readingOrder {index:51;}">
                <Coords points="638,3315 1792,3324 639,3278"/>
                <Baseline points="645,3305 704,3306 764,3307 824,3308 884,3310 944,3311 1004,3313 1064,3314 1124,3316 1184,3318 1244,3320 1304,3322 1364,3324 1424,3325 1484,3327 1544,3329 1604,3330 1664,3332 1724,3333 1784,3335"/>
                <TextEquiv>
                    <Unicode>Dem Alpenbotel zu guter Wirkung. Das gebildete Plauder¬</Unicode>
                </TextEquiv>
            </TextLine>
            <TextLine id="r1l53" custom="readingOrder {index:52;}">
                <Coords points="641,3347 1733,3386 1789,3335 641,3323"/>
                <Baseline points="649,3344 705,3344 762,3345 818,3345 875,3346 932,3348 988,3349 1045,3351 1101,3352 1158,3354 1215,3356 1271,3358 1328,3360 1384,3362 1441,3364 1498,3366 1554,3368 1611,3370 1667,3371 1724,3373 1781,3374"/>
                <TextEquiv>
                    <Unicode>dautsch, in dem Schnitziers Menschen mit ungenierteiter Ge¬</Unicode>
                </TextEquiv>
            </TextLine>
            <TextLine id="r1l54" custom="readingOrder {index:53;}">
                <Coords points="639,3396 1787,3419 1748,3379 641,3347"/>
                <Baseline points="647,3385 703,3386 760,3388 816,3390 873,3391 930,3393 986,3394 1043,3396 1099,3398 1156,3400 1213,3402 1269,3404 1326,3405 1382,3407 1439,3408 1496,3410 1552,3411 1609,3412 1665,3412 1722,3413 1779,3413"/>
                <TextEquiv>
                    <Unicode>schwätzigkeit ihre feelische Vivisektion betreiben, kam mit dem</Unicode>
                </TextEquiv>
            </TextLine>
            <TextLine id="r1l55" custom="readingOrder {index:54;}">
                <Coords points="637,3450 1199,3441 1702,3489 1831,3449 1602,3409 638,3395"/>
                <Baseline points="645,3428 703,3429 762,3430 821,3431 880,3432 939,3433 998,3434 1057,3435 1116,3437 1175,3438 1234,3440 1292,3442 1351,3444 1410,3446 1469,3448 1528,3451 1587,3454 1646,3456 1705,3460 1764,3464 1823,3468"/>
                <TextEquiv>
                    <Unicode>wünschenswerten österreichischen Dalektanflug zu Gehör. Das</Unicode>
                </TextEquiv>
            </TextLine>
            <TextEquiv>
                <Unicode>
24  9611
box 29/2
B
deitten Akt, zu breit und üppig wuchert, die Linien der
Haupthandlung fast verschwinden läßt.
„Ein weites Feld“, sagt der alte Briest — in einem
Roman. Das „weite Land“ der Lebensmöglichkeiten, in
dem die Vieleinigkeit der Seele, das Chaos menschlicher
Widersprüche wohnt, kann wohl überhaupt nicht im engen
Raum der Bühne liegen. Das Drama fordert nun einmal
klare Gruppierung der Motive, nicht vieldeutige Auflösung.
Eine stimmungsvolle und geistreiche Novelle aber wird dadurch
noch nicht ein Drama, daß man einfach Kapitel in ihr über¬
springt.
Die Aufführung, welche die Tragikomödie gestern, etwa
einen Monat nach ihrer deutschen Simultanpremiere, auch in
Frankfurt bekanntgemacht hat, war nicht derart, daß sie über
12
die Mängel des Werkes hinwegtäuschen konnte, ja sie erschöpfte
es wohl nicht einmal ganz. Soweit es Konversationsstück ist,
kam es zu seinem Recht — solche Sachen kann das Schauspiel
ja sehr rund heraushringen —, seine glasklare Geistigkeit
und seine tieferen Töne erfuhren manche Trübung. Vor
allem in der männlichen Hauptrolle des Hofreiter, die Herr
Bauer (als Ersatz für den leiden schon allzu lange kranken
Herrn Lengbach) mit sicherer Rautine und gegen das
ernste Ende hin mit starken Akzenten, aber im allgemeinen
nicht mit dem hier nötigen kunstlerischen Feinschliff durch¬
führte; in Redetempo und Gefüblston kam eine bei diesem
nerrös unsteten Augenblicksmenschen unangebrachte Gemut¬
lichkeit, die durch den übermaßig betonten Donaudialekt noch
verstarkt wurde. So enhielt die mit reifer Kunst und warmer
Innerlichkeit dargestellte Genia des Frl. Wulf ein gewisses
Uebergewicht, das den Bruch in ihr nur um so offenbarer
machte. Von den Vertreterinnen der übrigen Frauenrollen,
den Damen Klinkhammer, König und Irmen, wirkte
die erstere reichlich matt, während die beiden letzteren ihre dank¬
baren Aufgaben resolut anpackten und bewältigten. Die wichtige
Partie des in all der schwülen Atmosphäre wohltuend gesunden
Dr. Maurer, aus dessen Mund wohl Schnitzler selber die übri¬
gen Gestalten des Dramas kritisiert, wurde von Herrn Mehar
nur äußerlich (in einer, wie es schien, an die Erscheinung des
Dichters anklingenden Maske) verkörpert. Mt Anerkennung
sind dagegen die Herren Pfeil, Bayrhammer und
Kanzenel zu erwähnen. Sonst waren noch Frl. Hart¬
mann und die Herren Krauß, Janssen, Andresen,
Schwarz, Faber, Auerbach, Vollmar usw. be¬
schäftigt. Die Regie des Herrn Dr. Heine hatte für sehr
Schöne und geschmackvolle Szenenbilder gesorgt und brachte so¬
wahl die intimen Stimmungen wie das bunte Treiben in
Dem Alpenbotel zu guter Wirkung. Das gebildete Plauder¬
dautsch, in dem Schnitziers Menschen mit ungenierteiter Ge¬
schwätzigkeit ihre feelische Vivisektion betreiben, kam mit dem
wünschenswerten österreichischen Dalektanflug zu Gehör. Das</Unicode>
            </TextEquiv>
        </TextRegion>
        <TextRegion orientation="0.0" id="r2" custom="readingOrder {index:1;}">
            <Coords points="1813,1458 1813,3456 3055,3456 3055,1458"/>
            <TextLine id="r2l1" custom="readingOrder {index:0;}">
                <Coords points="2553,1498 2588,1502 2598,1493 2633,1492 2662,1506 2682,1498 2701,1499 2703,1425 2661,1422 2624,1429 2615,1424 2609,1429 2594,1421 2573,1434 2555,1430"/>
                <Baseline points="2561,1478 2587,1479 2613,1480 2640,1480 2666,1481 2693,1482"/>
                <TextEquiv>
                    <Unicode>EB</Unicode>
                </TextEquiv>
            </TextLine>
            <TextLine id="r2l2" custom="readingOrder {index:1;}">
                <Coords points="1844,1516 2727,1537 2798,1570 2997,1521 1845,1479"/>
                <Baseline points="1852,1512 1908,1515 1965,1517 2022,1520 2079,1522 2136,1524 2192,1525 2249,1527 2306,1529 2363,1530 2420,1531 2476,1532 2533,1534 2590,1535 2647,1537 2704,1539 2760,1541 2817,1543 2874,1546 2931,1549 2988,1552"/>
                <TextEquiv>
                    <Unicode>Drama fand in dem sehr gut besuchten Hause freundlichen?</Unicode>
                </TextEquiv>
            </TextLine>
            <TextLine id="r2l3" custom="readingOrder {index:2;}">
                <Coords points="1845,1579 2780,1604 2782,1560 1847,1526"/>
                <Baseline points="1853,1555 1899,1556 1945,1558 1991,1559 2037,1561 2083,1562 2129,1564 2175,1565 2221,1566 2267,1569 2313,1570 2359,1571 2405,1573 2451,1574 2497,1576 2543,1577 2589,1578 2635,1580 2681,1581 2727,1582 2773,1583"/>
                <TextEquiv>
                    <Unicode>Beifall, der aber nicht ganz ohne Widerspruch blieb.</Unicode>
                </TextEquiv>
            </TextLine>
            <TextLine id="r2l4" custom="readingOrder {index:3;}">
                <Coords points="2825,1622 2834,1621 2849,1630 2860,1627 2870,1637 2899,1642 2915,1650 2936,1645 2939,1600 2917,1599 2900,1584 2881,1584 2873,1590 2857,1578 2828,1576"/>
                <Baseline points="2833,1618 2865,1620 2897,1623 2929,1624"/>
                <TextEquiv>
                    <Unicode>rb.</Unicode>
                </TextEquiv>
            </TextLine>
            <TextLine id="r2l5" custom="readingOrder {index:4;}">
                <Coords points="1940,1677 2860,1701 2975,1733 2990,1647 1941,1648"/>
                <Baseline points="1948,1673 1999,1675 2051,1678 2102,1680 2154,1682 2206,1684 2257,1686 2309,1688 2360,1690 2412,1692 2464,1694 2515,1696 2567,1697 2618,1698 2670,1699 2722,1700 2773,1701 2825,1701 2876,1701 2928,1701 2980,1701"/>
                <TextEquiv>
                    <Unicode>Frankfurter Komödienhaus.] Die Zeilbühne ver¬</Unicode>
                </TextEquiv>
            </TextLine>
            <TextLine id="r2l6" custom="readingOrder {index:5;}">
                <Coords points="1851,1720 2744,1752 2954,1749 2970,1720 1852,1674"/>
                <Baseline points="1858,1711 1913,1713 1968,1714 2023,1716 2078,1718 2133,1720 2188,1722 2244,1723 2299,1725 2354,1727 2409,1729 2464,1730 2519,1732 2574,1734 2630,1735 2685,1737 2740,1738 2795,1739 2850,1740 2905,1741 2961,1742"/>
                <TextEquiv>
                    <Unicode>suchte gestern mit dem Schwank „Son Windhund“ von</Unicode>
                </TextEquiv>
            </TextLine>
            <TextLine id="r2l7" custom="readingOrder {index:6;}">
                <Coords points="1836,1751 2906,1794 2976,1764 1837,1722"/>
                <Baseline points="1844,1749 1900,1751 1956,1754 2012,1756 2068,1759 2124,1760 2180,1763 2237,1765 2293,1767 2349,1769 2405,1771 2461,1773 2517,1774 2573,1776 2630,1777 2686,1778 2742,1779 2798,1780 2854,1781 2910,1782 2967,1782"/>
                <TextEquiv>
                    <Unicode>C. Kraatz und Artur Hoffmann ihr Glück und brachte</Unicode>
                </TextEquiv>
            </TextLine>
            <TextLine id="r2l8" custom="readingOrder {index:7;}">
                <Coords points="1836,1805 2754,1836 2965,1823 2966,1780 1837,1765"/>
                <Baseline points="1844,1788 1899,1791 1955,1794 2011,1796 2066,1799 2122,1801 2178,1803 2233,1805 2289,1808 2345,1810 2401,1812 2456,1813 2512,1815 2568,1816 2623,1818 2679,1818 2735,1819 2790,1820 2846,1821 2902,1821 2958,1821"/>
                <TextEquiv>
                    <Unicode>ihn zu lautem und ehrlichem Erfolg. Die neue Schnurre will</Unicode>
                </TextEquiv>
            </TextLine>
            <TextLine id="r2l9" custom="readingOrder {index:8;}">
                <Coords points="1838,1838 2973,1878 2974,1834 2870,1818 1839,1803"/>
                <Baseline points="1846,1827 1902,1830 1958,1833 2014,1835 2070,1838 2126,1841 2182,1843 2238,1845 2294,1847 2350,1849 2406,1851 2462,1853 2518,1855 2574,1856 2630,1858 2686,1859 2742,1859 2798,1860 2854,1860 2910,1861 2966,1861"/>
                <TextEquiv>
                    <Unicode>genossen, nicht beurteilt sein. Man prüft das Beste und behält</Unicode>
                </TextEquiv>
            </TextLine>
            <TextLine id="r2l10" custom="readingOrder {index:9;}">
                <Coords points="1834,1882 2923,1913 2967,1876 1835,1838"/>
                <Baseline points="1842,1866 1897,1869 1953,1871 2009,1874 2065,1876 2121,1879 2177,1881 2232,1883 2288,1885 2344,1887 2400,1889 2456,1890 2512,1892 2568,1893 2623,1895 2679,1896 2735,1897 2791,1898 2847,1899 2903,1900 2959,1900"/>
                <TextEquiv>
                    <Unicode>Alles. Das Beste sind eine Handvoll guter Witze, einige hübsche</Unicode>
                </TextEquiv>
            </TextLine>
            <TextLine id="r2l11" custom="readingOrder {index:10;}">
                <Coords points="1833,1906 2966,1956 2949,1902 1833,1885"/>
                <Baseline points="1841,1906 1896,1908 1952,1910 2008,1912 2064,1915 2120,1916 2176,1919 2232,1920 2288,1922 2344,1924 2400,1926 2455,1928 2511,1930 2567,1931 2623,1933 2679,1934 2735,1936 2791,1937 2847,1939 2903,1940 2959,1942"/>
                <TextEquiv>
                    <Unicode>Situationen und vor allem der Windhund selber, ein flotter</Unicode>
                </TextEquiv>
            </TextLine>
            <TextLine id="r2l12" custom="readingOrder {index:11;}">
                <Coords points="1834,1948 2976,1982 2835,1937 1835,1922"/>
                <Baseline points="1842,1945 1898,1947 1954,1949 2010,1951 2067,1953 2123,1956 2179,1958 2236,1959 2292,1962 2348,1964 2405,1966 2461,1967 2517,1969 2573,1971 2630,1972 2686,1973 2742,1974 2799,1974 2855,1975 2911,1975 2968,1974"/>
                <TextEquiv>
                    <Unicode>Herr, der aus Amerika zurückkommt und die kühnsten Sachen</Unicode>
                </TextEquiv>
            </TextLine>
            <TextLine id="r2l13" custom="readingOrder {index:12;}">
                <Coords points="1832,1993 2965,2026 2966,1975 1834,1948"/>
                <Baseline points="1840,1984 1895,1986 1951,1988 2007,1990 2063,1992 2119,1994 2175,1997 2230,1998 2286,2001 2342,2002 2398,2005 2454,2006 2510,2008 2566,2010 2621,2011 2677,2012 2733,2013 2789,2015 2845,2015 2901,2016 2957,2016"/>
                <TextEquiv>
                    <Unicode>dreht: er stellt eine kleine Residenz auf den Kopf, macht eine</Unicode>
                </TextEquiv>
            </TextLine>
            <TextLine id="r2l14" custom="readingOrder {index:13;}">
                <Coords points="1837,2029 2601,2070 2972,2039 1838,1993"/>
                <Baseline points="1845,2022 1903,2025 1962,2027 2021,2030 2080,2032 2139,2035 2198,2036 2257,2039 2316,2041 2375,2043 2433,2044 2492,2046 2551,2048 2610,2049 2669,2051 2728,2052 2787,2053 2846,2054 2905,2054 2964,2055"/>
                <TextEquiv>
                    <Unicode>Wahl, arrangiert Verlobungen, kurz, er siegt nach Belieben mit</Unicode>
                </TextEquiv>
            </TextLine>
            <TextLine id="r2l15" custom="readingOrder {index:14;}">
                <Coords points="1827,2070 2967,2103 2957,2059 2388,2067 1829,2022"/>
                <Baseline points="1835,2065 1891,2066 1947,2067 2003,2069 2060,2070 2116,2072 2172,2074 2228,2077 2285,2079 2341,2081 2397,2083 2453,2085 2510,2088 2566,2089 2622,2090 2678,2092 2735,2092 2791,2093 2847,2093 2903,2092 2960,2091"/>
                <TextEquiv>
                    <Unicode>ungezählten Windhundlängen. Sind auch etwelche der Leut¬</Unicode>
                </TextEquiv>
            </TextLine>
            <TextLine id="r2l16" custom="readingOrder {index:15;}">
                <Coords points="1826,2100 2970,2151 2971,2115 2839,2093 1827,2070"/>
                <Baseline points="1833,2105 1889,2106 1946,2107 2002,2108 2059,2110 2115,2112 2172,2113 2228,2116 2285,2118 2341,2120 2398,2122 2454,2124 2511,2126 2567,2127 2624,2129 2680,2130 2737,2131 2793,2131 2850,2131 2906,2130 2963,2129"/>
                <TextEquiv>
                    <Unicode>chen, die er durcheinalper wirbelt und überrast, gute alte Be¬</Unicode>
                </TextEquiv>
            </TextLine>
            <TextLine id="r2l17" custom="readingOrder {index:16;}">
                <Coords points="1827,2142 2735,2184 2935,2184 2969,2146 1827,2115"/>
                <Baseline points="1834,2143 1890,2144 1946,2147 2003,2149 2059,2151 2115,2153 2172,2155 2228,2156 2284,2159 2341,2160 2397,2162 2453,2164 2510,2166 2566,2167 2622,2168 2679,2169 2735,2170 2791,2171 2848,2171 2904,2172 2961,2172"/>
                <TextEquiv>
                    <Unicode>kannte und andere gänzlich überflüssig (die Autoren sollten</Unicode>
                </TextEquiv>
            </TextLine>
            <TextLine id="r2l18" custom="readingOrder {index:17;}">
                <Coords points="1830,2191 2912,2226 2969,2183 1831,2143"/>
                <Baseline points="1838,2182 1894,2184 1950,2186 2006,2188 2062,2190 2118,2192 2174,2193 2231,2196 2287,2198 2343,2200 2399,2201 2455,2203 2511,2205 2567,2206 2624,2207 2680,2208 2736,2209 2792,2210 2848,2210 2904,2210 2961,2210"/>
                <TextEquiv>
                    <Unicode>Frl. Lindenbluth und ihren Partner aus dem Schwank heraus¬</Unicode>
                </TextEquiv>
            </TextLine>
            <TextLine id="r2l19" custom="readingOrder {index:18;}">
                <Coords points="1827,2217 2915,2267 2967,2215 1827,2190"/>
                <Baseline points="1834,2221 1890,2223 1946,2225 2002,2227 2059,2229 2115,2231 2171,2232 2227,2234 2284,2235 2340,2237 2396,2238 2452,2240 2509,2242 2565,2243 2621,2244 2677,2246 2734,2247 2790,2248 2846,2250 2902,2251 2959,2252"/>
                <TextEquiv>
                    <Unicode>operieren) und fehlt es dem Ganzen auch sehr an Politur und</Unicode>
                </TextEquiv>
            </TextLine>
            <TextLine id="r2l20" custom="readingOrder {index:19;}">
                <Coords points="1827,2275 2961,2304 2963,2256 1829,2232"/>
                <Baseline points="1836,2258 1891,2261 1947,2262 2003,2265 2059,2267 2115,2268 2171,2271 2227,2273 2283,2274 2339,2276 2395,2278 2450,2280 2506,2281 2562,2284 2618,2285 2674,2287 2730,2288 2786,2290 2842,2292 2898,2293 2954,2295"/>
                <TextEquiv>
                    <Unicode>Vrazisionsmechanik, so entschädigt dafur der origmelle Vorwurf</Unicode>
                </TextEquiv>
            </TextLine>
            <TextLine id="r2l21" custom="readingOrder {index:20;}">
                <Coords points="1825,2307 2955,2345 2957,2299 1826,2274"/>
                <Baseline points="1832,2298 1887,2299 1943,2301 1999,2303 2055,2304 2111,2306 2166,2308 2222,2311 2278,2313 2334,2315 2390,2317 2445,2319 2501,2321 2557,2323 2613,2325 2669,2326 2724,2328 2780,2330 2836,2331 2892,2332 2948,2333"/>
                <TextEquiv>
                    <Unicode>und die frische Durchführung, deren Unbefangenheit diesmal</Unicode>
                </TextEquiv>
            </TextLine>
            <TextLine id="r2l22" custom="readingOrder {index:21;}">
                <Coords points="1820,2337 2966,2379 2967,2343 2792,2320 1821,2304"/>
                <Baseline points="1828,2337 1884,2339 1941,2341 1997,2343 2054,2345 2110,2347 2167,2349 2223,2351 2280,2353 2336,2355 2393,2357 2450,2359 2506,2361 2563,2362 2619,2364 2676,2365 2732,2366 2789,2367 2845,2368 2902,2368 2959,2369"/>
                <TextEquiv>
                    <Unicode>niemanden argert, weil sich eben die Verfasser an diejenigen</Unicode>
                </TextEquiv>
            </TextLine>
            <TextLine id="r2l23" custom="readingOrder {index:22;}">
                <Coords points="1833,2388 2956,2417 2929,2374 1834,2350"/>
                <Baseline points="1841,2377 1896,2378 1951,2380 2007,2381 2062,2384 2118,2385 2173,2388 2228,2390 2284,2392 2339,2395 2395,2397 2450,2399 2505,2401 2561,2402 2616,2404 2672,2405 2727,2406 2782,2407 2838,2407 2893,2407 2949,2406"/>
                <TextEquiv>
                    <Unicode>wenden, die sehen und doch glauben. Die beschwingte Auffüh¬</Unicode>
                </TextEquiv>
            </TextLine>
            <TextLine id="r2l24" custom="readingOrder {index:23;}">
                <Coords points="1830,2422 2962,2456 2963,2413 1831,2386"/>
                <Baseline points="1837,2418 1892,2419 1948,2421 2004,2422 2060,2424 2116,2426 2172,2427 2228,2429 2284,2431 2340,2433 2396,2435 2451,2437 2507,2438 2563,2440 2619,2441 2675,2443 2731,2444 2787,2446 2843,2447 2899,2448 2955,2449"/>
                <TextEquiv>
                    <Unicode>rung, die ein rechtes Windhundtempo nahm, unterstützte diese</Unicode>
                </TextEquiv>
            </TextLine>
            <TextLine id="r2l25" custom="readingOrder {index:24;}">
                <Coords points="1829,2464 2879,2502 2956,2467 1830,2419"/>
                <Baseline points="1837,2457 1892,2458 1948,2459 2003,2461 2059,2462 2114,2464 2170,2466 2225,2468 2281,2470 2336,2471 2392,2473 2447,2475 2503,2477 2558,2479 2614,2481 2669,2482 2725,2483 2780,2485 2836,2486 2891,2486 2947,2487"/>
                <TextEquiv>
                    <Unicode>Absicht Nicht alle Daxstellen hatten Rollen, die ihnen ange¬</Unicode>
                </TextEquiv>
            </TextLine>
            <TextLine id="r2l26" custom="readingOrder {index:25;}">
                <Coords points="1827,2504 2828,2543 2948,2528 2949,2494 1828,2468"/>
                <Baseline points="1834,2497 1889,2497 1944,2498 2000,2499 2055,2500 2110,2501 2166,2503 2221,2505 2276,2507 2332,2509 2387,2511 2442,2512 2498,2514 2553,2516 2608,2518 2664,2520 2719,2521 2774,2523 2830,2524 2885,2525 2941,2526"/>
                <TextEquiv>
                    <Unicode>gossen waren, aben die meisten bewegten sich doch mit Bahagen</Unicode>
                </TextEquiv>
            </TextLine>
            <TextLine id="r2l27" custom="readingOrder {index:26;}">
                <Coords points="1826,2539 2923,2587 2962,2579 2964,2522 1827,2503"/>
                <Baseline points="1834,2531 1890,2534 1946,2536 2002,2538 2058,2541 2114,2543 2170,2545 2226,2547 2282,2548 2338,2551 2394,2553 2450,2554 2506,2556 2562,2558 2618,2559 2674,2561 2730,2563 2786,2564 2842,2566 2898,2567 2954,2568"/>
                <TextEquiv>
                    <Unicode>darin und schienen zu sein, was sie vorstellen sollten. Der</Unicode>
                </TextEquiv>
            </TextLine>
            <TextLine id="r2l28" custom="readingOrder {index:27;}">
                <Coords points="1816,2581 2958,2612 2959,2582 2842,2566 1818,2544"/>
                <Baseline points="1824,2570 1880,2572 1936,2574 1993,2576 2049,2578 2105,2580 2162,2582 2218,2584 2274,2586 2331,2588 2387,2590 2443,2592 2500,2594 2556,2595 2612,2597 2669,2598 2725,2600 2781,2601 2838,2602 2894,2604 2951,2605"/>
                <TextEquiv>
                    <Unicode>Windhund des Herrn Schonemann ließ die Geschwindig¬</Unicode>
                </TextEquiv>
            </TextLine>
            <TextLine id="r2l29" custom="readingOrder {index:28;}">
                <Coords points="1812,2613 2946,2658 2930,2608 1813,2579"/>
                <Baseline points="1820,2611 1875,2613 1931,2615 1987,2617 2043,2618 2099,2620 2155,2622 2211,2624 2267,2626 2323,2628 2379,2629 2434,2631 2490,2633 2546,2635 2602,2637 2658,2638 2714,2640 2770,2641 2826,2643 2882,2645 2938,2646"/>
                <TextEquiv>
                    <Unicode>keit nicht vermissen, hat aber die überlegene Sicherheit noch</Unicode>
                </TextEquiv>
            </TextLine>
            <TextLine id="r2l30" custom="readingOrder {index:29;}">
                <Coords points="1813,2654 2711,2698 2961,2671 1814,2628"/>
                <Baseline points="1821,2652 1877,2653 1934,2654 1990,2655 2047,2657 2103,2658 2160,2661 2216,2663 2273,2664 2329,2667 2386,2668 2443,2671 2499,2673 2556,2675 2612,2677 2669,2679 2725,2680 2782,2681 2838,2682 2895,2683 2952,2683"/>
                <TextEquiv>
                    <Unicode>mehr zu martieren, die dem Weltmann zukommt, Herr Lehn¬</Unicode>
                </TextEquiv>
            </TextLine>
            <TextLine id="r2l31" custom="readingOrder {index:30;}">
                <Coords points="1822,2707 2950,2734 2951,2697 2821,2683 1824,2656"/>
                <Baseline points="1830,2688 1885,2690 1941,2693 1996,2695 2052,2697 2108,2699 2163,2701 2219,2703 2274,2705 2330,2706 2386,2708 2441,2710 2497,2712 2552,2714 2608,2716 2664,2717 2719,2719 2775,2721 2830,2722 2886,2724 2942,2725"/>
                <TextEquiv>
                    <Unicode>dorff ergötzte wieder durch breite Komik, Frl. Vallière</Unicode>
                </TextEquiv>
            </TextLine>
            <TextLine id="r2l32" custom="readingOrder {index:31;}">
                <Coords points="1826,2744 2778,2778 2955,2770 2956,2734 1827,2706"/>
                <Baseline points="1834,2734 1889,2734 1945,2735 2001,2736 2056,2737 2112,2739 2168,2740 2223,2742 2279,2744 2335,2745 2391,2748 2446,2749 2502,2751 2558,2753 2613,2755 2669,2757 2725,2759 2780,2761 2836,2762 2892,2764 2948,2765"/>
                <TextEquiv>
                    <Unicode>gab ihrer Partie soviel Sinnfälligkeit, wie sie vertragen kann,</Unicode>
                </TextEquiv>
            </TextLine>
            <TextLine id="r2l33" custom="readingOrder {index:32;}">
                <Coords points="1821,2773 2897,2818 2957,2770 1821,2746"/>
                <Baseline points="1828,2771 1884,2772 1940,2774 1996,2775 2052,2777 2108,2779 2164,2780 2220,2782 2276,2784 2332,2785 2388,2787 2444,2789 2500,2791 2556,2792 2612,2794 2668,2795 2724,2797 2780,2798 2836,2799 2892,2800 2948,2801"/>
                <TextEquiv>
                    <Unicode>Herr Bechmann legte als linkischer Hilfslehrer (wie oft</Unicode>
                </TextEquiv>
            </TextLine>
            <TextLine id="r2l34" custom="readingOrder {index:33;}">
                <Coords points="1817,2808 2958,2860 2945,2808 1818,2777"/>
                <Baseline points="1824,2811 1880,2812 1936,2813 1993,2814 2049,2816 2105,2818 2162,2820 2218,2821 2274,2823 2331,2825 2387,2828 2443,2829 2500,2831 2556,2833 2612,2835 2669,2836 2725,2837 2781,2839 2838,2839 2894,2840 2951,2840"/>
                <TextEquiv>
                    <Unicode>haben wir den schon auf der Bühne gesehen!) ein schönes</Unicode>
                </TextEquiv>
            </TextLine>
            <TextLine id="r2l35" custom="readingOrder {index:34;}">
                <Coords points="1821,2859 2908,2895 2951,2851 1822,2811"/>
                <Baseline points="1829,2846 1884,2849 1940,2851 1995,2853 2051,2856 2107,2858 2162,2859 2218,2862 2274,2864 2329,2865 2385,2867 2441,2869 2496,2871 2552,2873 2608,2874 2663,2876 2719,2878 2775,2879 2830,2881 2886,2883 2942,2885"/>
                <TextEquiv>
                    <Unicode>Charakterisierungstalent an den Tag, Herr Waldmann</Unicode>
                </TextEquiv>
            </TextLine>
            <TextLine id="r2l36" custom="readingOrder {index:35;}">
                <Coords points="2962,2872 2974,2870 2983,2879 2989,2875 3001,2877 3013,2888 3045,2872 3059,2874 3063,2829 3057,2829 3035,2814 3017,2828 3014,2824 3003,2829 2995,2827 2979,2838 2975,2833 2966,2832"/>
                <Baseline points="2970,2865 2997,2869 3024,2870 3051,2874"/>
                <TextEquiv>
                    <Unicode></Unicode>
                </TextEquiv>
            </TextLine>
            <TextLine id="r2l37" custom="readingOrder {index:36;}">
                <Coords points="1809,2898 2947,2930 2948,2885 1810,2852"/>
                <Baseline points="1816,2888 1872,2889 1928,2890 1984,2892 2040,2893 2097,2895 2153,2897 2209,2900 2265,2902 2321,2904 2378,2906 2434,2908 2490,2909 2546,2911 2602,2913 2659,2915 2715,2916 2771,2917 2827,2918 2883,2918 2940,2918"/>
                <TextEquiv>
                    <Unicode>war ein eleganter Fürst, das Töchtertrio der Damen Mer¬</Unicode>
                </TextEquiv>
            </TextLine>
            <TextLine id="r2l38" custom="readingOrder {index:37;}">
                <Coords points="2965,2913 2975,2913 2981,2920 2993,2920 3005,2926 3020,2919 3027,2926 3035,2923 3042,2931 3050,2931 3051,2891 3045,2891 3033,2881 3018,2888 3003,2889 2988,2875 2976,2881 2967,2880"/>
                <Baseline points="2973,2914 3008,2916 3043,2918"/>
                <TextEquiv>
                    <Unicode>ken</Unicode>
                </TextEquiv>
            </TextLine>
            <TextLine id="r2l39" custom="readingOrder {index:38;}">
                <Coords points="1804,2929 2941,2979 2955,2903 1805,2910"/>
                <Baseline points="1813,2924 1869,2927 1926,2929 1982,2932 2039,2934 2096,2935 2152,2937 2209,2939 2266,2941 2322,2942 2379,2944 2436,2946 2492,2948 2549,2949 2606,2951 2662,2953 2719,2955 2776,2957 2832,2959 2889,2961 2946,2963"/>
                <TextEquiv>
                    <Unicode>tens, Frenc, Grähner brachte sich vorteilhaft zur Gel¬</Unicode>
                </TextEquiv>
            </TextLine>
            <TextLine id="r2l40" custom="readingOrder {index:39;}">
                <Coords points="2956,2969 2965,2970 2982,2982 3001,2981 3012,2990 3024,2987 3029,2990 3047,2971 3061,2973 3059,2927 3044,2932 3020,2919 3007,2926 2993,2918 2980,2919 2962,2938 2955,2938"/>
                <Baseline points="2963,2965 2993,2964 3023,2962 3053,2963"/>
                <TextEquiv>
                    <Unicode>hal</Unicode>
                </TextEquiv>
            </TextLine>
            <TextLine id="r2l41" custom="readingOrder {index:40;}">
                <Coords points="1821,2974 2870,3014 2951,2979 1822,2934"/>
                <Baseline points="1829,2966 1884,2967 1940,2969 1995,2971 2051,2972 2107,2974 2162,2976 2218,2978 2274,2980 2329,2981 2385,2983 2441,2985 2496,2988 2552,2990 2608,2992 2663,2993 2719,2995 2775,2996 2830,2998 2886,2999 2942,3000"/>
                <TextEquiv>
                    <Unicode>tung und auch die übrigen Teilnehmer des Schwankes: Frl.</Unicode>
                </TextEquiv>
            </TextLine>
            <TextLine id="r2l42" custom="readingOrder {index:41;}">
                <Coords points="1811,3008 2827,3056 2942,3050 2944,3006 1812,2971"/>
                <Baseline points="1818,3006 1873,3007 1929,3009 1985,3010 2041,3012 2097,3014 2153,3016 2208,3017 2264,3020 2320,3021 2376,3023 2432,3025 2488,3026 2544,3028 2599,3030 2655,3032 2711,3033 2767,3035 2823,3037 2879,3038 2935,3039"/>
                <TextEquiv>
                    <Unicode>Darnot, Herr Morin, die Damen Schmidt=Dietz und</Unicode>
                </TextEquiv>
            </TextLine>
            <TextLine id="r2l43" custom="readingOrder {index:42;}">
                <Coords points="2956,3062 2971,3058 2992,3063 2998,3058 3018,3063 3028,3055 3044,3052 3041,3014 3032,3014 3024,3009 3013,3011 3007,3006 2992,3009 2973,3007 2964,3014 2953,3013"/>
                <Baseline points="2964,3056 3000,3052 3036,3052"/>
                <TextEquiv>
                    <Unicode>me</Unicode>
                </TextEquiv>
            </TextLine>
            <TextLine id="r2l44" custom="readingOrder {index:43;}">
                <Coords points="1811,3044 2937,3079 2938,3050 2774,3036 1812,3016"/>
                <Baseline points="1819,3045 1874,3047 1930,3049 1985,3051 2041,3053 2096,3055 2152,3056 2207,3058 2263,3059 2318,3061 2374,3063 2430,3064 2485,3065 2541,3067 2596,3069 2652,3070 2707,3071 2763,3073 2818,3075 2874,3077 2930,3079"/>
                <TextEquiv>
                    <Unicode>Bergen und weitere Mitglieder des Ensembles ließ man</Unicode>
                </TextEquiv>
            </TextLine>
            <TextLine id="r2l45" custom="readingOrder {index:44;}">
                <Coords points="2969,3107 2979,3107 2987,3101 2996,3104 3000,3101 3008,3103 3020,3112 3034,3098 3043,3098 3041,3062 3018,3062 3013,3058 3006,3062 2998,3058 2992,3064 2984,3060 2977,3068 2966,3069"/>
                <Baseline points="2976,3100 3006,3094 3036,3096"/>
                <TextEquiv>
                    <Unicode>mie</Unicode>
                </TextEquiv>
            </TextLine>
            <TextLine id="r2l46" custom="readingOrder {index:45;}">
                <Coords points="1819,3093 2937,3142 2939,3076 1821,3051"/>
                <Baseline points="1828,3085 1883,3088 1938,3089 1993,3091 2048,3093 2103,3095 2158,3097 2213,3098 2268,3100 2323,3101 2379,3103 2434,3104 2489,3106 2544,3107 2599,3109 2654,3110 2709,3112 2764,3113 2819,3115 2874,3117 2930,3118"/>
                <TextEquiv>
                    <Unicode>sich gern gefallen. Die Ausstattung, zumal die des letzten</Unicode>
                </TextEquiv>
            </TextLine>
            <TextLine id="r2l47" custom="readingOrder {index:46;}">
                <Coords points="1812,3132 2900,3166 3055,3116 1813,3092"/>
                <Baseline points="1821,3128 1882,3127 1943,3126 2004,3127 2066,3128 2127,3129 2188,3132 2250,3134 2311,3137 2372,3139 2434,3141 2495,3144 2556,3146 2617,3148 2679,3149 2740,3150 2801,3150 2863,3149 2924,3148 2985,3146 3047,3141"/>
                <TextEquiv>
                    <Unicode>Aktes, war geschmackvoll und von bester Wirkung. Da im Publi¬###</Unicode>
                </TextEquiv>
            </TextLine>
            <TextLine id="r2l48" custom="readingOrder {index:47;}">
                <Coords points="1816,3170 2917,3220 3062,3203 3064,3148 1817,3130"/>
                <Baseline points="1825,3164 1886,3165 1948,3167 2009,3168 2071,3170 2132,3172 2194,3174 2255,3176 2317,3178 2378,3180 2440,3183 2501,3185 2563,3187 2624,3189 2686,3190 2747,3191 2809,3192 2870,3192 2932,3191 2993,3190 3055,3188"/>
                <TextEquiv>
                    <Unicode>kum die Damen (die, wie bekannt, den Windhunden hold sind) ime</Unicode>
                </TextEquiv>
            </TextLine>
            <TextLine id="r2l49" custom="readingOrder {index:48;}">
                <Coords points="1807,3217 2261,3217 2359,3246 2427,3222 2584,3250 2695,3232 2696,3209 1808,3174"/>
                <Baseline points="1816,3201 1859,3203 1903,3205 1946,3207 1990,3209 2034,3211 2077,3212 2121,3214 2164,3216 2208,3217 2252,3218 2295,3220 2339,3221 2382,3222 2426,3223 2470,3224 2513,3225 2557,3226 2600,3227 2644,3228 2688,3228"/>
                <TextEquiv>
                    <Unicode>die Majorität hatten, so war der Beifall stark.</Unicode>
                </TextEquiv>
            </TextLine>
            <TextLine id="r2l50" custom="readingOrder {index:49;}">
                <Coords points="2742,3245 2756,3247 2768,3243 2773,3246 2779,3240 2793,3244 2802,3238 2815,3237 2820,3232 2827,3239 2839,3239 2840,3218 2829,3216 2820,3220 2801,3199 2790,3197 2779,3208 2768,3212 2743,3211"/>
                <Baseline points="2750,3231 2777,3231 2804,3233 2832,3233"/>
                <TextEquiv>
                    <Unicode>ck.</Unicode>
                </TextEquiv>
            </TextLine>
            <TextLine id="r2l51" custom="readingOrder {index:50;}">
                <Coords points="2955,3250 2967,3252 2989,3237 3029,3253 3038,3245 3047,3246 3048,3197 3032,3199 3017,3197 3002,3189 2983,3189 2968,3201 2955,3200"/>
                <Baseline points="2962,3234 2987,3231 3013,3233 3039,3233"/>
                <TextEquiv>
                    <Unicode>flu</Unicode>
                </TextEquiv>
            </TextLine>
            <TextLine id="r2l52" custom="readingOrder {index:51;}">
                <Coords points="2290,3353 2331,3348 2343,3360 2367,3361 2383,3347 2412,3354 2441,3348 2481,3355 2498,3367 2535,3358 2536,3321 2507,3311 2487,3319 2467,3310 2442,3316 2416,3303 2359,3313 2351,3305 2291,3305"/>
                <Baseline points="2299,3344 2324,3343 2349,3343 2375,3344 2400,3344 2425,3344 2451,3345 2476,3346 2501,3347 2527,3348"/>
                <TextEquiv>
                    <Unicode> </Unicode>
                </TextEquiv>
            </TextLine>
            <TextLine id="r2l53" custom="readingOrder {index:52;}">
                <Coords points="2971,3372 2986,3374 2997,3365 3014,3368 3026,3361 3047,3361 3046,3310 3038,3310 3021,3302 3009,3310 2989,3313 2984,3318 2969,3317"/>
                <Baseline points="2978,3362 3009,3359 3040,3360"/>
                <TextEquiv>
                    <Unicode>lie</Unicode>
                </TextEquiv>
            </TextLine>
            <TextLine id="r2l54" custom="readingOrder {index:53;}">
                <Coords points="2948,3402 2977,3406 2982,3404 2991,3411 3000,3411 3006,3407 3016,3408 3032,3396 3039,3397 3040,3377 3028,3376 3015,3366 3008,3370 2995,3366 2990,3369 2987,3366 2970,3367 2962,3372 2950,3370"/>
                <Baseline points="2956,3397 2981,3402 3006,3401 3032,3403"/>
                <TextEquiv>
                    <Unicode>1#</Unicode>
                </TextEquiv>
            </TextLine>
            <TextLine id="r2l55" custom="readingOrder {index:54;}">
                <Coords points="3008,3460 3020,3458 3030,3462 3039,3460 3030,3402 3022,3404 3019,3409 3009,3409 3007,3407 3000,3409"/>
                <Baseline points="3014,3446 3028,3444"/>
                <TextEquiv>
                    <Unicode></Unicode>
                </TextEquiv>
            </TextLine>
            <TextEquiv>
                <Unicode>EB
Drama fand in dem sehr gut besuchten Hause freundlichen?
Beifall, der aber nicht ganz ohne Widerspruch blieb.
rb.
Frankfurter Komödienhaus.] Die Zeilbühne ver¬
suchte gestern mit dem Schwank „Son Windhund“ von
C. Kraatz und Artur Hoffmann ihr Glück und brachte
ihn zu lautem und ehrlichem Erfolg. Die neue Schnurre will
genossen, nicht beurteilt sein. Man prüft das Beste und behält
Alles. Das Beste sind eine Handvoll guter Witze, einige hübsche
Situationen und vor allem der Windhund selber, ein flotter
Herr, der aus Amerika zurückkommt und die kühnsten Sachen
dreht: er stellt eine kleine Residenz auf den Kopf, macht eine
Wahl, arrangiert Verlobungen, kurz, er siegt nach Belieben mit
ungezählten Windhundlängen. Sind auch etwelche der Leut¬
chen, die er durcheinalper wirbelt und überrast, gute alte Be¬
kannte und andere gänzlich überflüssig (die Autoren sollten
Frl. Lindenbluth und ihren Partner aus dem Schwank heraus¬
operieren) und fehlt es dem Ganzen auch sehr an Politur und
Vrazisionsmechanik, so entschädigt dafur der origmelle Vorwurf
und die frische Durchführung, deren Unbefangenheit diesmal
niemanden argert, weil sich eben die Verfasser an diejenigen
wenden, die sehen und doch glauben. Die beschwingte Auffüh¬
rung, die ein rechtes Windhundtempo nahm, unterstützte diese
Absicht Nicht alle Daxstellen hatten Rollen, die ihnen ange¬
gossen waren, aben die meisten bewegten sich doch mit Bahagen
darin und schienen zu sein, was sie vorstellen sollten. Der
Windhund des Herrn Schonemann ließ die Geschwindig¬
keit nicht vermissen, hat aber die überlegene Sicherheit noch
mehr zu martieren, die dem Weltmann zukommt, Herr Lehn¬
dorff ergötzte wieder durch breite Komik, Frl. Vallière
gab ihrer Partie soviel Sinnfälligkeit, wie sie vertragen kann,
Herr Bechmann legte als linkischer Hilfslehrer (wie oft
haben wir den schon auf der Bühne gesehen!) ein schönes
Charakterisierungstalent an den Tag, Herr Waldmann

war ein eleganter Fürst, das Töchtertrio der Damen Mer¬
ken
tens, Frenc, Grähner brachte sich vorteilhaft zur Gel¬
hal
tung und auch die übrigen Teilnehmer des Schwankes: Frl.
Darnot, Herr Morin, die Damen Schmidt=Dietz und
me
Bergen und weitere Mitglieder des Ensembles ließ man
mie
sich gern gefallen. Die Ausstattung, zumal die des letzten
Aktes, war geschmackvoll und von bester Wirkung. Da im Publi¬###
kum die Damen (die, wie bekannt, den Windhunden hold sind) ime
die Majorität hatten, so war der Beifall stark.
ck.
flu
 
lie
1#
</Unicode>
            </TextEquiv>
        </TextRegion>
    </Page>
</PcGts>
