3248 4384
574 189 637 256 W
135 176 1130 317 24. Das Leite Land
1253 195 1736 298 box 29/2
1253 1694 2231 1759 Dichter es einmal ausdrückte.“ Auf diesem weiten
530 1670 1177 1802 Feuilleton.
2223 1716 3224 1795 Chantecler lebt er, aber ein fixer, intelligenter Indu¬
1259 1727 2245 1809 Land der Seele kennt sich Artur Schnitzler trefflich
344 1598 535 1830 2
2220 1754 3222 1853 strieller ist er — mit einem jungen Ding an, das
1251 1783 2229 1855 aus. Freilich, er will uns hie und da als ein gar zu
2223 1798 3217 1893 nicht mehr von ihm lassen will und seinen Verehrer,
609 1787 960 1882 Theater.
1255 1820 2234 1894 läßlicher Spaziergänger erscheinen; wir möchten ihn
2229 1850 3212 1919 einen lüchtigen Arzt, der aber in Liebesdingen ein
316 1848 1198 1946 Pfauentheater: Das weite Land.
1257 1871 2232 1934 um einen Grad männlicher, entschiedener, durchgrei¬
2230 1894 3213 1984 arger Unstern ist, abdankt. Dazu kommt als weiterer
1252 1909 2231 1989 fender; wir möchten nicht immer wieder die ge¬
633 1918 887 1990 (15. Mai.)
2215 1939 3220 2010 Vertreter der Polygamie der Doktor Aigner, dessen
1258 1946 2234 2028 schlechtliche Zone in das Zentrum aller Interessen
327 1951 1258 2051 T. Es war sehr wohlgetan, daß auch unsere
2229 1978 3218 2058 Ehe einst ob seiner Aufrichtigkeit der Gattin gegen¬
1250 1989 2225 2069 gerückt sehen, als ob das ganze Leben nur von die¬
261 2016 1254 2087 Schauspielbühne des fünfzigsten Geburtstages Ar¬
2224 2019 3211 2109 über in die Brüche gegangen ist, und der nun als
1245 2039 2227 2110 sem einen Punkt aus orientiert wäre. Allein, das ist
260 2045 1256 2134 tur Schnitzlers gedacht hat Ueherblickt man die
2221 2063 3206 2141 Direktor eines großen Gasthofes im Gebirge seine
1240 2078 2227 2156 doch vielleicht wieder nur die Kehrseite des kultivier¬
252 2090 1250 2171 Reiheen Dramaliker, so sind's doch wenige,
2217 2106 3211 2183 galanten Triebe ehelos spazieren führt. Und just
1239 2122 2225 2195 ten Wienertums in Schnitzler, das notwendige Kom¬
258 2141 1259 2219 zu denen man sich in einem persönlicheren, man
2217 2135 3218 2221 diesem Aigner legt Schnitzler das Wort von der
1242 2164 2228 2235 plement zu dem, was ihn uns lieb und wert macht.
258 2187 1251 2268 möchte sagen herzlicheren Verhältnis fühlt als zu
2223 2194 3210 2276 Seele als dem weiten Land, vom Chaos als dem
1248 2193 2227 2295 (Und wir erinnern uns, daß aus Oesterreich das
250 2222 1255 2320 Schnitzler. Seine Wiener Kultur berührt uns als et¬
2221 2221 3204 2323 Natürlichen, von der Ordnung als dem Künstlichen
1242 2255 2225 2350 Dysangelium Freud seinen Ursprung genommen
250 2267 1252 2340 was Verfeinertes und Verfeinerndes, als eine wenn
1239 2293 1374 2362 hat.)
2218 2286 3208 2359 in den Mund, und dies mitten im Trubel eines
246 2315 1254 2388 auch nicht höhere, so doch differenziertere, reichere,
2217 2330 3199 2405 Hotelvestibüls. Viele haben sie vielleicht nicht einmal
1286 2342 2225 2408 Wir stehen mit dem Gesagten schon mitten in
245 2364 1240 2450 farbigere, menschlichere Lebensauffassung. Er hat
2219 2375 3208 2436 genau verstanden. Man tut deshalb gut, über der
1233 2364 2216 2469 der „Tragikomödie“ die wir jüngst auf unserer
248 2411 1249 2474 feine, weiche Worte verstehenden Verzeihens. Er
2207 2416 3208 2506 Aufführung das Buch nicht zu vergessen; wie gewohnt
1229 2432 2219 2511 Bühne gesehen haben. Die Komödie wie die Tragödie
238 2448 1242 2526 kennt als guter Psychologe die Schwäche des mensch¬
2213 2458 3203 2550 bei S. Fischer ist die Tragikomödie erschienen, ein
1239 2469 2214 2556 bezieht ihren Nährstoff wesentlichsaus dem Boden
237 2493 1241 2574 lichen Wollens, das Fehlgehen des menschlichen
2206 2503 3204 2582 stattliches Bändchen von 174 Seiten; dieser Umfang
1232 2518 2215 2594 des Sexuellen, oder vornehmer gesagt: der Liebe.
247 2534 1237 2603 Tuns, und er kennt auch nur zu genau all das
2210 2547 3208 2621 bedingt natürlich einige Striche für die Bühne. Ueb¬
1227 2559 2217 2642 Im Mittelpunkt steht ein Fabrikant, der, im Besitz
242 2581 1243 2656 furchtbare Leiden, das daraus resultiert; aber eben
2216 2596 3202 2649 rigens: der genannte Berliner Verlag bereitet eine
1232 2589 2215 2674 einer reizenden Frau, die ihn liebt, aus der Poly¬
240 2634 1234 2700 deshalb glaubt er sich nicht zum Rigorismus ver¬
2204 2631 3197 2709 Gesamtausgabe von Schnitzlers Dichtungen vor; mit
1229 2655 2211 2736 gamie nicht herauskommt, der daher im Grunde völlig
235 2660 1229 2744 pflichtet, getraut er sich nicht, den so sehr komplizier¬
2205 2672 3195 2766 dem Erzählenden wird sie beginnen, dann erst folgt
1224 2694 2200 2764 begreifen würde, wenn seine Frau schließlich Glei¬
232 2714 1239 2796 ten Mechanismus der Psyche nach einfach=starrem
2198 2719 3203 2816 als zweite Abteilung das dramatische Oeuvre des
1226 2737 2205 2813 ches mit Gleichem vergälte, der trotzdem dann aber,
2200 2763 2556 2827 Fünfzigjährigen.
236 2759 1233 2836 Schema zu regeln und zu richten. Es steht ein Wort
1223 2778 2217 2845 als dies wirklich eintritt (aus dépit amoureux, nicht
234 2792 1231 2878 im neuesten Drama Schnitzlers, das ihn kennzeich¬
2255 2790 3186 2884 Daß sich Tragisches und Komisches tagtäglich,
1220 2820 2206 2900 aus Leidenschaft, und darum doppelt abstoßend), den
229 2832 1233 2916 net: „So vieles hat zugleich Raum in uns! Liebe
2197 2840 3192 2932 stündlich unheimlich berühren, wer weiß es nicht!
1219 2870 2202 2949 jungen Liebhaber niederknallt im Duell, nicht sowohl
231 2885 1232 2963 und Trug... Treue und Treulosigkeit... Anbetung
2206 2891 3186 2971 Fragt sich nur, ob diese Mischung so ohne weiteres
1225 2920 2208 3004 aus eifersüchtiger Wallung, die ja bei Ehefrevlern
225 2925 1237 3005 für die eine und Verlangen nach einer andern oder
2196 2928 3186 3012 auch ins Kunstwerk hinübergenommen werden kann.
1218 2956 2208 3024 nichts Seltenes ist, als um sich künftig von einem
222 2974 1228 3049 nach mehreren. Wir versuchen wohl Ordnung in uns
2203 2980 3182 3066 Schnitzler scheint mir da doch stellenweise zu sorglos
1217 3005 2198 3075 Bankier, mit dessen Frau der Fabrikant ein offen¬
227 3015 1224 3093 zu schaffen, so gut es geht, aber diese Ordnung ist
2200 3026 3186 3119 vorgegangen zu sein. Der dritte Akt, im Hotel am
1200 3028 2201 3125 kundiges Verhältnis unterhalten hat, nicht unge¬
2190 3063 3180 3144 Völser Weiher, entgleitet sozusagen völlig in die
227 3053 2202 3161 doch nur etwas Künstliches. .. Das Natürliche ist straft Sottisen gefallen lassen zu müssen. Daneben
2196 3110 3179 3194 Komödie, und damit schadet der Dichter seinem Werk
218 3100 3218 3252 das Chaos. Ja, die Seele ist ein weites Land, wie ein bandelt der Fabrikant — Hofreiter heißt er, wie ganz entschieden. Was bleibt von diesem ganzen Akt##l
2758 4149 2961 4238 —r
