3344 4448
1323 124 1769 214 box 28/2
213 142 1174 248 24. Das weite-Land
444 1063 1349 1232 Boneral-Anraiger, krachten . &
758 1302 1061 1402 M6 10 WIT
472 1396 1480 1471 = Ein neues Drama von Arthur Schnitzler. Das mit
407 1453 1467 1506 Spannungühneumerk von Arthur
423 1490 1477 1548 Schnitzler, das der Dichter mit einem nichk ganz leicht,
406 1518 1481 1589 aber trotzdem durchaus klar zu deutenden Namen „Das
415 1575 1470 1620 weite Land“ benennt, ist am Samstag in verschiedenen
414 1608 1466 1669 großen Bühnen zur Uraufführung gekommen. In Frank¬
418 1659 1458 1704 furt, wo das Stück ebenfalls für Samstag angesetzt war,
418 1687 1469 1754 mußte leider die Aufführung wegen Erkrankung des Herrn
416 1730 1461 1779 Lengbach verschoben werden, Wir behalten uns eine Ana¬
418 1765 1466 1822 lyse des Stückes, das für das Verständnis von Schnitzlers
410 1799 1468 1859 Weltanschauung von größter Wichtigkeit ist und den
408 1842 1459 1887 Menschen und seine Handlungen vom Standpunkt einer
412 1884 1484 1939 resiguierenden Philosophie aus betrachtet, noch vor der Frank¬
401 1934 1469 2005 #furter Aufführung vor und berichten heute nur über den
397 1990 1468 2060 Erfolg der auswärtigen Premieren, zunächst in Wien,
422 2023 1485 2092 im Münchener Hoftheater und im Hamburger
419 2075 1486 2122 Schauspielhause. Ueber den Erfolg der Wiener Auf¬
431 2104 1481 2169 führung drahtet uns unser Wiener L. Hfd.=Mitarbeiter
444 2156 790 2217 folgenden Bericht:
494 2168 1483 2244 Wien, 15. Okt. Bei der heutigen Erstaufführung im
458 2241 1475 2291 Burgtheater hatte Arthur Schnitzlers Tragi¬
461 2275 1483 2336 komödie „Das weite Land“ einen Achtungserfolg, der
456 2309 1486 2386 sich nach dem vierten und fünften Akt vertiefte und ver¬
456 2367 1347 2420 stärkte. Der Dichter wurde oft gerufen.
455 2402 1488 2464 In Hamburg erweckte das Werk ebenfalls die ernste
423 2432 1492 2504 Aufmerksamkeit der Zuhörer und hatte anscheinend den¬
428 2498 1482 2547 selben Erfolg wie in Wien, und nicht weniger fühlten
421 2520 1487 2603 sich die Besucher der Münchener Aufführung von der
428 2574 795 2634 Dichtung gefesselt.
1394 2590 1488 2666 der
459 2600 1390 2667 Auch im Leipziger Neuen Stadttheater, in
443 2632 1497 2705 Schauburg zu Hannover und im neuen Deutschen
432 2686 1488 2747 Theater in Prag wurde „Das weite Land“ am
425 2717 1487 2784 Samstag aufgeführt und der Erfolg scheint nach den
434 2751 1492 2825 vorliegenden Berichten überall, mit geringen Verschieden¬
423 2800 1484 2860 heiten, ziemlich denselben Charakter getragen zu haben:
439 2815 1497 2904 Respekt vor dem Dichter, unmittelbar starker Eindruck
433 2896 1486 2934 einiger Szenen und besonders wohlgelungener Gestalten,
434 2914 1493 2984 aber für die eigentliche Idee und die kunstvolle Psycho¬
436 2964 1020 3036 logie kein rechtes Verständnis.
478 2980 1505 3062 Der Titel des Stückes will mit dem Ausdruck „Dasf
438 3041 1483 3103 weite Land“ die Unbegrenztheit der seelischen Welt sym¬
434 3068 1493 3139 bolisch ausdrücken und nachweisen, wie wenig alle unsere
442 3120 1499 3178 moralischen Wertungen des menschlichen Handelns gelten
434 3158 1497 3213 können, da die physischen Vorgänge zu kompliziert und
445 3184 1505 3262 zu vielfältig sind, um bestimmten moralischen Gesetzen
445 3244 1501 3297 unterstellt werden zu können. Das Stück gehört in die
453 3281 1497 3333 Reihe der in der allerletzten Zeit mehrfach aufgetauchten
443 3317 1499 3367 Stücke, die nach einer neuen Auffassung des Begriffes der
450 3342 1504 3415 Tragödie auf Grund der modernen psychologischen
447 3396 1506 3451 Forschungen zur Theorie der Moral streben. Es wird zu
441 3428 1502 3493 dieser Theorie noch manches zu sagen sein. Auf jeden
444 3479 1508 3533 Fall verdient das Werk als eines der tiefsten des Dichters
421 3507 1523 3585 Tund als bedent sames document humain die ernsteste Beihtungs
1840 830 2676 959 ienet Germ# ###0.
1853 952 2656 1069 Memdag#
2029 1087 2483 1173 G.o. 14
2099 1201 2678 1281 Theater und Musik.
1922 1260 2981 1349 (Burgtheater.) Zum erstenmal: „Das weite Land“
1825 1322 2983 1431 fünf Akte von Artur Schnitzler. Von der Darstellung der Schnitzler¬
1822 1382 2978 1463 schen Tragikomödie istge## melden. Herr Korff vor
1826 1430 2990 1502 allem überraschte. Sein Spiel war eindringlich, klug, recht fein und
1814 1467 2995 1543 #amüsant durchschattiert und in der entscheidenden Szene auch nicht
1803 1514 2985 1611 Vohne Kraft und Würde. Nur die Liebesszeue im dritten Akt geriet
1801 1566 2999 1645 leer und saftlos. Daran mochte auch Herrn Korffs Partnerin einige
1806 1621 2992 1709 Schuld tragen, Fräulein Hofteufel, die aus einem tapferen,
1812 1657 2995 1745 energischen Mädchen, einer jungen Dame, wie sie Bernard Shaw gern
1818 1715 3001 1811 zur Heldin nimmt, einen selbstbewußten Backsisch macht und trotz
1821 1758 3006 1838 fallem redlichen Bemühen, manches zu bedeuten, unbedeutend blieb.
1824 1817 2990 1889 Fräulein Marberg hat ihren noblen Ton, ihre ausgezeichnete
1820 1868 2994 1936 Kunst im Darstellen edler fraulicher Art noch nicht eingebüßt.
1814 1902 3000 2012 Ihre paar ganz tragischen Akzente im letzten Akt ergriffen. Als
1825 1965 3007 2035 ein Natürlichkeits=Spieler von sauberster Nonchalance bewährte sich:
1824 2007 3010 2116 wieder Herr Paulsen, und in ein paar gedrungene Sätze wußte
1830 2053 3010 2132 Herr Heine die ganze Wucht und Euergie seiner schauspielerischen
1834 2095 3022 2188 Persönlichkeit zu konzentrieren. Herr Höbling hatte eine lächerliche8
1826 2151 3006 2256 Figur zu spielen und das machte er recht gut. Eine delikat=komische
1834 2201 3015 2298 Rolle ging an Herrn Frank rettunglos verloren, eine derbere
1834 2254 3016 2330 Charge brachte Herrn Zeska kleine Lacherfolge. Vorzüglich
1838 2304 3010 2392 Frau Devrient=Reinhold, der reifere, überbewegliche
1844 2344 3012 2439 und beredsame Damen der guten Gesellschaft immer so überaus
1828 2416 3018 2477 echt und amüsant geraten. Herr Devrient war als Ersatz
1839 2453 3018 2537 für Hartmann im letzten Augenblick eingesprungen. Er blieb
1828 2499 3014 2564 taktvoll im Hintergrund und fand keinen Anlaß, sich auszuzeichnen
1840 2561 3018 2627 oder zu blamieren. Die Regie (Herr Thimig) hatte sorgfältige
1845 2586 3021 2691 Arbeit geleistet. Alles ging recht exakt, die Räderchen des Dialogs
1843 2646 3013 2732 griffen tadellos, ohne Stockung und Geknirsch, ineinander. Gelegentlich
1837 2696 3031 2762 wagte sich ein vorsichtiger Realismus bescheiden zwischen den Kulissens
1838 2747 3032 2832 hervor. Da fuhren dann Radfahrer über die Chaussee oder die
1849 2809 3022 2869 Straßenlaternen wurden angejändet oder vom Tennisplatz her
1847 2852 3034 2942 kam ein kleiner Junge gelaufen und holte den verirrten Ball. Im
1862 2909 3028 2982 ganzen war's ein Erfolg für den Dichter sowohl wie für das Burgtheater.
1847 2938 3022 3017 Der interessunten, stellenweise recht subtilen Komödie soll nicht das
1848 3003 3035 3085 Unrecht zugefügt werden, daß über sie in der Hast und Kürze eines
1859 3048 3022 3114 Sonntagsreferats berichtet wird. (Samstag abend war die Premiere.)
1857 3089 3017 3173 Zur Generalprobe hatte der Referent der „Wiener Sonn= und Montags
1865 3143 3025 3227 Zeitung“ keinen Zutritt. Ein recht kindlicher Versuch, mißliebiger
1857 3195 3027 3282 Kritikern durch administrative Maßregeln die Arbeit saurer zu
1858 3238 3024 3335 machen. Die Ansichten über seine Direktionsführung wird Baron Berge¬
1855 3286 3019 3363 durch dertei Verfügungen kaum zu ändern imstande sein. Nich
1859 3334 3023 3414 einmal, wenn er seinen unbotmäßigen Kritikern ernste Garderob¬
1853 3389 3011 3471 Schwierigkeiten im Burgtheater bereiten läßt oder ihnen den Ankai
1869 3429 3017 3512 des Theaterzettels erschwert oder den Wagenrufer gegen sie aufhei
1862 3482 3012 3555 oder sonst eine Verfügung trifft, die dem Ausschluß von den Genera
2868 3534 2991 3611 a. p.
1843 3547 2746 3634 proben an Takt, Geschmack und Räson gleichkommt.
