3392 4352
745 172 3331 272 Diese Seelenkomplikationen glossiert Schnitzler vier Akte lang übrigens Unrecht, wenn man ihn mit irgend einem der französischen
641 234 3324 307 mit vielen feuilletonistischen Geistreichigkeiten und immer in einem Meister des Stils vergleicht: Schnitzler bedeutet mehr als sie, er
637 305 3330 356 Dialog, der diese Akte zu einem feinen Konversationslustspiel auf ist nicht bloß der Causeur, er ist in Wahrheit der lachende Philosoph,
640 357 3323 429 bemerkenswert solider psychologischer Grundlage stempelt. Vieles er ist der Psycholog, der nicht nur unterhält, sondern auch immer
630 427 3323 477 in diesen Partien gehört zum Geschliffensten, was der geschmack= etwas zu sagen hat und durch seine verblüffenden Wahrheiten und
637 464 3289 540 volle Dialogiker je gesprochen, und man freut sich vielfach dieser Offenheiten zum Nachdenken anregt. Hamburger Fremdenblatt.
639 529 1994 602 Weisheit, die mit überlegenem humoristischen Schmunzeln die Wahr¬
2050 553 3318 659 Deutsches Schauspielhaus. Arthur Schnitzlers neueste Tragi¬
630 594 1995 671 heit sagt und durch keine neue Entdeckung im weiten Lande seelischer
632 652 3322 716 Stimmungen aus der Fassung zu bringen ist Umso größer das komödie „Das weite Land“, die gestern in Wien, Berlin, Hamburg,
1981 708 3323 786 Frankfurt und anderwärts zu gleicher Stunde gegeben wurde, hatte
643 708 1981 785 Staunen, das der lächelnde Weise urplötzlich die Stirne zu finsteren
629 773 3335 822 tragischen Falten runzelt. Der froh das Leben genießende Fabrikant im Deutschen Schauspielhause ein günstiges Schicksal. Sie machte
638 825 3328 905 tritt mit einem Male mit den Tragödienhelden in Konkurrenz, greift neugierig mit ihrem ersten, interessierte mit ihrem zweiten, belustigte
626 889 3322 976 zum Revolver und erschießt den von der Gattin begünstigten Fähn= mit ihrem dritten, spannte mit ihrem vierten und packte mit ihrem
629 952 3332 1023 rich. Diese tragische Krönung wirkt unorganisch. Doch gewiß ist fünften Aufzuge. Demgemäß gab es nach den ersten drei Akten
638 1059 3328 1143 Grunde des Helden Liebe zur Gattin immer so glühend und echt nach dem fünften Aufzuge zu einem kräftigen Erfolge steigerte.
635 1123 1989 1200 gewesen, daß er nicht anders handeln konnte? Und war ihm alles
2734 1117 3286 1209 Neue Hamburger Zeitung.
627 1174 1985 1257 andere nur Episode? Es ist das Schlußfragezeichen des Schnitzler¬
2057 1219 3332 1280 So ist dieses Werk ein Beweis von der Kenntnis der menschlichen
634 1236 1986 1312 schen Wertes, andeutend, daß es uns wohl immer versagt bleiben
1979 1258 3334 1353 Seele, eine starte Leistung an geistiger Kraft, eine echte Dichtung
633 1302 1981 1379 wird, einzudringen in die Geheimnisse des weiten Landes, das wir
1979 1346 3331 1420 endlich, weil nicht spitzfindige Klügelei, sondern allein dichterische
641 1356 956 1446 Seele nennen.
1422 1362 1964 1453 Berliner Börsen=Zeitung.
1963 1393 3328 1501 Inspiration auf diesen allerverborgensten Pfaden des weiten Landes
732 1443 1980 1528 Aber wie dem auch sei, es gibt in diesem wirren, plaudrigen,
1978 1456 2290 1531 führen konnte.
625 1488 1990 1578 willkürlich gedrehten Werk einen Dialog und einige Szenen, die
2052 1490 3323 1581 Das Außere dieses Werkes zeugt von großer Kunst: der
631 1567 1989 1635 ein Dutzend korrekterer, energischer geführten „Stücke“ aufwiegen.
1974 1555 3332 1649 dramatische Aufbau ist geschickt, was sich schon dadurch erweist,
634 1631 1978 1708 Der erste Akt in seiner träumerischen Weichheit, einige heitere
1984 1643 3329 1709 daß eine Zuhörerschaft sehr bald durchaus gefesselt wird. Die
633 1697 3330 1773 Details des dritten Aktes, die verhaltene Stimmung der ersten Charaktere sind von verblüffender Mannigfaltigkeit und doch jeder
636 1746 3329 1827 Hälfte des vierten das sind Werte, die heute selten wer zu in sich geschlossen, eine zum mindesten interessante Persönlichkeit,
630 1805 899 1892 bieten hat.
1542 1803 3322 1880 B. Z. am Mittag. ein lebender Mensch. Die Sprache ist von ungezwungener Alltäg¬
1966 1871 3284 1977 lichkeit der Worte und doch oft schön. Hannoverscher Anzeiger.
733 1862 1984 1963 Berlin, 14. Oktober. (Privattelegramm.) Schnitzler's Tragi¬
622 1926 1983 2023 komödie „Das weite Land“ entließ das mit jedem Akt mehr und
2053 1953 3317 2054 Hannover, 14. Oktober. In der Schauburg zu Hannover
636 2015 1988 2097 mehr gefesselte Publikum des Lessingtheaters mit dem Eindruck
1971 2045 3316 2118 fand heute unter ungeteiltem großen Beifall, bei vorzüglicher Dar¬
635 2084 1986 2157 eines starken Erlebnisses Des Publikum verlangte lebhaft
1976 2097 3331 2184 stellung die erste Aufführung von „Arthur Schnitzler, Das weite
626 2138 1800 2231 nach dem Autor, für den Direktor Otto Brahm dankte.
1958 2152 2262 2250 Land“ statt.
2733 2155 3289 2255 Neue Freie Presse. Wien.
1432 2186 1974 2283 Neues Wiener Tagblatt.
2053 2229 3328 2346 Das Stück ist kein Publikums=Erzeugnis. Leise, allzuleise
722 2236 2000 2358 Es gibt wenig moderne Gesellschaftsstücke von so ausgesprochen
1977 2309 3329 2401 oft für den Theatererfolg geht es seinen Weg ins Innere der
633 2338 1981 2416 tragischem Gehalt: und vielleicht keines, bei dem die Tragik trotz
1972 2377 3334 2434 Menschen, breitet die Fülle seiner Erkenntnisse, seiner feinziselierten
624 2372 1976 2476 der allzuzarten Form noch so stark und aufrecht geblieben wäre.
1970 2434 3328 2501 Worte in allzubreit hinfließendem Strom aus. Biegt dann für
636 2450 1981 2517 Das ist — wie jede echte Tragik — die Frucht eines tiefen und
631 2504 3324 2580 mächtigen ethischen Wollens. Auch hierin verleugnet Schnitzlers einen Akt (den dritten) bewußt in ein populäres Fahrwasser, um
630 2569 3330 2639 Dichtung ihre Herkunft aus dem Salonstück nicht, das ja auch hier freilich stark aus der Sphäre Schnitzlers in die grobkörniger
628 2639 3325 2702 immer in einer moralischen Auseinandersetzung gipfelt. Nur daß Lustspielfabrikanten zu geraten. Kehrt mit dem vierten Akt in
625 2673 3331 2774 bei dem modernen und unendlich verfeinerten Schnitzler die Schnitzlers Heimat zurück und formt dann ein Musterbeispiel
629 2748 2904 2835 advokatorische Diskussion ganz vermieden und alle Erkenntnis echt stillster und dabei dramatischster Entladung.
2663 2757 3272 2888 Leipziger Neueste Nachrichten.
629 2806 1994 2872 dichterisch auf das Gefühl gestellt ist. So hat er, in weiter Distanz
629 2875 1997 2949 und mit seinen andersgearteten Kräften, einen ähnlichen Weg
2046 2854 3328 2974 Der Beifall des äußerst zahlreichen Publikums steigerte sich
626 2941 3320 3034 zurückgelegt, wie der große Henrik Ibsen. Und in der Tat ist ja mit jedem Aktschlusse und wuchs nach dem fünften Akte zu solcher
636 3001 3329 3092 bei Schnitzler die Verwandtschaft mit diesem mächtigen Gevatter Stärke an, daß Regisseur Basil für den abwesenden Dichter zu
636 3049 2420 3153 der ganzen deutschen Moderne noch am stärksten und am ehrenvollsten danken genötigt war.
2665 3065 3277 3165 Bayrischer Kurier, München.
638 3104 882 3185 zu spüren.
1585 3101 1950 3194 Bohemia, Prag.
2178 3147 3313 3256 Aber allzuviel will das nicht besagen gegenüber dem
732 3160 1980 3260 Das Publikum nahm das neue Werk des Wiener Dichters
1972 3249 3314 3320 Reichtum dieses Stückes an Feinheiten und Schönheiten des sehr
634 3250 1966 3331 mit großem Interesse und Respekt entgegen und gab so reichlich
1977 3302 3325 3369 flüssigen und natürlichen Dialogs, an tiefen Gedanken und scharfen
633 3309 1964 3407 Applaus, daß Oberregisseur Dr. Eger für den Dichter danken konnte.
1965 3366 3320 3440 Analysen. Man hat zwar von einem sehr geistvollen Dichter
1559 3372 1941 3456 Prager Tagblatt.
1970 3426 3318 3502 wie Schnitzler nichts anderes erwartet. Aber hier ist doch noch
720 3449 1974 3536 Arthur Schnitzlers fünfaktige Tragikomödie „Das weite Land“,
1967 3485 3322 3558 mehr, als man mit einiger Sicherheit erhoffen durfte. Hier ist
619 3512 1974 3593 ein Drama mit komplizierter Erotik und komplizierten Charakteren,
1973 3538 3324 3630 Überfluß, Reife und jenes gewisse Etwas, das nicht einen Moment
623 3566 1968 3648 erwies sich bei der heutigen ersten Aufführung unter Dr. Carl Hage¬
1968 3593 3323 3677 das Interesse an den Hauptvorgängen erlahmen äßt. Wie man
635 3632 1973 3726 mann's Regie als ein sehr wirksames Theaterstück mit literarischen
1965 3662 3320 3732 einen spannenden Roman in einem Zuge zu Ende liest, so fesselt
632 3686 901 3776 Qualitäten.
1565 3694 1946 3785 Hamburger Echo.
1956 3731 3318 3797 das Gegenständliche dieses Stückes, das heißt das Schicksal dieser
1967 3780 3309 3854 Menschen, bis zum letzten Satz. Allerdings vielleicht weniger um ihrer
732 3755 1967 3849 Er ist ein Meister des feingeschlifsenen und pointierten Stils.
1978 3833 3307 3912 selbstwillen, als weil eben Schnitzlers Künstlerfinger sie geformt haben.
617 3839 1982 3930 Mit einer Leichtigkeit, die sich nur noch bei den geschicktesten Franzosen
1978 3898 3312 3975 So kam am Samstag und ebenso gestern bei der ersten Wieder¬
625 3909 1987 3981 vorfindet, gleitet der Wiener über die schlüpfrigsten und gewagtesten
1974 3952 3302 4024 holung ein unbestrittener, starker Erfolg nach allen Akten zustande.
622 3963 1980 4039 Situationen und Gespräche hinweg, ohne zu verhüllen und ohne
634 4012 1989 4088 zu Zweidentigkeiten seine Zuflucht zu nehmen. Man tut ihm
2834 4023 3279 4118 Münchener Zeitung.
