3392 4608
77 126 425 184 wegentwickelt zur
77 173 421 241 lerlei Demonstra¬
87 224 154 273 n.
89 228 433 321 rmags der Sinn
78 305 429 364 en, daß ihr Herz¬
91 343 433 403 und sich doch für
88 389 435 449 ssen konnte. Er
100 429 438 497 um einer Frau
79 457 442 543 deutete, oder nicht
90 512 442 575 ng. Im „Zwi¬
86 562 436 620 nitzlers jüngstem
90 603 437 661 rwandtschaft hat,
93 643 446 708 lustspielhaft ge¬
80 686 438 753 nerhin zur tragi¬
77 737 443 792 Amadeus Adams,
93 783 438 836 Nosheim in Ban¬
91 814 433 885 t ist, und seiner
88 862 439 927 unger Prinz den
93 908 439 970 der vielbegehrten
109 945 448 1009 zu entbrennen.
90 996 443 1056 ber bereits den
99 1024 436 1096 madeus packt die
93 1077 438 1143 hetischen Gefühle
99 1117 439 1185 s liebenswürdig¬
94 1164 435 1227 fiftig dabei, allen
110 1204 441 1269 des Lebens den
98 1252 436 1321 entgegenzuhalten.
185 1298 442 1360 sagt der
99 1333 435 1405 eine Figur, die
92 1385 438 1455 es Werk herüber¬
106 1423 444 1493 oxe Worte über
111 1473 448 1538 er zieht immer
104 1516 433 1579 ngen die er mit¬
113 1553 433 1620 unter ähnlichen
107 1590 440 1666 chte und spielt
106 1642 439 1707 irklichen Lebens
105 1683 431 1762 binationen aus.
121 1776 433 1855 , den Schnitzler
103 1833 434 1896 reten läßt, dieses
101 1880 431 1961 zdummen Dinge
111 1918 435 1991 der natürlichen
112 1971 435 2026 hätte Schnitzler,
118 2011 428 2078 ößerer Knappheit
137 2056 431 2122 einer ungleich
126 2101 435 2167 Er hätte ver¬
108 2144 435 2208 gauch noch an¬
108 2190 435 2248 reden, und er
113 2228 432 2291 des Doktor von
111 2278 434 2336 ldirektor in den
121 2322 440 2385 l des Stückes zu
117 2365 442 2428 ktor von Aigner,
110 2403 437 2473 em Herrn, erster
117 2453 435 2517 n Hohen Aigner,
117 2498 442 2563 Wiener Schau¬
117 2543 439 2602 und Vater ihres
117 2577 442 2643 Dtto von Aigner,
116 2635 439 2689 rsten Helden des
119 2671 447 2737 ten seines Ver¬
141 2717 446 2778 Frau aus, die
141 2754 439 2836 sie liebte und
118 2837 434 2912 Raum in uns
116 2886 435 2962 keue und Treu¬
128 2935 435 2996 die eine und
115 2977 441 3042 ren oder nach
130 3013 440 3082 wohl Ordnung
135 3070 441 3132 geht, aber diese
129 3117 451 3182 Künstliches
128 3158 447 3227 os. Ja — mein
160 3191 454 3277 ... ist ein
125 3263 447 3346 das sagt, das ist
135 3328 451 3389 drich Hofreiter;
167 3373 449 3436 Glühstrumpf¬
135 3415 444 3494 er vorher unter
2278 1703 3114 1782 Aber wie dem. Auch. Il. . Abk in diesemn
1352 1742 3123 1832 geringste lage ... wenn es Haß wäre ...wirren, plaudrigen, willkürlich gedrehten Werk
444 1747 1325 1830 der Maske des Amadeus Adamis im „Zwischen¬
1354 1803 1940 1881 Wut ... Eifersucht... Liebe
2230 1811 3108 1862 einen Dialog und einige Szenen, die ein
452 1807 1335 1884 spiel“ als Musiker herumgelaufen ist. Nun hat
1392 1839 2220 1904 „Na ja —“, antwortet Anatol=Amadeus¬
2222 1851 3109 1937 Dutzend korrekterer, energischer geführten
446 1865 1333 1923 er guten Grund, erfahrene Leute nach ihren
1353 1897 2222 1963 Friedrich: „Na ja, von all dem verspür ich aller¬
2234 1893 3130 1956 „Stücke“ aufwiegen. Der erste Akt in seiner
443 1893 1330 1967 komplizierten Eheerlebnissen zu fragen. Seiner
1345 1934 2230 2014 dings verdammt wenig. Aber man will doch
2226 1948 3128 2010 träumerischen Weichheit, einige heitere Details
446 1938 1340 2014 Frau wegen hat sich ein junger Russe erschießen
1348 1983 1814 2059 nicht der Dumme sein“.
2222 1983 3128 2057 des dritten Aktes, die verhaltene Stimmung der
451 1986 1329 2046 müssen, seiner Frau wegen, die er betrügt, und
2223 2037 3125 2089 ersten Hälfte des vierten — das sind Werte, die
448 2033 1339 2092 der er scheinbar alle Freiheit läßt, um doch eifer¬
1397 2041 2216 2116 Mit dem Schuß fällt auch der Zauber von
2233 2083 3129 2132 heute selten wer zu bieten hat. Herr Monnard
449 2079 1338 2141 süchtig krumme Wege zu bespitzeln. Nun ist er
1348 2113 2219 2170 seinem Liebesspiel. Wie zu Beginn des Stückes,
2227 2117 3125 2180 hat eigentlich nur seinen Amadeus aus dem
453 2115 1342 2186 in starker Glut des Vierzigers der sich in der
1342 2151 2220 2203 im wundervoll weichen, von resignierter Moll¬
2229 2159 3119 2227 Zwischenspiel fortzusetzen; mehr als dort
450 2173 1337 2230 wahren Reife für die Genüsse der Liebe fühlt,
1346 2191 2224 2254 stimmung durchwehten ersten Akt, da man vom
2240 2202 3120 2263 wünscht man ihm aber — aus eigenem egoi¬
451 2215 1338 2279 zur reizenden Erna Wahl entbrannt, einem
1341 2240 2230 2305 Begräbnis des jungen Russen spricht, der sich
2231 2247 3131 2320 stischem Interesse natürlich — daß er weniger
457 2254 1331 2316 Mädchen von jenem entschlossenen, des Jung¬
1344 2284 2221 2348 selber tötete, verflüchtigen sich die ernstgenom¬
2236 2294 3123 2353 massiv sein und dann die Kompliziertheit seines
450 2301 1337 2366 frauentums müden Schlag, dessen Vertrete¬
1354 2328 2221 2387 menen Dinge des Lebens, deren Nichtigkeit
2229 2344 3119 2414 Empfindens auch durchscheinen lassen möchte.
2129 2351 2172 2389 31
458 2342 1331 2403 rinnen, wenn der bestürmende Liebhaber sagt:
1347 2372 2229 2429 immer nur durch den Tod ad absurdum geführt
2232 2387 3117 2453 Frau Triesch ist durchaus adlig und vor¬
463 2395 1336 2451 „Wenn heute nicht deine Tür versperrt sein
1344 2419 2217 2480 wird. Dies Mädel, das sich geliebt
2235 2422 3129 2488 nehm=weich; so wie sie die Gestalt der betrogenen
449 2431 1333 2494 sollte, so schlage ich sie ein, und es ist um uns
1355 2452 2228 2513 glaubte und dessen Liebster einer andern
2233 2473 3127 2533 Frau, die gelassen bleibt und dem Ansturm der
442 2471 1333 2549 beide geschehn,“ kurzweg antworten: „Es wird
1355 2509 2218 2559 Frau wegen (es ist zufällig seine eigene)
2238 2531 3125 2585 Jugend dennoch nicht widerstehen kann, um¬
450 2524 1028 2596 nicht um uns geschehn sein.“
1355 2555 2222 2599 einen Duellmord begeht, das neben sich kein Weib
2249 2561 3125 2626 zeichnet, wird man ihr alles verzeihen, weil man
1348 2587 2228 2653 mächtig glaubte über des Liebsten Herz, bleibt
2231 2607 3121 2675 ihr im Grunde den Fehltritt gar nicht glaubt.
484 2606 1331 2683 Die Liebelei ist im Gange; neues Zwischen¬
1347 2628 2216 2687 mit entsetzten Augen, furchtzerrieben stehen, —
2246 2648 3133 2707 Ein leicht sinnlicher Zug, ein wenig Brand im
452 2664 1336 2721 spiel; Anatol=Amadeus=Friedrich kommt dann
1348 2673 2224 2730 eine Cousine jener „Liebelei"=Christine, deren
2233 2694 3129 2759 Blut scheint da wohl ronnöten. Herr Reicher
447 2701 1342 2765 von der neuen Amour übersättigt nach Hause,
1346 2716 2231 2783 Ecliebter sich wegen einer andern totschießen
2246 2723 3133 2818 gibt den Herrn v. Aigner in der Maske Schnitz¬
457 2751 1337 2811 und das erste, was er zu sehen bekommt, ist
1344 2761 1477 2830 ließ.
2236 2794 2352 2862 lers.
455 2806 1335 2861 ein junger Schiffsfähnrich, der zur Nachtzeit
1413 2777 2243 2859 So tauchen die alten Lieblingsmotive
2295 2806 3132 2886 Im „Zwischenspiel“ war er der Albertus
453 2846 1335 2901 aus dem Schlafzimmer seiner Frau steigt. Das
1350 2835 2230 2909 Schnitzlers und auch seine alten Figuren, nur
2241 2876 3126 2931 Rohn, den zetzt Carl Forest in der Maske des
1351 2889 2233 2944 in neuen Verbindungen, allesamt wieder auf.
453 2888 1346 2945 ist ziemlich viel auf einmal. Aber er findet
2242 2925 3138 2976 Wiener Caféhaus=Bohèmes Peter Altenberg gibt.
1354 2940 2225 2996 Er scheint saturiert, oder sein — Land ist nicht
450 2935 1333 2997 trotzdem die Ruhe, die ganze Nacht prächtig
2242 2964 3129 3018 Fräulein Herterich ist das junge Mädel mit
1348 2974 2228 3028 weit. Diesmal ist er nicht mehr ganz Herr
451 2981 1334 3045 durchzuschlafen, um am nächsten Tag die Sache
2249 3010 3129 3062 der schnell zupackenden Liebe; um zwei Grade
1353 3013 2231 3072 seines Stils, er beginnt als echter Schnitzler
455 3016 1336 3083 mit einem Freunde zu besprechen. Er beleidigt
2244 3040 3138 3105 zuviel Vernunft, um zwei zu wenig Vollblütig¬
1353 3065 2231 3115 und endet als — Knalleffektler. Diese beiden
465 3070 1341 3124 den Offizier, es kommt zum Duell, er tötet den
2242 3089 3140 3141 keit und Sinnenfreude. Aber in der Linie sonst
1348 3109 2228 3163 letzten Akte haben ein Theatergepräge, das nicht
456 3109 1336 3171 Liebhaber seiner Frau. Tötet einer Mutter, die
2244 3139 3135 3189 allerliebst. Herr Stieler hat Figur, Haltung
1352 3151 2234 3204 Art von seiner Art ist. Glänzend allerdings in
452 3155 1348 3216 eine Freundin seiner Frau ist, den Sohn, wirbelt
2253 3176 3134 3229 und Ton für junge Schwärmeriche von der Art
1353 3186 2242 3249 ihrer Struktur, in der Konfrontierung der bei¬
458 3203 1345 3262 einen Skandal auf, und wird dann das Weite
2245 3218 3141 3277 des Schiffsfähnrichs, aber Fräulein Sussin,
1353 3244 2233 3290 den Frauen, die um zweier Männer Leben zit¬
476 3249 1336 3301 suchen. „Warum?“ ruft seine Frau, die schon
2242 3263 3134 3320 die immerzu ins „ältere“ Fach gedrängt wird,
1358 3273 2231 3337 tern. Schnitzler hätte besser wohl aus seinem
461 3285 1342 3344 lange keinen Gatten und nun auch keinen Lieb¬
2249 3312 3138 3359 hat so gut wie nichts für die vornehm=gemessene
1356 3329 2232 3377 Thema einen Roman gewoben, als diese fünf
460 3330 1342 3384 haber mehr hat, dem sie übrigens nie restlos
2259 3347 3133 3406 Urt der weltschmerzlerischen Anna Meinholds
1360 3367 2249 3421 verschachtelten Akte eines allzubreiten Stückes,
467 3377 1179 3432 gehörte und den sie weit wegwünschte.
2268 3384 3140 3445 ilka Grüning wieder ganz die feine Wiener#
608 3405 2138 3478 „Warum? Wenn dir an mir noch das i dem die tragische Stirnfurche nicht gut
2252 3431 3140 3498 Dame, die die lässig=elegante Haltung jener
2239 3475 3139 3529 Aristokratinnenkreise angenommen hat, für die
2232 3516 2905 3595 Pauline Metternich den Typ schuf.
2676 3564 3131 3644 Norbert Falk.
