3392 4224
723 -12 857 41 WO
1035 -12 1223 47 Lanc
1432 -5 1876 71 00x 2976
321 -10 1274 73 Ee eaMNumSmm
1282 163 1346 235 *
1096 174 1263 268 VER
1141 246 1402 333 1 Nr. 11
751 338 1341 507 1#5 Kiener Joutzel,
857 508 1063 607 S St
338 627 1539 752 Der „Schnitzler=Portier“ Rostler klagt
556 718 1321 815 vor dem Gewerbegricht.
671 783 1202 865 Streit um die Abfertigung.
1860 764 2745 877 CAIINOS IN ÖSTERREICH
564 837 1303 910 Originalbericht des „Neuen Wiener Journals“.
1964 844 2634 914 Baden /Salzburg Semmering
423 861 1556 966 Beim Gewerbegericht (Landesgerichtsrat Dr. Dienstl) ist
1852 889 2737 962 Roulette — Baccara — Chemin de fer
315 898 1563 1005 derzeit ein interessanter Prozeß anhängig, den der ehemalige Portier
1857 954 2732 1030 Osterreichische Casino A. G.
312 958 1562 1043 des Südbahnhotels auf dem Semmering gegen die Eigentümerin des
314 988 1556 1098 Hotels, die Donau=Save=Adriagesellschaft angestrengt hat. Der Kläger
1850 996 2734 1067 Wien III, Schwarzenbergplatz 5a
308 1021 1548 1094 Karl Rostler ist schon deshalb nicht ein Portier wie alle anderen,
310 1068 1550 1140 weil seine bei allen Besuchern beliebte Persönlichkeit von Artur
316 1106 1546 1198 Schnitzler in dessen Schauspiel „Das weite Land“ literarisch
1852 1116 2352 1203 „OBSERVER“
313 1147 1556 1235 verwertet wurde. Der verstorbene Dichter wollte damit seinem
2080 1176 2727 1262 I. österr. behördlich konzessioniertes
306 1185 1545 1285 Lieblingsportier ein bleibendes Denkmal setzen und beauftragte den
2088 1229 2713 1283 Unternehmen für Zeitungs-Ausschnitte
306 1225 1543 1314 ersten Darsteller dieser Rolle Hofrat Thimig, in der Maske Rostlers
305 1261 515 1330 zu spielen.
2084 1263 2719 1327 Wien I, Wollzeile 11, Telephon R-23-0-43
408 1308 1537 1375 Dieser literarisch verewigte Portier wurde nun nach lang¬
301 1330 1531 1408 jähriger Dienstzeit gekündigt. Rostler verlangte nun beim Gewerbe¬
304 1393 1534 1483 gericht 12.250 Schilling als Kündigungsgeld und Abfertigung nach
308 1416 703 1479 dem Angestelltengesetz.
1847 1425 2138 1501 Ausschnitt au
405 1467 1531 1541 Dr. Moritz Ludwig Weiß wendet für die Beklagte ein, Rostler
2118 1453 2221 1552 4
288 1495 1527 1583 habe vor allem in den letzten Jahren nur mehr gewöhnliche Portiers¬
2209 1479 2479 1608 Sgas Hen
296 1532 1528 1623 dienste geleistet und sei, nachdem er sich in Wien als Cafetier selb¬
297 1573 1528 1664 ständig gemacht hatte, nicht mehr so leistungsfähig wie früher gewesen.
291 1620 1528 1726 Auch sei es zuerst sein eigener Wunsch gewesen, von seinem Posten zu
2150 1599 2454 1722 —5 AUG
288 1651 456 1721 scheiden.
1848 1660 1979 1725 vom:
2475 1649 2629 1746 335
391 1705 1525 1783 Nach Einvernahme einer Reihe von Hotelbediensteten wurde die
279 1717 1377 1829 Verhandlung zur umfangreichen Beweisführung vertagt.
2802 1944 3182 2009 Rafael Hualla;
1754 2000 2898 2165 Schamitzler-Held im Hot
1628 2228 2341 2300 Arthur Schnitzler: Das weite
1602 2270 2331 2336 Land.-Dritter Akt. Halle des Hotels
1617 2319 2331 2370 Völser Weiher. Hinter dem Tisch am
2393 2251 2681 2411 rellce
1696 2363 2328 2424 ang der Portier Rosenstock,
2405 2379 2555 2445 A
1705 2398 2329 2469 ckiger, ziemlich junger Mensch,
1717 2438 1776 2482 r,
1814 2437 2326 2490 schwarzer Schnurrbart,
1716 2477 2320 2534 rzes Haar, schlaue, gutmütige
1692 2519 2325 2585 en, zuvorkommend und über¬
2397 2532 2462 2589 8
1663 2551 1738 2594 en.
1632 2578 2327 2642 Rosenstock (liebenswürdig, aber
1590 2622 2319 2701 nicht ohne eine gewisse Überlegen¬
2444 2648 2487 2689 80
1591 2663 2182 2731 heit): Bitte, Herr Doktor
2444 2672 2609 2751 a
1513 2709 1827 2784 Vierter Akt.
2409 2739 2533 2781 d
2403 2764 2542 2808 S
1515 2785 2308 2849 Portier Rosenstock (ein rotbackiger ält¬
2641 2776 2733 2862 3
1479 2824 2311 2880 licher Herr mit rosigen Wangen, aber reich¬
1482 2865 2314 2927 lich angegrautem Haar, kleiner grauer
1482 2912 2316 2975 Schnurrbart, schlaue, gutmütige, etwas
1480 2951 2312 3021 resignierte Augen, liebenswürdig, aber
2621 2862 2748 3044 450
1474 3002 2317 3067 nicht ohne eine gewisse Verlegenheit):
1478 3037 1915 3099 „Bitte, Herr Doktor!“
1509 3080 2322 3149 Portier Rosenstock aus dem „Weiten
1478 3120 2312 3191 Land“ von Schnitzler ist der langjährige
1477 3177 2312 3238 Portier des Semmeringer Südbahnhotels
1481 3218 2306 3275 Rostler. Er ist jetzt nicht mehr Hotelportier,
2742 3234 2808 3290 —
3004 3227 3112 3289 GE
1471 3257 2317 3319 sondern Mitbesitzer des Theatercafés in der
2322 3290 3169 3357 Riva Schiavoni beim Friseur, muß warten,
1480 3306 2299 3367 Favoritenstraße. Aber vermutlich nicht
2334 3345 3167 3397 nehm' eine Wiener Zeitung in die Hand und
1470 3353 2305 3407 mehr lange. Denn Veruntreuungen eines
2329 3378 3173 3438 seh' ein Bild von einer Szene in einem neuen
1468 3389 2297 3455 früheren Kompagnons, ein Raumungs¬
2324 3416 3167 3485 Theaterstück. „Donnerwetter, das sieht unserer
1460 3431 2238 3491 prozeß seines Hausherrn haben ihn
2322 3463 3163 3500 Hall ähnlich: denk ich, da komm ich schon
1469 3474 2303 3543 weit gebracht, daß er zu Tode froh sein
2312 3495 3169 3550 dran, leg' die Zeitung weg und hab's ver¬
1465 3526 2292 3590 wird wenn er ohne überschuldet zu sein,
2326 3532 3159 3594 gessen. Wie ich auf den Semmering zurück¬
1456 3562 2304 3626 das Geschäft abgeben und etwas Neues
2323 3576 3165 3635 komme, sagen mir alle Leute: „Rostler, im
1471 3605 1791 3678 anfangen kann.
2323 3606 3159 3667 Burgtheater geben s' ein neues Stück, da
2319 3645 3165 3706 spielt dich der Hugo Thimig, wie du leibst
2323 3696 3161 3747 und lebst, sogar die Kappen hat er nie auf,
1462 3699 2295 3765 „Im Burgtheater geben s’ ein Stück
2322 3725 3146 3802 sondern legt s’ nur so aufs Pult, wie du es
2324 3763 2472 3813 machst!“
1688 3751 2072 3822 vom Schnitzler“.
2354 3795 3157 3866 „Und haben Sie sich dann im Theater ge¬
1494 3805 2275 3880 Er sagt wieder „Bitte, Herr Doktor“, genau
2317 3833 2467 3895 sehen?“
1460 3854 2288 3925 wie im Stück. „Ja, damals, 1911, war ich auf
2346 3879 3160 3954 „Damals hab' ich keine Zeit gehabt, erst
1452 3893 2291 3975 der Hochzeitsreise. In Venedig sitz ich an der
2310 3927 3148 3987 viel später im Deutschen volkstheater hab
2304 3960 3152 4023 ich 's g'seh'n, ich glaub' mit Herrn Arndt,
2304 4013 3149 4055 aber der Herr Hofrat Thimig war vorher bei
