3296 4224
699 112 789 170 WE
1003 111 1091 178 La
278 88 1241 217 24. Das nd
161 743 346 817 rtmüller,
162 839 912 930 Standpunkt ist der, dass der Psycho¬
158 906 901 974 n den Gestalten der Dich¬
163 955 917 1027 s er ihre vom Dichter uns einzeln
165 1004 894 1072 Gedanken auf Grund seiner psycho¬
146 1049 903 1114 leitlichen Gesamtbilde zu vereinen
146 1113 898 1163 urückzuführen sucht. Als Methode
146 1154 908 1209 hren freilich von sehr beschränktem
154 1201 900 1263 n der Dichtung Phantasiegestalten,
150 1240 887 1307 yse gezogen, die diese Phantasie¬
183 1300 882 1364 ein noch luftigeres Gebäude er¬
144 1342 890 1410 könnte, wäre nur, für auf anderem
151 1387 888 1456 gemein zugängliches Anschauungs¬
164 1439 905 1506 Ihre volle Bedeutung aber kann
139 1474 891 1558 kommen, wo man nicht die Dichtung
147 1544 886 1605 en will, sondern wo umgekehrt die
143 1580 886 1650 er Dichtung stellt. Mit ihrer Hilfe
141 1622 894 1703 ügen, die der Dichter intuitiv als
142 1681 893 1758 lingt gefühlt hat und die ihm in
146 1729 872 1795 estalt zu erschöpfen schienen, aus¬
131 1775 883 1849 hre psychologische Tragweite prüfen
135 1822 877 1895 keit, die der Dichter intuitiv vor
130 1867 884 1943 ichnen können. So kann psycho¬
136 1921 875 1990 ein vertieften ästhetischen Verständ¬
138 1972 876 2043 wei Einwände bin ich hier gefasst.
132 2018 869 2094 ständnis des Kunstwerkes gewisser¬
129 2065 875 2127 ufgabe aufgefasst werde, statt als
129 2117 874 2189 und Nacherlebens. Nichts liegt mir
176 2167 879 2236 das Kunst-Verstehen ersetzen
205 2212 264 2265 rie
264 2210 867 2286 ben an intellektuelle Voraus¬
262 2263 876 2341 chtbaren Literaturbetrachtung
381 2320 877 2384 issetzungen zu schaffen
679 2427 863 2489 hter vor
352 2473 453 2533 einer
522 2475 580 2537 nk
478 2486 516 2521 1
659 2483 858 2543 erischen,
285 2520 369 2576 ich
402 2523 500 2580 ntge
519 2524 862 2591 nzuhalten, dass
313 2577 355 2621 0
622 2576 857 2637 ohl gerade
368 2617 461 2674 cho
682 2624 855 2685 III. Der
268 2662 388 2725 Lehrb
713 2675 854 2742 Ologie
393 2715 556 2775 ’sycholo
648 2724 852 2783 licht viel
251 2761 483 2827 d Bewunde
634 2772 858 2836 erden wir
307 2812 858 2883 gesehen haben. Und bei
218 2853 385 2915 d unser
601 2869 857 2941 gerade dort
217 2906 559 2986 issen hinausführ
138 2963 836 3055 kte der psychologischen Literatur¬
142 3013 845 3101 habe, soll natürlich nicht sagen,
118 3068 852 3147 öllig getrennt werden können oder
112 3126 857 3194 on beiden Betrachtungsweisen wird
134 3174 843 3252 ird sich der andern als Hilfe be¬
1394 116 1841 228 box 29/6
1636 786 2486 864 Schnitzler’s Tragikomödie „Das weite Land“.
2734 797 2822 863 31
1405 884 2814 951 Für heute aber möchte ich mich trotzdem bei meiner Untersuchung
1288 937 2822 977 von Schnitzler’s Tragikomödie „Das weite Land“ auf die zweite Methode
1287 986 2837 1065 beschränken, also vom Dichter ganz absehen und mich nur den Gestalten
1287 1038 2279 1100 der Dichtung, speziell dem Helden, zuwenden.
1404 1108 2814 1182 Es handelt sich mir dabei zunächst darum, den Versuch zu wagen,
1284 1162 2818 1206 ob die psychoanalytische Literaturbetrachtung wirklich imstande sei, das
1280 1209 2820 1254 Verstehen eines Kunstwerkes zu fördern. Schnitzler’s Drama scheint mir
1271 1255 2815 1324 zu einem solchen Versuch geradezu herauszufordern, weil die literarische
1270 1305 2810 1364 Kritik, wenigstens soweit ich sie verfolgen konnte, diesem Werke gegen¬
1272 1357 2817 1400 über eine merkwürdige Unentschiedenheit, ja Hilflosigkeit bekundet hat.
1276 1400 2810 1469 Ich rede da nicht von der Wertung des Dramas, sondern von seiner
1267 1438 2811 1518 Auffassung. Man fand, dass der Dichter uns vor Rätsei stelle und
1280 1505 2810 1557 uns auch mit Rätseln entlasse, man wollte bald in der, bald in jener
1270 1550 2802 1601 Ausserung des Helden den Schlüssel zu seinem Charakter finden, um als¬
1271 1594 2815 1639 bald durch einen gegensätzlichen Zug wieder desorientiert zu werden.
1277 1642 2821 1707 Meist tröstete man sich dann damit, dass der Dichter eben bewusst auf
1274 1698 2818 1770 blendende und verblüffende Paradoxie ausgegangen sei und enthob sich
1273 1740 2616 1815 so der Mühe, hinter dem Paradoxen Verständliches zu suchen.
1390 1807 2813 1864 Daneben aber scheint mir die psychoanalytische Betrachtung dieses
1267 1858 2801 1931 Dramas doch auch eines gewissen theoretischen Interesses nicht zu ent¬
1263 1902 2814 1980 behren. Einer der Angelpunkte unserer wissenschaftlichen Diskussionen
1263 1959 2807 2018 ist ja gegenwärtig das Problem, ob die Sexualität, die Libido es ist, die
1271 2017 2811 2082 das psychische Geschehen in seiner ganzen Tiefe und seinem ganzen
1271 2064 2800 2107 Wesen beherrscht und bestimmt, oder ob nicht die Ausserungen der
1272 2110 2810 2171 Sexualität selbst dahinterliegenden Kräften gehorchen. Schnitzler scheint
1266 2152 2812 2202 eigentlich auf seine Weise, als Dichter, zu diesem Problem längst Stellung
1268 2208 2802 2274 genommen zu haben. Wenn man sein bisheriges Schaffen überblickt,
1267 2254 2801 2321 könnte man es wagen, ihn den Dichter der Libido zu nennen. Um so merk¬
1272 2293 2812 2373 würdiger würde es sein, wenn wir bei einer seiner Gestalten, und zwar
1261 2357 2804 2432 bei einer von besonders betonter Sexualität, finden sollten, dass nicht
1270 2402 2802 2458 die Libido sie treibt, sondern dass etwas anderes in ihr ist, was sie zun
1262 2444 2804 2490 Libido treibt. Wir würden dadurch natürlich zur Lösung der wissenschaft¬
1260 2498 2794 2549 lichen Streitfrage nichts beitragen, aber wir hätten doch ein Streif¬
1269 2538 2809 2593 licht auf sie geworfen. Für den oberflächlichen Beobachter kann ein
1255 2596 2807 2639 Zweifel freilich nicht bestehen. Für ihn kann im „Weiten Land“ in allen
1265 2643 2803 2709 seinen Teilen, in den episodischen Vorgängen so gut wie in der Haupt¬
1265 2684 2803 2749 handlung nur eine treibende Kraft offenbar werden, die Libido, die mit
1264 2735 2804 2790 ihrer geheimnisvollen, verstandesmässig nicht begreifbaren Macht die
1264 2769 2798 2857 Mensehen zueinander treibt, und indem sie so nach ihren dunklen
1258 2836 2803 2878 Gesetzen Bande schafft, alle durch Vernunft, Gesellschaft und persön¬
1257 2873 2801 2945 liche Achtung geschaffenen Verbindungen erbarmungslos auseinanderreisst.
1263 2933 2803 2995 Die Liebe ist ja ausser dem Tennisspiel die einzige menschliche Aktivität,
1266 2982 2793 3050 die auf der Bühne erscheint, und der Held des Stückes spricht die Lehre
1257 3031 2799 3094 vom Primat der Sexualität gewissermassen programmatisch aus, wenn
1263 3081 2795 3138 er sagt: Wenn man Zeit hat und in der Laune ist, baut man Fabriken,
1257 3130 2797 3173 erobert Länder, schreibt Symphonien, wird Millionär. Aber glaub mir,
1250 3165 2740 3217 das ist doch alles nur Nebensache. Die Hauptsache seid ihr! — ihr —
1264 3213 1399 3275 ihr!
1392 3219 2825 3271 Alles Leben, das nicht die Frauen erfüllen, ist ihm nur die
1253 3256 2183 3342 Pause zwischen der einen und der anderen.
