3344 4352
216 117 395 205 24
1336 122 1770 210 box 28/4
401 130 1184 231 Das Geite-Land
288 631 1505 714 Punkte zu kurieren“, nicht nur das der Frauen, sondern auch das
281 687 1491 743 der Männer, die anscheinend zu nichts anderem auf der Welt sind
277 735 1492 798 als zu Liebesabenteuern: zu Liebe und Liebelei. Die Erotik ist der
287 772 1491 834 Pol, um den Schnitzlers Erdball kreist; allerdings eine seine,
281 809 1496 872 differenzierte, über sich selbst philosophierende, sich selbst bespiegelnde
284 846 1491 896 Erotik. Das macht die Begrenzung Schnitzlers aus Und eine
284 886 1484 951 andere Begrenzung des Dramatikers Schnitzler ist die, daß
281 923 1495 991 er kräftige bestimmte Charaktere, eine entschiedene Stellung¬
279 972 1497 1029 nahme, die das Drama verlangt und die man auch mit
284 1005 1498 1067 feinsten psychologischen Mitteln, auch mit Zwischenfarben zu
278 1051 1489 1107 geben vermag (man denke an Ibsen), nicht bieten kann,
272 1085 1489 1145 weil sie seiner weichen und melancholischen Natur widerstreben.
280 1131 1486 1170 „Im weiten Land“ werden Treue und Untreue, Sich=Ausleben
268 1162 1497 1199 und das Leiden um dessentwillen, daß man sich nach seiner
274 1199 1487 1252 ganzen physischen und feelischen Beschaffenheit nicht ausleben kann,
277 1243 1474 1301 tiefe Liebe und oberflächliche Liebe gezeigt in einem leicht be¬
278 1285 1485 1331 wegten Wellenspiel, bei dem die Wasserchen bald aufblitzen, bald
273 1310 1487 1375 in Dämmerung verschwinden, bald wieder aufblinken, bis ein
271 1349 1483 1419 Wind darüber fährt und das schillernde Spiel die düstere Sturm¬
278 1396 1477 1441 farbe erhält. Ein tödlicher Schuß im Duell macht der Spieler¬
272 1433 1489 1494 ein Ende, ein Duell, zu dem nicht aus Ernst, aus sittlicher Eur¬
279 1478 1488 1518 rüstung herausgefordert wird, sondern weil Herr Hofreiter, der
271 1508 1487 1569 betrogene Ehemann, nicht als „Hopf“, als Dummer dasteben
276 1557 1479 1615 will. Als aber Hofreiter, der selber seine Frau andauernd betrügt,
269 1595 1481 1642 sie aber doch wirklich liebt, dem jungen Fähnrich mit der
260 1636 1182 1692 Pistole gegenübersteht, fühlt der Alternde sich
1278 1635 1488 1696 wie Bau¬
262 1670 1377 1720 meister Solneß, nur übertragen aufs Liebesleben
275 1706 1485 1756 der siegenden Jugend gegenüber, die ihm sein Welb
269 1756 1487 1807 raubt. Da knallt er den jungen sympathischen Menschen nieder,
269 1788 1489 1846 nimmt aber zu gleicher Zeit Abschied von allen Liebesabenteuern
269 1827 1484 1859 und verliert zur selben Stunde auch sein Weib. Der Schluß ist er¬
265 1871 1499 1924 schütternd, obgleich die Tragik wenig begründet und sich unvermittelt
269 1907 1483 1963 emporreckt. Die novellistischen fünf Akte fesseln durch die welt¬
268 1948 1484 2000 männische, überlegene, halb ironische, halb melancholische Art, mit
269 1982 1476 2017 der sich Schnitzler auf seinem Spezialgebiet bewegt und die Aeuße¬
267 2018 1483 2078 rungen der Liebesempfindungen, der Treue und Untreue von allen
267 2064 1481 2116 Seiten her beleuchtet. Einige Kürzungen würden der Dichtung, die
257 2098 1480 2165 an dem gleichen Abend an mehr als zehn Bühnen die Uraufführung
262 2133 758 2189 erlebt hat, genützt haben.
345 2178 1482 2224 Auch würde es dem Werk genützt haben, wenn die Hauptsigur
255 2215 1479 2279 Hofreiter nicht von Herrn Monnard dargestellt worden wäre.
260 2261 1484 2290 Hofreiter soll ein erobernder, glänzender, egoistischer, doch durch
263 2289 1484 2340 seinen Charme versöhnender Ehe= und Herzensbrecher sein.
265 2326 1482 2388 Monnards Grundwesen aber ist — wofür er nichts kann — schwer
265 2377 1482 2431 und brutal. In manchen Szenen wirkte er durch seine maskenlose
252 2406 1471 2458 Offenheit fast peinlich. Anders Irene Triesch, die leidende
257 2449 1478 2520 Gattin Hofreiters, die dem Dichter mehr gab, als er ihr. Emanuel
253 2478 1476 2548 Reicher und Mathilde Sussin hatten zwei farblose Typen darzustellen,
255 2528 1475 2592 die nur Schnitzlers Theorien zu dozieren hatten. Reicher gab
260 2572 1478 2609 seinem Doktor immerhin einige Individualität, der Sussin
257 2610 1476 2661 gelang das nicht. Stieler als Fähnrich, Hans Marr als ernster
255 2648 1477 2708 Arzt, Froböse als Bankier Natter dienten dem Dichter nach besten
259 2677 618 2735 Kraften. Hilde He
659 2689 1479 2744 terich aber tat mehr. Sie war ein leben¬
263 2728 1504 2764 sprühendes und sinnliches Jungfräukein, das — die Hilde Wangel
255 2762 761 2811 des Baumeister Solneß —
801 2759 1479 2822 mit Hofreiter auf einen gefährlichen
252 2795 1477 2835 Felsenturm klettert und bei ihm das Königreich der Liebe finden
274 2840 1471 2904 will. Humoristische Typen sanden in der Darstellung von Bruno
251 2876 1477 2940 Ziener als Tennisspieler, Forest als Schriftsteller mit einer Peter
261 2916 1476 2979 Altenberg =Kopie, Ilka Grüning als schwatzhafte Solonputter
258 2965 1364 3019 fröhlichen Anklang. Der Erfolg der Tragikomödie bewegte
446 2996 1491 3063 Dichtung auf einer Zwischenstuse. Immerhin Kkophte
258 3031 1224 3097 Direktor Brahm für den abwesenden Tichter danken.
345 3082 1376 3139 Daß Direktor Otto Brahm zum künftigen Leiter
243 3114 1478 3189 Wiener Burgtheaters in Aussicht genommen ist, wußte ein
262 3160 1459 3206 Berliner Mittagsblatt am Montag aus „zuverlässigster Quelle“ zu
250 3187 1475 3257 melden. Wie der Vertreter des Dr. Brahm erklärt, ist an der
250 3245 1469 3297 Meidung kein wahres Wort. Sollte Brahm 1914 von der
250 3278 1464 3336 Leitung des Lessing=Theaters zurücktreten, so würde eine Direktions¬
250 3323 1464 3350 führung für ihn keineswegs in Frage kommen. Damit erledigen
252 3351 1472 3407 sich auch die Gerüchte, die Brahms zum künstigen Leiter des
242 3390 784 3451 Deutschen Theaters machen.
321 3439 1476 3502 Der Geueraldirektor der Königlichen Museen Wilhelm Bode
258 3473 1472 3544 ermächtigt uns zu der Erklärung, daß die von einem Berliner
255 3533 912 3580 W.AIIZIuL
1245 3522 1478 3587 „I
1860 1291 2282 1364 grotonelenu
1853 1414 2890 1477 men Quénisset im „kleinen Bären“ entdeckt wor¬
1863 1456 2880 1520 den. Er bewegt sich südwärts nach der „Krone“
1862 1503 2904 1586 zu und kann also bei uns die ganze Nacht gesehen?
1853 1557 2902 1644 werden. Er stellt einen Stern 7. Größe dar und
1865 1601 2892 1694 ist daher schon mit schwächeren optischen Hilfs¬
1853 1656 2416 1727 mitteln leicht aufzufinden.
1928 1708 2891 1770 Als 7. Komet des Jahres 1911 ist wieder ein
1848 1745 2887 1832 sehr heller mit freiem Auge sichtbarer Komet zu
1844 1813 2896 1875 nennen, den der russische Astronom Beljawsky
1851 1853 2887 1935 am 2. Oktober zu Simöis in der Krim auffand.
1857 1905 2879 1980 Er bewegt sich ziemlich rasch in der „Jungfrau“
1845 1964 2890 2032 gegen die „Wage“ zu; es werden also seine Sicht¬
1853 2007 2887 2095 barkeitsbedingungen in kurzer Zeit für uns un¬
1850 2050 2038 2128 günstig.
1919 2106 2892 2182 Wie diese kurzen Aufzählungen zeigen, sind die
1840 2138 2882 2234 Vorgänge am nächtlichen Himmelszelt jetzt von
1840 2205 2888 2288 ganz besonderem Interesse; aber neben den Ko¬
1852 2258 2883 2334 meten zeigt sich auch die Planetenwelt unter gün¬
1844 2302 2881 2387 stigen Verhältussse). In dieser Beziehung mag
1842 2343 2880 2423 nur auf die güthe Stellung der beiden Planeten
1843 2398 2878 2480 Mars und Satk hingewiesen werden, welche sich
1850 2451 2881 2538 im Strombilddes „Stigks) befinden, das bald
1835 2500 2895 2587 nach Sonnenngang Aufgehlweshu diese
1840 2559 2878 2644 Gestirne die Fanze ####ssidurch sichtbar bleiben.
2045 2621 2845 2750 Berliner Theater. Hart
2793 2708 2858 2771 —
1903 2722 2882 2808 * Ueber das im Lessing=Threker in
1810 2775 2882 2872 [Berlin aufgeführte neue Schnitzlersche Stück:
1842 2829 2873 2921 VDasweite Land“ fünf
1838 2887 2871 2974 sitten, sagt unser Berliner Theater=Mitarbeiter
1842 2947 2865 3012 u. a. folgendes: „Das Spiel soll wohl der guten
1837 2980 2869 3063 Wiener Gesellschaft einen Sittenspiegel vorhalten.
1830 3039 2862 3098 Das weite Land sind die Oeden und Tiefen der
1834 3089 2883 3172 Stele, die der Dichter in allen ihren Varianten
