3344 4608
1325 147 1767 236 box 28/4
204 171 1180 272 24. Das seite-Land
372 937 1554 1038 winnen und einem Mädel den Kopf zu verdrehen. An
386 988 1557 1080 dieser „tragikomischen“ Einstellung des Problems ist die
373 1030 1560 1121 volle Wirkung des Dramas gescheitert, und sie ward her¬
372 1058 1562 1152 vorgerufen durch die Grenzen in Schnitzlers Talent. Er
386 1097 1555 1203 wäre gar nicht imstande gewesen, eine einheitliche, un¬
379 1142 1564 1247 gebrochene, nur im Handeln sich auslebende Natur zu
383 1181 1569 1277 schildern; sein Gebiet ist das „weite Land“ der Seele, in
390 1223 1559 1319 dessen Dämmerungen und Abgründen sich seine Phantasie
389 1262 1564 1362 mit Lust verliert. Das eigentlich Erlebte in der Gestalt
394 1292 1568 1396 des Helden, seine Gier, die sich an Jugend und Genuß
384 1332 1569 1414 klammert, seine amoralische Kraft, tritt daher völlig zurück
390 1373 1569 1468 gegen die geschmäcklerische Freude, mit der der Dichter das
386 1408 1574 1501 hunte Gewirr der Nebensiguren psychologisch koloriert.
392 1447 1581 1551 Er hält mit der kühlen Interessiertheit des Beobachters
399 1511 1574 1587 diese Leutchen in der Hand, dreht und wendet sie nach allen
395 1527 1584 1612 Seiten und enthüllt ihr Menschlich=Allzumenschliches bei
401 1563 1586 1654 dieser Prozedur. In dem wundervoll geführten Dialog.
403 1607 1584 1703 der wieder die unter unseren deutschen Dichtern Schnitzler
395 1649 1591 1730 allein eigene Kunst der anmutig tiessinnigen Causerie zeigt,
404 1683 1576 1782 erklingen weisheitsvolle Aphorismen, lyrisch schöne Spieg¬
415 1721 1592 1819 lungen der Natur im „weiten Land“ der Seele, ergreifende
410 1759 1584 1864 Worte von Sehnsucht, Liebe und Tod. — Ein echter Schnitz¬
419 1796 1595 1892 ler ist dieses Stück trotz der Unsicherheit in Stil und
421 1838 1586 1936 Charakterzeichnung, um seiner äußerlichen Kälte und
420 1870 1593 1974 seiner innerlichen Wärme willen. — Die Berliner Auf¬
414 1919 1590 2006 führung war recht gut; die beste schauspielerische Leistung
412 1956 1603 2053 die Heinz Monnards, scheiterte an der Unzulänglichkeit
1206 1993 1603 2051 In Leipzig hat
421 2013 1090 2088 dieses Schnitzlerschen Helden. P.
426 2033 1607 2131 das Schnitzlersche Stück eine kühle Aufnahme gefunden.
535 2069 1600 2160 Aleine Mitteilungen. Berlin. Die Königl. Hofoper hat
427 2107 1600 2196 die Titelrolle im Rosenkavalier vierfach besetzt und
432 2139 1594 2234 zwar mit den Damen Böhm=van Endert, Artot, Ober und Sava¬
598 2193 1604 2256 Berlin. Der in Berlin=Schöneberg lebende Pianist
429 2227 553 2275 tini.
440 2199 1605 2290 Emil Olbrich hat eine Verbesserung der Klaviaiur er¬
436 2240 1600 2336 funden. Sie beschränkt sich auf die Erniedrigung der Obertasten,
434 2271 1606 2372 ohne an den sonstigen Abmessungen der alten Klaviatur irgendwie
428 2313 1599 2405 zu rütteln. Die Olbrich=Klaviatur gibt durch Veränderung in der
441 2328 1611 2436 Drehpunktslage und richtige Ausbalancierung den Obertasten den
438 2376 1612 2460 Fall und Druck der Untertasten, und da sich die Höhe der Obertasten
443 2417 1550 2518 nach ihrem Fall richtet, erniedrigt sie diese um 3 bis 4 mm.
785 2479 1273 2572 Bildende Kunst
524 2515 1631 2624 * Wilhelm Bode über das „Scherbengericht der Kunste
443 2569 1620 2676 historiker“ Es hat kein geringes Aufsehen erregt, als
1467 2614 1617 2665 Die
841 2624 1467 2690 berühmte Landschaft
449 2650 823 2715 Rembrandts
461 2654 1634 2746 Mühle, die jetzt nach Amerika verkauft worden ist, dem
452 2690 1625 2782 Meister abgesprochen und als ein Werk des Aert de Gelder
457 2721 1621 2822 oder des Herenles Seghers bezeichnet wurde. Die bei
454 2765 1626 2855 Bruno Cassirer in Berlin erscheinende Monatsschrift Kunst
461 2792 1630 2902 und Künstler hat eine Reihe der besten Rembrandt=Kenner
458 2851 1619 2945 um ihre Meinung über die Echtheil des Werkes befragt.
463 2891 1623 2982 Die Mehrzahl hält an Rembrandt als dem Maler der
454 2931 1622 3018 Mühle fest. Besonders bemerkenswert ist der Beitrag Wil¬
468 2966 1625 3059 helm Bodes, des Generaldirektors der preußischen Museen.
463 3008 1632 3088 Wenn man diesem hervorragenden Kunstkenner wiederholt
469 3049 1630 3138 Irrtümer in seinen Anläufen hat vorwersen wollen, so
469 3078 1630 3163 rächt er sich jetzt an den Kunsthistoritern, indem er seiner¬
471 3117 1643 3228 seits einmal nicht ohne Humor eine ganze Liste von Fällen
479 3159 1627 3261 zusammenstellt, in denen Kunsthistoriker in kritischem Über¬
476 3195 1632 3292 eiser große Meisterwerke für unecht erklärt haben. „Eines
476 3230 1652 3324 möchte ich (so ruft er aus) noch erleben: ein Scherben¬
477 3270 1659 3375 gericht der Kunsthistoriker. Dann melde ich mich
477 3319 1610 3408 zum Tirektor der verdammten Bilder und Bildwerke
484 3349 1658 3448 und ich wäre sicher, in wenig Jahren eine der schönsten
491 3396 1662 3481 Sammlungen beisammen zu haben. Ich nenne nur einige
481 3427 1661 3515 der durch die Scherben namhaftester Fachgelehrter als
476 3457 1656 3567 kunst= oder namenlos verworsenen Kunstwerke.“ An der
2135 187 2949 290 Rhein- u. Rehrzeihrg, Dutsbür,
2289 312 2618 417 M7 10. 110
2143 539 2975 600 „Das weite Land“ von Artur Schuitlen—
1977 568 3121 650 Uraufführung im Berliner Lessingtheater,
2726 628 3079 698 Berlin, 16. Okt.
2037 662 3112 737 Man wußte es, bevor der Vorhang vor dem erlesenen
1983 702 3114 784 Publikum in die Höhe ging, daß uns Artur Schnitzler
1976 763 3109 819 mit seiner neuen Tragitomödie „Das weite Land“ keine
1971 794 3110 846 Ueberraschung bringen werde. Die Entwickelung dieses
1969 845 3112 902 Dichters ist schon lange zu ihrer Erfüllung gekommen,
1972 876 3111 941 und wird keine neuen Höhen mehr ersteigen. Aber es
1970 912 3113 981 wurde auch keine Entläuschung, dieser heilere und doch
1973 961 3112 1003 nachdenkliche Weg in die weiten Gesilde der Seele, denn
1978 993 3104 1055 sie ist das große unbekannte Land, in dem heute noch die
1971 1039 3108 1094 einzigen Wunder geschehen. Es liegt im Wesen solcher
1974 1073 3112 1136 Dramen, daß sie kein besonderes Interesse an einer starken
1972 1117 3113 1178 Handlung haben. Allerlei Menschenschicksale werden ge¬
1971 1151 3115 1211 zeigt, die einen nur in einer besonderen Entwicklungs¬
1972 1200 3111 1257 periode, die anderen in einem größeren Lebensausschnitt.
1969 1236 3108 1297 Im Zenith des Geschehens steht die Gestalt des großen
1964 1275 3107 1318 Liebhabers, der mit verändertem Gesicht fast in jedem
1959 1314 3113 1370 Schnitzlerschen Stück zu finden in, die Anatolfigur. Dies¬
1967 1361 3115 1426 mal machte der Dichter den Versuch, die Persönlichkeit
1966 1393 3110 1457 dieses Helden tiefer zu erschauen. Der Industrielle Hof¬
1956 1430 3104 1480 reiter hat ein viel verschlungenes Seelenleben; er verrät
1958 1477 3116 1543 seine Frau, so oft sein Blut rebellisch wird, und nimmt
1957 1514 3118 1578 es ihr keineswegs übel, wenn sie sich auf dieselbe Weise
1958 1555 3100 1600 revanchiert. Er spürt keine Spur von Eifersucht. Und
1957 1600 3104 1647 doch will er nicht „der Dumme“ sein, fordert den Liebhaber
1954 1635 3107 1710 und erschießt ihn! Er kennt keinen Zwang des Gewissens
1954 1682 3096 1735 und trotzdem vermag er über den Toten, den er nicht
1950 1699 3096 1774 gehaßt und doch getötet, seiner Gellebten nicht zu folgen.
1953 1747 3094 1820 Sein Leben zerbricht ihm unter den Händen, da er glaubte,
1953 1792 2467 1855 es am festesten zu halten.
2033 1838 3087 1894 Es sind keine sonderlich tiefbohrenden Probleme und
1952 1868 3100 1919 Erkenntnisse, die Schnitzler da aufgegriffen hat, aber er hat
1958 1916 3093 1968 eine seltene Art, alte Dinge in moderner Form neu zu
1947 1935 3107 2003 sagen. Unter glatter Decke berettet sich die Katastrophe
1950 2002 3099 2052 vor, bis sie plötzlich hereinbricht, mit wenig theatralischen
1957 2031 3087 2085 Requisiten, ohne Pose — ein paar Worte, Achselzucken und
1959 2073 3096 2127 die tragische Komödie eines Lebens fand ihr Ende. Ein
1956 2113 3095 2173 Drama von wenig äußerem Glanz, aber von einer guten
1948 2155 2482 2197 und starken Innerlichkeit.
2022 2183 3086 2256 Das Lessingtheater brachte eine Darstellung
1939 2219 3095 2278 heraus, die restlos alle Möglichkeiten ausschöpfte. Selbst
1951 2275 3091 2338 die kleinsten Rollen waren von besten Kräften besetzt —
1947 2317 3093 2354 so hatte Emannel Reicher kaum hundert Worte zu
1944 2348 3097 2410 sprechen — und es ergab sich eine Aufführung von einer
1957 2394 3084 2439 aufs feinste abgestimmten Einheitlichkeit. Die größeren
1944 2433 2963 2495 Rollen wurden von Heinz Monnard, Irene Tr
3023 2442 3092 2496 c
1933 2477 2617 2538 und Hilde Herterich getragen.
2933 2477 3105 2539 B.D.
2130 2718 2866 2853 Köngeleiger N. Nachrfohter
2401 2868 2744 2971 1710 1919
2041 2971 3223 3043 Schnitzlers neuestes Stück. „Das Bexliner Lessingtheater
1919 3012 3215 3084 hette seinen exsten großen-Dag in diefer Saison, als es am Sonnabend
1927 3048 3212 3104 zu Schnitzlers neuer Tragikomödie „Das weite Land“ die
1940 3092 3229 3150 vielen Freunde des Dichters lud. Es sind die wohlbekannten Probleme,
1941 3119 3229 3188 die Schnitzler in den Liebeswirren seiner Menschen sucht; aber dies¬
1940 3173 3221 3223 mal schaute er mit nachdenklichem, tiefdringendem Blick seinem Helden
1954 3224 3214 3273 ins Gemüt und gab so einen Charakter dessen Seele nicht restlos auf¬
1938 3253 3222 3299 geht in der Addition seiner galanten Abenteuer. Und diese Seele ist
1940 3280 3222 3345 das weite Land „darin der Dichter forschend umherstreift. Er findet
1940 3328 3224 3408 keine Beute in einer bunten Fülle trefflicher Gestalten, individuell ge¬
1943 3348 3226 3429 sehener Typen und in allerlei klugen besinnlichen Worten über die
1948 3402 3218 3466 Kunst des Lebens. Seine weltmännische Art. mit den schwersten
1948 3432 3223 3485 Dingen leicht und elegant zu spielen, und sie doch im Spiel selbst ernst
1946 3474 3226 3539 zu nehmen, macht auch sein neues Stück, das wieder in anderer Tö¬
1951 3508 3234 3583 nung, freilich in resignierendem Schlußakkord ausklingt, zu einem
1943 3549 3228 3608 reizvollen Gesellschaftsdrama. Nach dem letzten Akt erhob sich ein
1942 3604 3235 3649 wohltemperierter Beifall, für den O. Brahm im Namen des Dichters,
1958 3639 3223 3687 der bei der gleichzeitigen Uraufführung in Wien weilt, danken konnte.
1960 3664 3220 3723 Die Aufführung war ausgezeichnet, es wirkten selbst in den kleinsten
1955 3704 3227 3769 Rollen die besten Kräfte des Lessingtheaters mit. Zu ihrem Ruhm
1971 3741 3232 3808 kann nichts besseres gesagt werden, als daß sämtliche Darsteller in
1958 3782 3244 3845 kleich trefflicher Weise dem Dichter dienten. Heinz Monnard,
1961 3828 3014 3900 Irene Triesch und Hilde Herterich seien genannt.
