3344 4256
722 192 762 248 □
284 167 1248 293 24. Das ite Land
1413 203 1857 286 box 29/3
2229 270 3210 378 Reichenberger deutsche Volkszeitung
2422 353 3007 444 Reichenbere. Bolanen
2328 462 2741 559 15 C. 1919
2188 574 3042 692 Reichenberger Stadttheater.
2890 658 3122 730 14. Juni.
2434 697 2883 755 „Das weite Land“
2109 734 3092 829 14% eine Tragikomödie in 5 Aufzügen von
2493 802 2905 879 A. Schnitzler.
2936 820 3000 868 —
2220 851 3162 932 Arnold Korif setzte gestern seine Gastspiel¬
2133 917 3168 970 reihe in Schnitzlers „Weitem Land“ fort. In
2133 958 3166 1015 der dem geistreichen Wiener satirischen Caujeur
2134 1000 3168 1056 eigenen leichtflüssigen Form wird ein Problem
2133 1053 3158 1106 behandelt, das — man könnte fast sagen leider —
2131 1089 3172 1150 im Mittelpunkte des Gesellschaftslebens unserer
2140 1132 3161 1179 Tage steht, das Problem des „Ehebruchs und sei¬
2131 1175 3168 1234 ner unangenehmen Folgen. Schnitzler versicht
2129 1227 3173 1279 eigentlich das Prinziv, daß dem Manne stets
2132 1264 3174 1310 erlaubt und verstattet ist, was die Frau nicht
2142 1309 3168 1360 ungestraft iun darf. Der Jabrikant Hofreiter,
2136 1355 3167 1417 von Korff meisterlick dargestellt, hat eine rei¬
2128 1390 3170 1459 zende Frau (Genia — Frl. Sorel), die einen
2136 1436 3125 1492 Liebhader abweist — aus purem Treigefühl —
2142 1483 3163 1530 und der wie aus einem Briefe dieses mysteriö¬
2145 1529 3162 1574 sen Koriakofi erhellt) sich eine Kugel vor den
2128 1569 3160 1635 Ballon schietzt. Da wirft der Ehemann der Frau
2139 1609 3167 1677 vor, sie trage Schuld am Tode des Mannes,
2140 1660 3181 1731 den sie trot allem liebte! Es bleibt — wieder
2131 1707 3177 1752 echt Schntzler — übrigens unklar, ob der Russe
2130 1747 3177 1794 nicht das Opfer eines amerikanischen Duells mit
2132 1796 3176 1842 Hofreiter geworden ist. Vor Jahren war übrigens
2137 1844 3162 1907 auch ein Freund des Hofreiter neben ihm in
2134 1882 3159 1926 den Tolomiten abgestürzt und tot geblieben. Ob
2131 1925 3166 1977 das ein reiner „Zufall“ war, bleibt Geheimnis
2139 1969 3175 2028 des Tichters. „Kurz, die Freunde Hofreiters haben
2132 2016 3167 2060 kein Glück. Während der Lebemann=Gatte ein
2139 2054 3174 2112 Verhältnis ums andere unterhält, bald die junge
2138 2106 3168 2149 Frau seines Bankiers poussiert, bald ein junges
2133 2149 3175 2206 Mädel verführt und seinem. Freunde Dr. Maner
2146 2192 3163 2244 (Herr Gebhardt) damit sein Lebensglück zer¬
2129 2237 3166 2295 stört, kommt es zwischen der Gattin Genia und
2141 2280 3168 2322 einem jungen Seefähnrich zu einem intimen
2139 2315 2481 2376 Verhältnis und
2484 2331 2558 2371 —
2555 2315 3158 2385 Hofreiter rächt seine Ehre
2142 2365 3162 2416 und schießt den jungen Mann über den Haufen,
2131 2417 3174 2464 um ggleich darauf lachend dessen Mutter die
2136 2456 3171 2499 Hand zu schütteln! Das „weite Land“ soll
2179 2489 3163 2551 wie es einmal heißt — die „Seele“ sein, man
2129 2531 3164 2603 könnte auch ebenso gut an das „Jenseits“ den¬
2136 2586 3162 2634 ken! Mastisch, verschleiert, verwickelt, verzwickt
2135 2626 3174 2687 ist das ganze „weite Land“, aber der leichte
2138 2668 3172 2735 Plauderton, der geistreiche Dialog, die raffinierte
2124 2711 3172 2799 Art, Spannung zu erzeugen und zu erhalten,
2135 2755 3156 2833 das gibt ihm Wert und Inhalt! — Die Auf¬
2133 2807 3163 2858 führung war eine mustergiltige. Besonders be¬
2142 2857 3163 2910 währten isch neben dem Gaste ganz außerordent¬
2140 2897 3168 2947 lich Frl. Sorel als Genia, Frl. Swobodas
2137 2940 3156 2998 als Erna, Frau Rucker als Frau Meinhold¬
2140 2983 3151 3030 Aigner, und Herr Gebhardt als Dr. Mauer.
2138 3025 3163 3078 In kleineren Rollen sind zu loben Herr Duffek,
2135 3076 3167 3145 Frl. Schwart (Dr. v. Aigner, Frau Wahl),
2133 3116 3163 3188 Herr Brandt (Bankier Natter), der übrigens
2140 3170 3159 3224 als Spielleiter vorzüglich gearbeitet hatte, Frl.;
2130 3207 3164 3272 Mohr als dessen Gattin, Herr Heim als Hu¬
2137 3252 3149 3301 sarenoberleutnant, Herr Fuchs, Herr Martien,
2130 3299 3156 3340 Herr Karner in ihren Episoden. Unzulänglich
2125 3340 3158 3397 war Herr Weyland als Marinefähnrich. Um
2133 3384 3153 3448 so etwas betrügt eine Rassefrau, die auf sich
2123 3427 3156 3477 hält, eine Frau wie diese Genia, ihren Mann
2124 3474 3155 3537 nicht! Eine Frage sei gestattet: „Ist es jetzt
2127 3518 3159 3580 unter Herrn von Millentowic am Hofburgtheater
2122 3559 3166 3616 üblich, daß ein um Sekunden verspäteter Auftritts
2123 3606 3141 3665 vom Partner beim Abgang des „Verspäteten“
2124 3650 3150 3694 mit der Bemerlung dem Publikum zum Bewußt¬
2135 3693 3159 3748 sein gebracht wird —: „das nächste Mal kommen's
2119 3739 3154 3790 früher!?“ Es hätte doch wohl das entrüstete
2123 3785 3155 3838 Hinwerfen des Stuhles genügt, und schließlich
2126 3826 3151 3880 hätte lein Mensch im ganzen Hause die „Kunst¬
2130 3869 3157 3917 pause“ gemerkt; am allerwenigsten bei einem
2120 3917 3151 3970 Herrn Korff. Das vollbesetzte Haus spendete über¬
2131 3960 3152 4001 reichen Beifall ergötzlich war oftmals das Ge¬
2113 3997 3165 4079 lächter an Stellen, die einem denkenden Menschen
2110 4049 3139 4106 das Lachen doch eigentlich vergehen lassen müssen.
2122 4087 3142 4135 Aber mit dem „Denken“ ist es halt so eine Sache:
2117 4130 3147 4197 „Manchem tut's weh und mancher lernt's nie!“
2697 4180 3102 4246 Max J. Siegel.
