3392 4384
313 246 604 342 24. Di
590 260 1257 347 41 2—
568 602 1282 728 Klose & Seidel
623 716 1248 787 Bureau für Zeitungsausschnitte
483 768 1273 872 ###h#nin 204#. Georgenkischplatz 21
529 920 774 994 Zeitung:
539 981 666 1055 Ort:
811 977 1148 1071 Bresiau
543 1054 776 1125 Datum:
742 1080 897 1208 772
419 1324 503 1408 2
723 1389 1122 1489 Stadttheater
502 1462 1343 1536 Freitag, 15. Juli: „Das weite Land“.
479 1526 1374 1596 Die Wege, die ins „Weite Land“ führen, ge
417 1555 1315 1632 hören nicht zu den Alltags=Spaziergängen
1314 1586 1415 1631 der
417 1612 1402 1667 Direktion Rotter. Sie liebt für gewöhnlich be¬
424 1647 1406 1713 quemere Ehebruchsstücke, als sie Arthur Schnitzler
410 1690 1412 1733 schreibt. Gerne hätte ich also demRotter schen
406 1738 1402 1785 Mute einigen Weihrauch gespendet, nur leider er¬
417 1762 1408 1815 wies er sich als Uebermut. Die heimliche Um¬
406 1817 1408 1879 besetzung der „Evchen Humbrecht“ im Vorjahre war
408 1852 1407 1897 gewiß eine kräftige Nummer. Gegen die unheim¬
412 1894 1405 1943 liche Erstbesetzung des „Weiten Landes“ läßt sich
407 1931 1403 1991 aber vom rein künstlerischen Gesichtspunkte aus
405 1972 1404 2025 noch mehr einwenden. Dieses als Drama herzlich
405 2011 1405 2069 schwache als Sitten= und Charakterstudie unge¬
406 2057 1401 2112 wöhnlich fein gearbeitete Stück, fordert nämlich
409 2094 1398 2155 etwa zwanzig erlesene Schauspieler (österreichischer
409 2133 1392 2181 Herkunft) und die hier weilende Abordnung der
405 2164 1156 2229 Rotter=Truppe bewilligte ihm — zwei.
452 2205 1386 2270 In ganz richtiger Erkenntnis dieses Kräfte=Ver¬
408 2238 1389 2308 hältnisses hatte der für Breslau bestallte Dramaturg
392 2293 1400 2347 die Schnitzler'sche Tragikomödie zunächst einmal
400 2320 1400 2373 gehörig zusamengestrichen und um beiläufig neun
414 2364 1394 2425 zersonen erleichtert. Leider genügte die Meister¬
405 2408 1396 2475 eistung des Rotstiftes immer noch nicht, um Stück
413 2454 1248 2509 ind Darstellung einander näher zu bringen.
442 2470 1385 2540 Die beiden Schauspieler, von denen ich soeben
400 2537 1390 2584 prach, waren Herr Karff und Frau Schneider¬
392 2561 1388 2627 Rissen (diese in einer belanglosen Nebenrolle).
396 2601 1388 2663 Es heißt, daß die Herren Rotter Herrn Korff zu¬
396 2634 1388 2701 liebe, der sich hier in einer seiner würdigen Auf¬
389 2688 1386 2731 gabe zeigen wollte, das für sie so gefährliche „Weite
385 2724 1391 2782 Land“ betreten haben. Sehr lieb von ihnen, nur
390 2770 1383 2823 haben sie damit nicht einmal Korff einen wirklichen
399 2803 1384 2841 Gefallen erwiesen. Er ist nämlich ein viel zu seiner
386 2842 1387 2902 Künstler, um auf ein ihm ebenbürtiges Ensemlle,
396 2880 1392 2949 wie er es im Burgtheater um sich hatte (das „Weite
391 2923 1380 2984 Land“ repräsentiert nämlich den Typus des
396 2958 1386 3016 modernen Burgtheater=Schauspiels), verzichten zu
389 2993 1391 3047 können. Hier spielte er ins Leere hinein, obwohl
390 3042 1384 3096 er selbst die Regie führte. Wo nichts ist, hat eben
387 3092 1383 3150 auch ein ehemaliger Burgtheater=Regisseur sein
350 3174 1345 3231 Recht verloren. Man kann immer nur wieder über
362 3212 1346 3259 die Unterschätzung des Breslauer Publikums durch
363 3255 1343 3296 die Herren Rotter staunen. Seinem anspruchs¬
367 3287 1350 3330 vollerem Teile galt die Direktion Gorter als minder¬
365 3327 1351 3375 wertig, abers ich glaube nicht, daß sie es gewagt hätte,
360 3368 1358 3425 die sehr komplizierte Persönlichkeit der Genia
356 3407 1350 3446 Hofreiter einer oberflächlich routinierten Konver¬
365 3447 1356 3492 sationsschauspielerin anzuvertrauen oder die hohe
374 3489 1353 3529 Gestalt der großen Tragödin Meinhold=Aigner (zu
366 3518 1350 3572 der die Bleibtreu Modell gestanden zu haben scheint)
374 3563 1349 3612 jener Dame auszuliefern, die neulich an einem
366 3601 1352 3664 Lothar Schmidt'schen Dienstmädchen vorbeispielte,
371 3644 1362 3693 oder den „dämonischen“ Lebenskünstler Dr. von
364 3686 1343 3736 Aigner von einem Herren spielen zu lassen, der nur
372 3721 1356 3773 über einige norddeutsch schneidige Offiziers=Töne zu
379 3760 1351 3817 verfügen scheint. Das, was sich bei einigen
366 3809 1357 3847 Episodenfiguren (etwa bei dem von Schnitzler mit
362 3834 1350 3890 besonderer Zärtlichkeit gezeichneten Hotelportier)
360 3879 1356 3938 begab, sei nicht näher erörtert. Es genügt die Fest¬
372 3928 1353 3972 stellung, daß das „Weite Land“ nicht in seinen
368 3957 1346 4007 melancholischen Reizen aufgegeigt, sondern bis zur
362 3995 1350 4049 Unkenntlichkeit verwüstet wurde. Für solche Misse¬
363 4041 1358 4105 tat aber gibtekeine künstlerische Reparation.
1323 552 1465 635 *
1424 248 1872 333 box 29/4
1999 1096 2720 1227 Klose & Seidel
2052 1213 2666 1285 Bureau für Zeitungsausschnitte
1988 1263 2720 1342 Berlin NO. 43, Georgenkischplatz 21
1971 1446 2711 1526 Zeitung: Berliner Börsen-Zeitung
2311 1512 2489 1592 Berlin
1986 1513 2111 1584 Ort:
1970 1573 2709 1665 Datum:RE
1958 1705 2958 1780 — RottzerGastspiele in Breslau. Aus Breslau=Wird
1870 1768 2966 1826 uns geschr#ben: Die Gebrüder Rotter ssind im vorigen
1879 1805 2959 1849 Jahre unter unerfreulichen Begleiterscheinungen aus dem
1879 1847 2959 1904 Breslauek Stadttheater abgerückt, weil sie kühn genug ge¬
1872 1888 2957 1936 wesen waren, für Aufführungen in 27. Besetzung die
1868 1924 2958 1971 immerhin recht anständigen Premierenpreise zu verlangen.
1927 1964 2957 2008 Man durfte hoffen, daß sie diesmal ihr etwas rampo¬
1869 2002 2959 2048 niertes Ehrenschild tadellos auffrischen würden, und in der
1874 2039 2959 2081 Tat war die Visitenkarte, die sie mit „Lady Winder¬
1874 2078 2968 2128 meres Fächer abgaben, recht angenehm, aber schon
1884 2119 2968 2179 nach wenigen Abenden verschwand die schöne Carola
1871 2154 2963 2198 Tölle von der Bildfläche und auch die Reprise, von
1878 2195 2958 2246 „Untreu" zeigte eine Besetzungsänderung, die keine Ver¬
1885 2228 2970 2288 besserung war. — Lothar Schmidts Lustspiel „Nur ein
1872 2264 2969 2331 Traum“, das hier vor 10 Jahren erfolgreich gegeben
1884 2313 2967 2366 wurde, hatte in der Rotterschen Aufmachung nur einen für
1883 2339 2983 2406 wenige Tage ausreichenden Achtungserfolg. Gestern end¬
1876 2391 2968 2439 lich gab es eine Premiere, die zwar wiederum keine war,
1878 2430 2979 2476 aber doch darum Erwähnung verdient, weil die Rotters
1878 2467 2971 2509 mit diesem Stück die Berliner Winterspielzeit eröffnen
1872 2502 2031 2556 wollen.
2032 2506 2967 2556 — Es ist Schnitzlers Tragikomödie „Das
1870 2541 2967 2580 weite Land“, jenes leidselge, wenig gehaltvolle Kon¬
1874 2582 2966 2634 versationsstück, das uns der Fünfzigjährige einst als mäßig
1886 2621 2967 2659 überzeugende Geburtstagsgabe zu seinem Ehrentage be¬
1876 2660 2965 2704 scherte. Die Aufführung war interessant, weil sie das
1876 2696 2967 2737 Geheimnis der Rotterschen Erfolge bei der Menge er¬
1880 2736 2975 2794 barmungslos enthüllte. Jene glatte übertünchte Kultur,
1884 2770 2967 2819 jenes raffinierte Zusammenspiel, das die Laien in be¬
1882 2808 2960 2851 wundernder Hochachtung vor diesen Theatergroßkaufleuten
1880 2850 2962 2901 ersterben läßt, ist, wie überall, erst ein Produkt sorgsamster
1881 2885 2963 2938 Probearbeit oder zahlreicher Wiederholungen. Wo diese
1892 2926 2976 2991 Voraussetzungen fehlen, wird auch bei den Rotters ein
1886 2966 2975 3020 höchst mäßiges Theater gespielt, wie nur irgendwo in einer
1884 3013 2978 3059 größeren Stadt der so sehr verachteten „Provinz" Bei
1887 3047 2967 3093 der ersten Aufführung des „Weiten Landes“ gab es
1877 3086 2976 3122 einigen Durchschnitt, recht viel darunter und nur einen
1881 3122 2964 3157 Schauspieler: den prachtvoll natürlichen, auf einsamer Höhe
1884 3156 2976 3204 stehenden Burgtheatermann Karff. Dieser fiel so sehr
1881 3191 2970 3244 aus dem Rahmen heraus, daß es auch das Publikum
1881 3233 2973 3289 merkte und mit seinem Beifall zurückhielt, bis sich Korff
1881 3276 2966 3326 einmal allein auf der Bühne zeigte. Dann dankte ihm
1870 3315 2968 3382 anhaltguder Applaus für sein großes Können als Darsteller
1882 3348 2181 3417 und Regisseur.
2678 3373 2915 3453 F. E. B.
