3248 4384
573 304 626 355 W
141 277 1112 403 24. Das seiteLand
1270 290 1719 402 box 29/2
152 516 564 609 Ausschnitt aus:
532 513 1328 656 „ehussishr Tagbiatt, Aussig a#t.
152 622 324 686 vom:
1114 783 3034 905 tinnen und manchmal sogar die Ließhaber!3 Akte eine zurückhaltende Stellung einnahm,
160 738 1098 928 Theater und Kunst.
1103 847 2077 926 glauben“, sagt der Psychologe Schnitzler mit
2065 848 3037 961 wurde im 4. und 5. Akte von der spannenden
1115 921 2072 985 einer gewissen Ironie. Die Geschichte der drik¬
228 913 1110 993 = Stadttheater in Aussig. „Dasweite
2062 904 3028 1005 Handlung und dem interessanten Stoffe ge¬
134 964 1103 1050 Land“, Tragikomödie in 5 Akten von Artur
1114 953 3044 1075 ten gebrochenen Ehe, die uns im Stücke er= fesselt und spendete zum Schlusse reichen Bei¬
1113 1008 2188 1098 zählt wird, behandelt auch ein seelisches Pro=fall.
151 1016 1109 1099 Schnitzler. —Unter den Dichtern, die im heu¬
2752 1046 3077 1151 T2
1110 1073 2080 1143 blem. Herr Dr. v. Aigner hat seine Gatlin
149 1060 1110 1158 rigen Dichterjubeljahre den 50. Geburtstag
1113 1117 2082 1196 geliebt, unendlich geliebt und fand auch Ge¬
157 1118 1110 1206 feiern, ist neben Gerhard Hauptmann, Otto
1116 1179 2080 1238 genliebe bei ihr. Trotz dieser gegenseitigen
143 1185 1112 1255 Ernst, Ludwig Fulda in erster Reihe auch
1580 1216 1672 1278 5i
1112 1239 2077 1312 innigen Liebe war er fayig, sie zu betrügen.
148 1237 1100 1305 Artur Schnitzler von allen bedeutenden deut¬
1108 1287 2084 1379 Warum? Die Seele ist ein weites Land, un¬
143 1270 1110 1360 schen Bühnen durch Aufführung seiner Werke
1110 1332 2079 1409 erforschlich und rätselhaft! Man hat es
105 1347 1100 1420 gefeiert worden. Auch unsere Bühne wollte
1108 1394 2095 1466 Schnitzler zum Vorwurfe gemacht, daß er in
143 1395 1103 1467 hier nicht zurückstehen und hat uns gestern
1110 1440 2084 1513 diesem Stücke Menschen und Szenen schildert,
144 1450 1104 1529 „das neueste Werk des jubilierenden Dichters
141 1509 1103 1578 als erste interessante Novität des heurigen
1113 1494 2083 1575 die im wirklichen Leben in dieser Zusammen¬
140 1558 1095 1639 Spieljahres gebracht. Schnitzler, der geistrei¬
1108 1546 2083 1621 stellung nicht glaubhaft oder möglich sind.
1102 1609 2073 1674 Dies findet seinen Grund darin, daß der Dich¬
139 1596 1101 1690 iche Plauderer und Stimmungsdichter des mo¬
135 1670 1105 1752 dernen Wiener Genres, wählt mit besonderer
1110 1655 2067 1741 ter für die psychologische Analyse solche kom¬
1099 1714 2071 1793 plizierte und außergewöhnliche Menschen
129 1707 1096 1799 Vorliebe den Stoff zu seinen Dichtungen aus
1103 1769 2062 1846 brauchte, so wie der Arzt sich für das Studium
129 1775 1094 1848 den Kreisen der vornehmen Wiener Gesell¬
130 1819 1098 1910 schaft, er ist der Dichter der Wiener Hautevolee,
1104 1822 2076 1904 die interessantesten pathologischen Fälle aus¬
130 1878 1094 1951 aber er schildert nicht nur in eleganter Form
1107 1879 2069 1943 sucht. Daß der Dichter selbst diese Menschen
130 1924 1087 2015 das äußerliche Treiben dieser Menschen, son¬
1104 1928 2073 2009 und ihr Tun verabscheut, hat er in den Wor¬
120 1972 1092 2060 dern er dringt in das Innere derselben ein
1107 1987 2077 2064 ten ausgedrückt, die er dem Dr. Mauer, dem¬
129 2034 1092 2118 und zergliedert fein psychologisch das kompli¬
1105 2039 2071 2125 einzigen anständigen und seelisch gesunden
130 2087 1092 2160 zierte Innenleben der sogenannten modernen
1100 2085 2064 2181 Menschen des Stückes, in den Mund legt:
126 2138 1085 2222 Kulturmenschen. In seinem neuesten Werke
1102 2155 2065 2236 „Nicht das geringste hätte ich einzuwenden
127 2195 1087 2282 treibt Schnitzler seine psychologische Kunst auf
1095 2208 2076 2286 gegen eine Welt, in der die Liebe wirklich nichts
1096 2248 2071 2339 anderes wäre als ein Spiel. Aber dann ehr¬
131 2254 1088 2326 die Spitze, er macht sie, wie schon der Titel
121 2302 1100 2397 des Stückes besagt, zum Hauptinhalte und
1238 2322 2061 2408 #te! Ehrlich bis zur Orgie, das ließe
126 2359 1081 2449 Hauptzwecke des Stückes, er will zeigen, was
1091 2351 2064 2446 ich gelten. Aber dies Ineinander von Zu¬
130 2410 1089 2498 für komplizierte Subjekte wir Menschen im
1095 2426 2069 2515 rückhaltung und Frechheit, von feiger Eifer¬
122 2471 1089 2556 Grunde sind, so viel hat zugleich Raum in
1092 2480 2071 2563 sucht und erlogenem Gleichmute, von rasender
118 2525 1085 2607 uns: Liebe und Trug, Treue und Treulosig¬
1093 2533 2066 2622 Leidenschaft und leerer Lust, wie ich es hier
112 2566 1084 2667 keit, Anbetung für die eine und Verlangen
1090 2583 2066 2662 sehe — das finde ich trübselig und grauen¬
112 2637 1079 2706 nach einer anderen oder nach mehreren ande¬
1082 2628 2058 2719 haft ...“— Die gestrige Aufführung hat be¬
120 2688 1075 2764 ren. Wir versuchen wohl Ordnung in uns
1086 2690 2065 2802 denklich darunter gelitten, daß Frau Fer¬
116 2747 1079 2827 zu schaffen so gut es geht, aber diese Ordnung
1079 2734 2058 2835 dinand =Bielitz, die Trägerin der weib¬
124 2806 1079 2878 ist doch nur etwas künstliches, das natürliche
1085 2790 2058 2895 lichen Hauptrolle Frau Genia Hofreiter, von
116 2844 1081 2923 ist das Chaos. Ja — die Seele ist ein weites
1087 2855 2061 2945 einer starken Heiserkeit befallen war. Sie
110 2910 1073 2983 Land! Die Handlung gruppiert sich um drei
2040 2916 2122 2984 4
1084 2912 2057 2996 versuchte den Fehler durch leises Sprechen zu
112 2958 1082 3036 Ehepaare, bei denen die Ehe bald von der ei¬
1088 2964 2068 3048 verschleiern und konnte nur andeuten, wie
118 3012 1080 3084 nen, bald von der anderen und bald von beiden
1086 3022 2055 3107 prächtig ihr die Rolle sonst liegen würde. Herr
120 3057 1078 3152 Seiten gebrochen wird. Der reiche Fabrikant
1079 3076 2056 3166 Dr. Ferdinand stellte den Fabrikanten
109 3120 1079 3208 Friedrich Hofreiter, ein charmanter Don Juan
1084 3127 2057 3223 Hofreiter in seiner Art vortrefflich dar und
109 3159 1076 3258 und Vertreter der Nietzsche'schen Herrenmoral,
1080 3174 2100 3267 wußte insbesondere den Dialog fein akzentu¬
112 3220 1089 3318 geht über Leichen hinweg ohne Rücksicht auf
1074 3238 2047 3328 iert zu sprechen und die Pointen wirksam her¬
105 3277 1073 3366 Frau und Freund seinen Genüssen nach, macht
1080 3276 2125 3374 vorzukehren. Von den übrigen Darstellern ist 2
105 3323 1075 3424 aus seinen Liebschaften vor seiner Frau kein
1077 3337 2066 3435 leider nicht viel gutes zu sagen. Frl. Beil
116 3393 1068 3477 Geheimnis und verführt die Braut seines
1072 3390 2106 3516 machte aus der vornehmen Frau Wahl eine)
109 3454 2049 3547 Freundes, ja er macht seiner Frau sogar Vor= polternde Frau, die alle Dialekte vom nord¬
1049 3494 2048 3606 deutschen bis zum Wienerischen sprach. Frl.
96 3505 2050 3663 würfe, daß Rese einen Liebhaber zurückweist.) Breuer gab das eraltierte junge Dämchen
107 3550 1107 3643 der sich deshalb das Leben nimmt. Als seine!
108 3620 2031 3712 Frau später seine Lehren befolgt und mit ei= Erna im Spiele allerdings gut wieder — al¬
2024 3626 2087 3721 F
107 3664 2044 3728 nem jungen Fähnrich eine Liebschaft anfängt, lein die Sprache! Herr Martens als
104 3705 1069 3788 fordert er diesen vor die Pistole und schießt
1060 3730 2092 3815 Fähnrich Otto, Herr Kögl als Dr. v. Aig=
112 3771 1067 3852 ihn nieder. Anders, man könnte sagen ver¬
1070 3784 2040 3875 ner, und Herr Kny als Dr. Mauer boten
97 3821 1065 3910 kehrt, ist das Verhältnis beim Bankier Nat¬
1074 3824 2100 3908 Durchschnittsleistungen. Gelungene kleine Epi=
99 3881 1064 3963 ter und seiner Frau. Sie unterhält Lieb¬
1068 3884 2084 3983 sodenfiguren stellten Herr Bräuer als
105 3930 1062 4033 schaften, ist jedoch sonst eine ganz vortreffliche
1073 3949 2087 4029 Dichter und Herr Reißner als Serknitz;
101 3991 2031 4072 Mutter und Gattin und wird von ihrem Man= dar. Die Wirkung des Stückes wurde übri¬
101 4049 2033 4138 ne angebetet und geliebt — trotzdem er von gens auch dadurch beeinträchtigt, daß einzel¬
102 4091 2032 4160 ihren Liebschaften weiß! „Es gibt überhaupts ne, u. zw. auch wichtige Stellen gestrichen wur¬
100 4145 2075 4257 weniger betrogene Ehemänner als die Gat= den. Das Publikum, das während der ersten
