3392 4320
313 72 1281 200 24. Das veite Land
1427 101 1888 206 box 29/6
1129 883 2539 958 Genia: Friedrich, treib es nicht zu weit! Hier hört der Hohn auf.
1133 929 2314 1008 Friedrich: Er ist tot. Ich kann's nicht anders sagen.
1135 975 2533 1062 Genia: Friedrich, Friedrich ... (Auf ihn zu, packt ihn bei den
1078 1016 2524 1118 Schultern.) Du hast ihn umgebracht, Friedrich . . . Und — seiner Mutter
1085 1065 1471 1132 die Hand gedrückt.
1125 1115 2518 1214 Friedrich (zuckt die Achseln): Ich hab nicht gewußt, daß sie da ...
1080 1166 1826 1244 bei dir ist. Was hätt ich tun sollen?
1113 1219 2415 1306 Genia: Tot ... tot! ... (Plötzlich auf ihn zu.) Mörder!
1111 1271 2422 1363 Friedrich: Es war ein ehrlicher Kampf, ich bin kein Mörder.
1117 1321 1678 1392 Genia: Warum, warum
1120 1380 2413 1456 Friedrich: Warum —? Offenbar ... hat's mir so beliebt.
1129 1424 2506 1506 Genia: Es ist ja nicht wahr! Mach dich nicht fürchterlicher als du
1064 1465 2518 1570 bist. Du hast nicht wollen. Ein entsetzlicher Zufall war's! ... Du hast
1068 1519 1784 1586 nicht wollen ... es ist nicht wahr
1107 1574 2513 1666 Friedrich: In dem Augenblick, da er mir gegenübergestanden ist,
1048 1608 1562 1681 da ist es wahr gewesen.
1107 1667 2511 1755 Genia: Grauenhafter Mensch! Und hast seiner Mutter die Hand
1054 1711 2500 1800 gedrückt. Hast ihn nicht einmal gehaßt und ihn doch umgebracht. Böse¬
1048 1764 1803 1837 wicht, eitler, grauenhafter Bösewicht.
1107 1815 2497 1908 Friedrich: So einfach ist das nicht. Hineinschaun in mich kannst du
1051 1857 2503 1957 doch nicht. Kann keiner. Die arme Frau Meinhold tut mir leid. Auch
1049 1908 2495 2006 mein guter, alter Herr von Aigner. Aber ich kann ihnen nicht helfen.
1052 1957 2487 2065 Nein. Auch dir nicht. Und ihm nicht. Und mir. Es hat sein müssen.
1098 2013 1530 2076 Genia: Müssen? —
1084 2072 2483 2158 Friedrich: Wie er mir gegenübergestanden ist mit seinem frechen,
1038 2113 2040 2196 jungen Blick, da hab ich's gewußt . .. er oder ich.
1088 2175 2239 2235 Genia: Du lügst, er hätte dich nicht ... er nicht ...
1084 2215 2490 2289 Friedrich: Du irrst dich. Es war auf Leben und Tod. Er wollte
1036 2271 2481 2357 es so gut wie ich. Ich hab's in seinem Aug gesehn, wie er in meinem.
1040 2308 1463 2382 Er . .. oder ich
1071 2364 1930 2436 Erna und Mauer (aus dem Garten).
1076 2414 1763 2485 Erna (bleibt an der Tür stehn).
1083 2454 2055 2528 Mauer (rasch zu Genia, drückt ihr die Hand).
1081 2511 1901 2589 Friedrich: Ah Mauer, du, schon da?
1072 2575 2074 2649 Mauer: Ich habe nichts weiter zu tun gehabt.
1070 2615 1706 2688 Genia: Wo ist seine Leiche?
1070 2652 1618 2733 Mauer: Auf dem Weg.
1068 2707 1472 2775 Genia: Wohin?
1070 2752 1884 2833 Mauer: In das Haus seiner Mutter.
1071 2811 1947 2891 Genia: Weiß sie . . . wer wird ihr ...?
1068 2866 1882 2934 Mauer: Es hat's noch keiner gewagt.
1063 2913 2460 2999 Genia: Ich will es ihr sagen. Es ist meine Pflicht. Ich geh zu ihr.
1066 2955 2450 3046 Friedrich: Genia . .. Einen Augenblick. Wenn du zurückkommst,
1004 3011 2458 3104 bin ich kaum mehr da. Ich kann nicht von dir verlangen, daß du mir die
1000 3052 1985 3135 Hand reichst, aber — wir sagen uns halt Adieu.
1047 3101 2379 3193 Genia (sich erinnernd): Percy kommt. Noch in dieser Stunde.
1052 3161 2439 3262 Friedrich: Percy? Den erwart ich noch ... Dann ... die
1004 3201 1458 3267 übrigen ... na
1054 3248 1622 3321 Genia: Was hast du vor?
1031 3307 2435 3390 Friedrich: In die Stadt hinein. Das beste wird wohl sein, ich stell
983 3354 1137 3469 L
1969 3394 2445 3519 Kuntwart 22 1
