3436 4320
262 165 1233 259 24. Das veite-Land
1380 156 1843 246 box 29/1
2086 120 3209 198 er Der Freiheit, die sich hier
2044 149 3221 242 brüstet, der fehlt es am Glauben an sich selbst. Daher gelingt
2048 195 3213 254 ihr die heitere Miene nicht, die sie so gerne annehmen möchte..
2052 220 3202 315 darum grinst sie wo sie lachen will.“ Mit diesen Worten —
2046 260 3200 346 die bei der Aufführung gestrichen waren — charakteristert dei
2036 303 3215 391 brave Raisoneur des neuen Schnitzlerschen Stücks das Liebes¬
2033 342 3207 420 leben der Welt, in die uns der Dichter führt, und zugleich ihr
2036 392 3202 474 ganzes Leben — denn in diesem Leben ist von nichts anderm die
2029 414 3214 514 Rede, als von Liebschaften, Ehebrüchen, Hahnreischaften, Duellen,
2028 465 3202 541 Vergnügungen — das sind die Hauptsachen dieser Welt — daß die
2041 507 3197 596 Männer vielleicht noch Geschäfte machen, die Damen vielleicht
2029 549 3200 625 noch ein Buch lesen, ist Nebensache. Diese Welt tanzt einen
2036 584 3203 662 immerwährenden Reigen von Verliebtheiten oder, man kann auch
2021 631 3196 711 sagen, Liebesschlampereien, wie sich derselbe Raisoneur ausbrückt.
2111 668 3206 751 In diese Welt, von der der Dichter abrückt, ist er aber zu¬
2024 705 3199 790 gleich verliebt. Er weist sie ab, und er steht mitten brin und
2024 735 3206 833 kann ohne sie nicht leben. Und was er hier sieht und beobachtet,
2021 783 3195 853 die Erfahrungen, die er hier sammelt, sind bestimmend für seine
2024 819 3193 897 Lebens= und Menschenauffassung. Hier liegt der Grund der
2021 848 3193 954 Schwäche dieses feinen, nachdenklichen Künstlers, der Schnitzler
2008 889 2618 952 von jeher gewesen und noch ist.
2099 943 3194 1003 Das weite Land — der lyrische Titel des Stücks soll kenn=
2014 985 3187 1064 zeichnend für das Seelenleben der Menschen der Trogikomödie
2011 1026 3176 1088 sein. Unsre Seelen sind weite Räume mit vielen Kammern, und
2015 1051 3194 1153 es ist schwer, sich darin zurechtzufinden. „Wir versuchen wohl
2016 1090 3186 1195 Ordnung in uns zu schaffen, so gut es geht, aber diese Ordnung
2012 1130 3183 1211 ist doch nur etwas Künstliches. . .. Das Natürliche ist ... das
2010 1174 3200 1259 Chaos.“ Der Dichter wirst also die alte, nachdenkliche Frage
2009 1236 3179 1288 auf: ja, wer versteht ein menschlich Herz? und beantwortet sie
2000 1274 3180 1335 nihilistisch. Im seelischen Leben ist nichts Feststehendes Be¬
2004 1304 3178 1376 stimmtes. Eine ungeheure Fülle von Möglichkeiten breitet
2013 1332 3181 1430 sich aus, und niemand kann in diesem Augenblick sagen, welche
1998 1378 3171 1463 Möglichkeit im nächsten Augenblick an die Reihe kommt.
2003 1425 3178 1494 Einer betrügt seine Frau in einem fort und findet es gerabezu
2000 1444 3175 1543 satal, daß sie ihn nicht betrügt: ihre Tugend trritiert ihn. Dann
1997 1490 3182 1588 betrügt sie ihn mit einem dummen Jungen — wer kann sagen,
2000 1535 3181 1625 wie sie dazu kommt? — und er findet das eigentlich ganz in der
2002 1576 3167 1654 Ordnung, aber es braucht vor ihm nur darüber geklatscht zu
1991 1616 3178 1700 werden, und er fordert den Jungen. Und er denkt zunächst natür¬
1986 1662 3165 1743 lich gar nicht daran, ihn niederzuknallen; aber dann sieht er den
1999 1696 3163 1780 „frechen“ Blick der Jugend, und da wird er bös und zielt. Und
1994 1728 3165 1826 nachdem dies vollbracht ist, entläßt er die sich ihm anbietende
1991 1774 3163 1862 Geliebte, der er alles opfern wollte, ergibt sich dem Einsamkeits¬
1992 1826 3168 1898 gefühl und wird — sa, wer weiß, was er tun wird? Der Dichter
1988 1865 3165 1956 auch nicht. Der steht nur immer dabei und murmelt etwas von
1984 1912 3166 1997 „weitem Land“ und „Chaos“, und blickt bald nachdenklich drein,
1988 1933 3081 2009 bald spöttisch. Chaos, meine Herrschaften, nichts als Chaos.
2056 1996 3163 2070 Und da er nun einmal bei so chaotischer Psychologie ange¬
1987 2021 3153 2111 langt ist, machts ihm Spaß, das Chaotische dick zu unterstreichen.
1976 2078 3147 2154 Seine Leute müssen partont sich anders benehmen, als man wohl
1975 2106 3141 2194 erwarten sollte. Da liebt einer seine Frau mit ausbauernder
1983 2133 3132 2228 Hingebung, und deshalb — gönnt er ihr alle Liebhaber, die sie
1982 2187 3144 2269 sich zulegt, und verkehrt mit ihnen. Ein andrer wieder liebt
1978 2222 3140 2317 seine Frau abgöttisch und kann ihr einfach nicht treu sein, und sie
1974 2276 3143 2355 liebt ihn und kann nicht vergessen, daß so etwas möglich ist,
1978 2313 3138 2389 daß Liebe und Untreue nebeneinander hausen können. Ganz zu
1970 2347 3135 2432 schweigen von andern Seltsamkeiten, die sich aus der permanen¬
1965 2399 3144 2475 ten Durcheinanderliebelei ergeben, die keine Schranke kennt.
1973 2442 3147 2516 In der ganzen Gestaltung dieses Lebensausschnitts, den Schnitzler
1970 2479 3136 2548 bietet, schlägt seine Ueberzeugung von dem Chaotischen, Uner¬
1958 2528 3146 2604 klärlichen des Seelenlebens um in den Willen, durch die Häu¬
1968 2556 3139 2639 fung und Aneinanderreihung von Ungereimtheiten zu verblüffen.
1972 2592 3144 2693 Aus dem feinen, nachspürenden Psychologen guckt ein gerissener
1967 2620 3131 2723 Theatermann hervor, der nicht umsonst in den Kreisen heimtsch
1965 2671 3131 2759 ist, die er abschildert. Er weiß auch, mit welchen Mitteln man
1957 2711 3141 2809 auf diese Kreise wirkt — er schreibt im Grunde nur für diese
1964 2754 3133 2850 Kreise, von denen er gelegentlich abrückt, und für die dieses Ab¬
1965 2802 3141 2892 rücken eines Dichters, der ihnen doch verfallen ist, nur einen
1955 2833 2380 2901 neuen Reiz bedeutet.
2030 2893 3136 2976 Aber Schnitzler selbst sollte nun allmählich mit sich darüber
1954 2944 3134 3020 zu Rate gehn, für wen er denn eigentlich schreibt. Er müßte
1952 2975 3126 3057 sich darüber klar werden, wenn anders er aus der Sackgasse
1948 3009 3125 3088 herauskommen soll, in die er geraten. Daß er, was das Sexuelle
1956 3059 3129 3133 anlangt, die Psychologie bürgerlicher Drohnenexistenzen heraus
1956 3086 3144 3177 hat, die ihren individualistischen Narrentanz als Herrenmenschen
1952 3144 3123 3218 ohne soziales Verantwortlichkeitsgefühl aufführen, ist ja ganz
1947 3161 3132 3264 interessant. Aber es fragt sich, ob er die Allgemeinheit dazu
1946 3212 3132 3296 bringen kann, diese liebevoll ausgetüftelte Schilderung und Er¬
1942 3259 3128 3344 klärung der Welt, in der er zuhause ist, auch interessant und
1941 3301 3118 3379 wichtig zu finden. Die Allgemeinheit hat wohl nichts dagegen,
1931 3335 3124 3430 daß der Künstler eine Welt des Verfalls und der Fäulnis künst¬
1944 3379 3125 3464 lerisch bändigt; sobald sie aber fühlt und erkennt, daß der Dichter
1933 3415 3133 3499 in diese Welt verliebt ist und von dieser dekadenten Welt aus
1935 3455 3121 3540 die Maßstäbe für die Beurteilung alles Lebens herholt, rückt sie
1944 3500 3127 3583 ab, läßt den Dichter allein stehn mitsamt der dekadenten Gesell¬
1943 3530 2593 3595 schaft, die er nicht entbehren kann.
2005 3590 3118 3673 Dieses Abrücken kann einmal sehr energisch geschehn. Man
1935 3627 3108 3708 merkte es an der Art, wie die Tragikomödie ausgenommen
1936 3665 3100 3748 wurde. Vorderhand schützte noch der Name Schnitzler und die
1929 3693 3102 3790 Erinnerung an frühere Werke wie Zwischenspiel z. B., aber die
1934 3752 3097 3825 Beifallslust stand immer auf dem Sprunge, in Ablehnung um¬
1927 3789 3093 3866 zuschlagen und den psychologischen Nihilismus, der sich im Weiten
1924 3839 3095 3914 Land selbstgefällig breitmacht, in den Orkus zu befördern. Solche
1921 3864 3107 3955 sogenannte Siege wie der Erfolg des Weiten Lands sind das
1931 3906 3097 3993 Gefährlichste, das einem Künstler passieren kann: sie künden
1923 3941 2536 4013 den Sturm an, der ihn wegfegt.
2946 3976 3109 4044 gm. —
