3392 4224
318 1837 396 1892 ien
303 1881 396 1936 der
314 1928 387 1991 ttin
295 1971 380 2024 ier¬
303 2020 383 2074 der
281 2066 383 2133 en.
282 2116 382 2174 piel
281 2162 378 2225 zeit¬
266 2217 376 2270 was
262 2258 378 2312 Jaul
304 2302 382 2359 der
254 2351 373 2407 telle.
268 2400 376 2462 erste,
282 2492 375 2559 der
353 1415 400 1473 #te
362 1644 399 1696 t
722 2 793 58 W
308 -5 1264 103 E- sMemmseR E
1426 14 1847 101 box 29/6
466 597 1395 698 Trauung eine Generalvollmacht erteilt, etw
453 670 1434 757 Worten: „Was immer du dir zuschulden kon
450 730 1457 790 wirst, mein gutes Kind — es ist dir im vor.
446 768 1478 834 ziehen.“ Ein weiblicher Idealzustand, den vielle
457 821 1499 892 nächste Lustspiel von Hermann Bahr heraufführen hil
535 875 1523 955 Aber die Schüsse des Grafen Mielzynski durcht.
450 917 1527 992 diese papierene Entwicklung auf eine grausame Weise.
451 966 1559 1071 Graf ist ein gebildeter Mann und hat als solcher w
451 1014 1579 1098 auch die moderne Literatur verfolgt. Er hat viel in Ber.
442 1071 1596 1149 gelebt und somit reichlich Gelegenheit gehabt, die Stück.
438 1111 1608 1187 des Wieners Hermann Bahr auf dem Theater zu sehen.
436 1158 1605 1235 Vielleicht hat unter diesen „Der Meister", in dem Bahr
437 1206 1606 1282 den alltäglichen Fall zum erstenmal mit einer souveränen
438 1255 1601 1338 Geringschätzung behandelt, sogar einen bleibenden Ein¬
425 1298 1465 1383 druck auf den schöngeistigen Grafen gemacht. Und
1467 1333 1598 1392 trotz¬
416 1351 1599 1421 dem? Ja, trotzdem. Der Weg des getäuschten Ehe¬
424 1415 1596 1489 mannes, als er in jener Schreckensnacht dem Ehedieb
430 1440 1594 1528 klopfenden Herzens nachschlich, hat ihn vermutlich nicht
429 1488 1596 1562 durch die Bibliothek geführt, und der Waffenkasten, aus
430 1536 1588 1618 dem er im Vorbeigehen das Gewehr herauslangte, befand
418 1584 1591 1677 sich wahrscheinlich in einem anderen Trakt des gräflichen
429 1639 1588 1715 Schlosses. Und so mag es sich erklären, daß ihn im
415 1693 1582 1774 gegebenen Augenblicke trotz aller Errungenschaften der
414 1740 1583 1808 modernen Literatur die Leidenschaft übermannte. Er hätte
421 1775 1592 1869 sicherlich, bei ruhiger Ueberlegung, sich nicht für berechtigt
416 1829 1584 1933 gehalten, zu richten, und er hat doch gerichtet. Er hat für
406 1867 1584 1960 schlimmste Barbarei gehalten, was er getan hat, und er
408 1928 1571 1996 hat es doch getan. Warum? Wieso? Auf welchem
409 1969 1567 2049 psychologischen Wege? Ein anderer Wiener Dichter,
414 2018 1576 2105 Schnitzler, läßt ihn uns in seiner Tragikomödie „Das
406 2064 1576 2153 weite Land“ zumindest ahnen. Auch der Held dieses
406 2114 1565 2206 Stückes, der Fabrikant Hofreiter, ist in dem alltäglichen
397 2156 1568 2248 Falle; auch er verzeiht als ein gebildeter, aufgeklärter,
401 2213 1564 2279 moderner Mensch, und fordert, zehn Minuten später, den
402 2257 1564 2341 Liebhaber zum tödlichen Duell. „Man will doch nicht der
394 2302 1548 2389 Hopf sein,“ sagt er, diesen Widerspruch begründend. Auch
388 2349 1558 2431 Graf Mielzynski wollte nicht der Hopf sein; darum hat
395 2398 1561 2491 er, vernünftiger Einsicht zu Trotz, die verfehlto Rechnung
394 2442 1344 2520 seiner Ehe so rasch und gründlich richtiggestellt.
510 2502 1520 2587 2, — #7. Raoul, Auernheimer.
1966 670 2412 777 Lusschnitt aus:
1959 754 2116 839 vom:
2206 740 3111 897 21 M Mor Hontags Zoitung
2003 858 3049 1004 Cheater, Klusin, Kunft und Aiteratur.
2611 979 2988 1062 Graz, 21. Juni.
2035 1004 3042 1118 (Schnitzler und Sudermann.) Der Wiener
2000 1064 3033 1173 und-Bekliuer Erotiker trafen sich in der Nachsaison
1992 1119 3038 1218 dieser Woche. Jener der größere Dichter, dieser der
1999 1169 3029 1247 stärkere Theatraliker. Schnitzler ist vielmehr Bühnen¬
1995 1216 3030 1319 Novellist als Dramatiker. Ein Meister der Stim¬
1982 1271 3015 1361 mungen, während Sudermann der Meister der Si¬
1986 1307 3024 1403 tuationen. Melancholisch verträumte Wienerluft bei
1972 1373 3005 1453 Schnitzler, nervös erregte Berliner Athmosphäre bei
1971 1406 3010 1516 Sudermann. Beide nicht rein ausgeprägt, Schnitzler
1978 1451 3010 1559 nicht der echte Österreicher, wie Grillparzer oder
1969 1517 3011 1598 Schönherr, Sudermann nicht der echte Norddeutsche
1965 1556 3006 1646 gleich Wildenbruch oder Hauptmann. Ein kosmopoli¬
1969 1607 3008 1707 tischer Zug entfremdet beide dem echten Volksboden,
1966 1664 2995 1763 prägt ihrer Dichtung das Merkmal der Dekadenz
1961 1685 3003 1794 auf. Schnitzlers „Weites Land“ mit seiner Über¬
1960 1758 3001 1861 schätzung englischer-Kuktur und Mode läßt dies ge¬
1959 1816 2997 1905 rade im Schicksalsjahr 1915 besonders stark empfin¬
1951 1853 2990 1942 den. Aber auch aus anderen Gründen war die Wahl
1950 1897 2995 2010 dieser Tragikomödie nicht die glücklichste. Nur die
1954 1954 2986 2049 individuellste Besetzung, wie sie damals die Pre¬
1949 2008 2986 2102 miere des Burgtheaters hatte, könnte alle Feinheiten
1941 2050 2985 2135 der Dichtung herausholen, für die man überdies noch
1942 2103 2979 2201 eigens empfindsame Nerven haben müßte, nicht die
1938 2151 2968 2237 von den Kriegsereignissen aufgewühlten der Gegen¬
1933 2201 2971 2294 wart. Uns war diese Gesellschaft, die sich im „Weiten
1931 2239 2976 2348 Land“ auf der Bühne umhertrieb, herzlich gleich¬
1938 2298 2968 2401 gültig, ihr endloses Herumreden langweilte beinahe.
1927 2346 2967 2448 Wir brauchen jetzt starke Entladungen, wie Sudermann
1930 2399 2978 2503 sie bietet, oder — was noch dankbarer empfunden
1925 2438 2230 2514 wird, Humor.
1978 2502 2963 2603 „Sodoms Ende“ das grelle Sittenstück des Ber¬
1918 2530 2965 2641 liner Tiergarten=Viertels, Sudermanns vielumstrit¬
1915 2591 2964 2691 tener zweiter Theatererfolg, fesselte wieder ein aus¬
1915 2634 2952 2752 verkauftes Haus. Trotzdem Brückner nicht mehr
1910 2686 2950 2793 der Willi Janikow ist, der er — war. Die 25 Jahre
1918 2743 2944 2846 glaubt man ihm nicht mehr, auch nicht das genial
1909 2794 2947 2903 Verbummelte dieses Scheusals. Frau Schürmann
1906 2845 2947 2949 als Adah, eine blendende Erscheinung, müßte noch
1900 2898 2946 2988 mehr blasiierten Esprit, mehr vampyrartige Leiden¬
1904 2937 2931 3020 schaft entwickeln. Fräulein Schütter wirkte über¬
1902 2994 2927 3075 raschend gut, entzückend war Frau Imle als Klär¬
1899 3043 2933 3139 chen, eine Gestalt voll der kindlichsten Unschuld.
1898 3082 2936 3185 Kneidingers alter Janikow, Großmanns
1898 3134 2933 3240 Professor, Labatts Kramer, Fräulein Schweick¬
1885 3197 2929 3282 hardts besorgte kummervolle Mutter, v. Pindos
1888 3228 2925 3335 Beraun, Kainz, Staud als zynischer Literat
1879 3292 2910 3373 und Kritiker vervollständigten bestens das gut zu¬
1880 3324 2910 3434 sammengespielte Ensemble. Die Regie hätte übrigens
1881 3377 2921 3489 bei Janikows Wohnung für einen Schnee=Prospekt
1871 3424 2196 3492 sorgen können.
2759 3468 2867 3521 —30.
