3392 4224
294 33 473 128 24
722 53 784 109 10
1425 45 1827 169 box 29/6
470 45 1247 166 Dasseite Land
1572 1627 3360 1749 gewissen „Kunstzirkeln“ sein widerliches Dasein führt. schaftlichen Milieus geg
584 1617 1200 1726 Der neueste Schnit
418 1633 649 1740 w 40
1181 1649 2792 1782 BWienerisch ist das, was in den vier Akten des Stückes
434 1715 673 1790 AU
2788 1710 3361 1804 süßen Zibeben abgeben.
761 1700 1187 1806 („Die welle Kand.)
1548 1745 2790 1837 geschieht, gewiß nicht. Der fünfte, der in der Alpen¬
2890 1768 3361 1844 Damit sind alle
458 1785 1566 1876 Es muß den lebhaften Protest des Wiener Bürgers
1553 1771 2789 1898 landschaft spielt, enthält mehr Wiener Luft. Aber der
2780 1797 3353 1901 neuesten Schnitzlers gek
1565 1831 2405 1910 gehört eigentlich nur lose zum Stück.
335 1820 1576 1912 hervorrufen, wenn ein jüdischer Schriftsteller eine der¬
2779 1866 3360 1939 falteter Dialog, amusant
327 1880 1577 1978 artige Philippika für den Ehebruch durch ein gut erfun¬
1666 1887 3363 1998 Den Tiefsinn des Titels habe ich bereits charak=Tiefsinn halb ausgespro
332 1919 1567 2034 denes Milieu in den Wiener Boden verpflanzen will,
1557 1906 3356 2040 terisiert und ich erlebe die Genugtuung, daß in Wien jeder ergänzen kann, wie
332 1971 1575 2089 als wurzle eine derartige Moral in diesem Boden.
1562 1975 3348 2091 und Berlin ganz dieselben Urteile darüber gesprochen vier Akte lang gedauert h
1561 2034 3364 2145 werden. „Das weite Land“ soll die Menschenseele sein.fragt sich, was denn eig
320 2000 3364 2199 * Schnitzler bewegt sich jahraus, jahrein in einer Um= Ebensogut ist die Seele die bekannte „Kettenbruck“ ...Ifolg“ machte. Dann tri
328 2064 3357 2241 gebung, die gewiß nichts weniger als „wienerisch“ ist. Und auch das könnte ein Hoteldirektor gesagt haben. ganze Blase der Familie
329 2121 3358 2306 Dort mag er die Figuren für sein neuestes Stück ge= Wo bleibt der Schnitzlersche Tiefsinn, der sich immer die heutzutage eben jed
329 2171 2584 2311 funden haben. Warum aber begeht er das Unrecht, repräsentiert, wie des Dichters Stirnlocke
2761 2260 3337 2337 aus dem Theater mit
320 2219 3352 2398 dieses internationale Plaidoyer für den Ehebruch zu schmachtend, aus Abgrundtiefen tauchend und rätsel= den Direktor, der mangels
312 2262 1562 2383 einem Wiener Stück umstempeln zu wollen? Ist
1546 2323 2315 2399 haft wie ein unlösbarer Rebus..
308 2315 1558 2429 dieser Herr Hofreiter mit seiner zerfressenen Schweinigl¬
2761 2378 3342 2445 nimmt, was ihm volle
314 2362 1562 2466 moral ein Wiener, weil er Hofreiter heißt und in Baden
1643 2388 3328 2495 Kurz gesagt, ist die Geschichte die: Ein widerlich sind die unverholenen E
315 2420 1561 2536 seine Villa hat? Ich glaube, weit eher paßt diese Moral
1541 2429 3314 2555 geiler Mensch, der keine anderen Sorgen hat, als die pikant; es wird sich je
318 2468 1545 2577 auf den literarischen Snob, der Theaterstücke schreibt,
1552 2472 3340 2616 Weiber, wird als Held in den Mittelpunkt der Hand=wollen, das an diesem
305 2500 1547 2624 die Weibchen austauscht wie ein Kaninchen und mit achtung¬
1539 2523 2942 2643 lung gestellt. Seine Brunst kennt keine Eheschranken und wurde.
312 2572 1547 2687 gebietender Unverschämtheit dieses Chaos für das Natür¬
1531 2567 2768 2663 kein Nächstenrecht, und auch das Mädel, das ihm in
331 2614 641 2688 liche ausgibt.
2850 2594 3334 2702 Allmählich wächst j
1541 2624 3335 2749 den Weg läuft, schnappt er damit weg. Das alles aber Truppe für solche Stücke
1538 2672 3341 2790 soll Seelentiefe oder =untiefe sein, Menschenschicksal. Zul keinen Wallenstein mehr
437 2674 3348 2852 Der Wiener ist leichtlebig, unbesonnen und genuß=meiner Zeit hieß man den Mann kurzweg einen Hamlet und keinen Fiesko,
300 2717 3337 2901 süchtig. Aber ihm liegt nichts ferner, als seine treiben= Schweinkerl ... Er verbittert seiner Frau das Dasein, ausgezeichneten Hofreiter
312 2771 2765 2927 den Kräfte und Säfte klügelnd zu analysieren, aus derser kennt weder Freundschaftsrespekt, noch das Recht der
2747 2861 3334 2940 mit einem stadtbekannten
300 2826 3341 2979 Unzucht gewaltsam eine Inzucht machen zu wollen. Wie jugendlichen Unverdorbenheit; er schießt auch den Lieb=somit für halbe Jungfraue
305 2871 3342 3041 dieser Herr Hofreiter und dieser Bankier Natter und haber seiner Frau nieder, angeblich, weil der seine Burgtheater wird immer
303 2913 3317 3104 diese klug daherschnatternde Jungfrau, die wiederum in Jugend zeigte. Wie diese unkomplizierte Wüstlingsnatur Retter gerufen, wird das
301 2970 2754 3124 dem Milieu wurzelt, welches dem „verwöhnten" Lieb=der Held einer Tragikomödie sein soll, bleibt unerfindlich,
2730 3067 3051 3140 Tode retten.
299 3019 2759 3126 ling der Damenwelt stetig vorschwebt. Ein Wiener noch unerfindlicher, wie der Mann eine Wiener Type
2845 3091 3336 3181 Soweit wären wir j
297 3067 3330 3248 Mädel ist leichtsinnig und wirft sich vielleicht auch ge=darbieten soll. Nebenbei wird noch geschmackloserweisetheater wirklich echte Port
296 3120 3332 3225 legentlich weg. Aber diese klügelnden Halbjungfrauen, ein alpenländischer Kraftmensch als interessante Spe=daß man mit derartigen
288 3168 3325 3329 die sind das Produkt jenes Literaturfnob, der gewalt=zialität hingestellt. Die anderen handelnden Personen muß. Und daß die kleine R
296 3210 3324 3394 sam eine eigene Richtung schuf, seine angefaulte Moral sind nur da, dem Helden das Piedestal abzugeben. Ueber wie eine alte Burgtheaterst
295 3278 3325 3435 in die Mode zu bringen, der in Theatercouloirs und indas Ganze ist die pikante Sauce eines bekannten land=Sprechweise hat, die sich
1232 3420 2988 3552 *Die heutige Aummer umfaßt 1e Heiten. —
