3344 4352
686 215 794 270 We
1389 196 1837 283 box 28/2
273 204 654 286 24. Das
505 217 1214 293 ana
352 409 1433 521 chnitt austrliner Bösen Heitung, Berlin
779 489 1211 571 Morgenausgabe
632 548 796 624 —
427 625 1320 694 Unser Wiener Korrespondent schreibt uns:
435 684 1425 733 Das Burgtheater=Publitum hatte vorgenern einen
391 710 1415 791 seiner großen Tage: galt es doch ein neues Weik von
379 756 1416 812 Arthur Schulklexaus der Tause zu heben. Das
373 789 1416 867 Burgtheakr hat aber auch alles geian, um dem
381 840 1420 885 Wiener Boden und Wiener Empfinden entspeossenen
375 872 1419 949 Dichter mit wahrhaft königlichen Ehren zu empfangen.
376 917 1411 989 Unter der feinsiunigen Regie Hugo Thimigs war eine
379 969 1414 1031 wahre Galavorstellung des „weiten Land“ zu¬
382 1000 1406 1073 standegekommen, eine Aufführung, welche dartat, daß
377 1047 1408 1110 auch die junge Garde des Burgtheaters ihren Mann
364 1064 1412 1145 stellt. Den sonderbaren Liebesschwärmer Hoft#iter,
387 1132 1417 1193 — der, für Kainz geschrieben, seiner Individnalnät
367 1151 1412 1233 angepaßt war und mit dem er sich noch auf seinem
366 1213 1416 1277 Krankenbette, das so bald zum Sterbelager werden
376 1247 1406 1318 sollte, beschäftigt hatte, — spielte Herr Korff nicht
358 1276 1412 1338 ganz aus dem Vollen heraus, aber doch mit richtiger
357 1336 1408 1399 Betonung des Herrenmenschen mit dm schars¬
357 1373 1402 1432 durchdringenden Blick. Nur daß er wohl allzusehr
362 1406 1408 1479 die Wienerische Note anschlug und dadurch die Grund¬
353 1468 1412 1516 linie des Charakters verschob. Eine feine Komposition
364 1498 1407 1566 war die Genia des Fräulein Lily Marberg, die
365 1533 1406 1604 den ihr durch die Moralbegrisse ihres Gatten
359 1570 1409 1646 förmlich abgerungenen Umschwung ihres Charakters
368 1617 1409 1686 überaus interessant vollzog. Den Glutrausch der
355 1661 1401 1707 Liebe des „übel behüteten“ Mädchens Erna zeichnete
368 1698 1411 1769 Fräulein Marie Hofteufel mit glühenden Farben
346 1740 1396 1806 und eigenartig herbem Reiz; sie verstand es, die
353 1784 1397 1846 wildbachartig schäumende Leidenschaft zu verhalten und
351 1813 1391 1890 ergriff fast mehr durch ihre Geste als durch ihr Wort,
354 1872 1387 1927 als sie während des Duells um das Leben des
354 1904 1398 1954 geliebten Freundes bangt. Die künstlerische Erb¬
361 1944 1388 2014 schaft Ernst Hartmanns trat Herr Devrient mit
353 1991 1392 2064 der so plötzlich übernommenen Rolle des Hotel¬
348 2017 1144 2096 direktors Aigner überaus glücklich
1176 2043 1274 2095 an;
359 2065 1388 2139 spielte diesen wunderlichen Kauz, diesen Ueber¬
349 2108 1387 2171 lebemann mit einem prächtig ironischen Ton. Mit
344 2161 1398 2216 einem Pauschallob müssen sich Frau Devrient¬
345 2193 1394 2253 [Reinhold, eine erheiternd schwatzhafte Frau Wahl,
344 2236 1389 2300 Frau Römpler=Bleibtren als, Schauspielerin
352 2274 1379 2354 Aigner, die Herren Gerasch, Paussen, Heine
346 2311 781 2374 und Thimig begnügen.
396 2360 1378 2406 Der Eindruck des Werkes war hier, wie bereits
340 2413 1383 2466 mein Telegramm meldete, ein tiefgehender und
335 2443 1385 2505 [Schnitzler, für den nach dem ersten Akte der
341 2484 1375 2547 Regisseur dankte, konnte vom zweiten Akte ab
342 2525 1383 2597 persönlich den immer lauter werdenden Hervorrusen
346 2558 624 2629 Folge leisten.
1156 2574 1350 2635 S. L.
447 2613 610 2671 —— —
319 2727 1490 2854 Ausschnitt awwiener Montags Journal, Wien
333 2856 491 2905 vom:
481 2883 767 3010 M1
391 3011 1523 3062 (Hofburgtheater.] „Das weite Land“ von Arthur Schnitz¬
288 3042 1540 3107 Vler.—Ein fünfaktiges Plaidoyer für den Ehebruch. Die Or#e¬
295 3082 1550 3140 nung ist unnatürlich, natürlich ist das Chaos. Und „Die Seele —
789 3126 1509 3175 hat einmal ein Dichter gesagt, es
299 3132 738 3182 ist ein weites Land
304 3166 1573 3232 kann auch ein Hokeldirektor geweien sein.“ Solche kommen= u
316 3221 1579 3272 tierende Aussprüche mögen paradox sein, geistreich kann man i
306 3265 1555 3314 sie nicht nennen. Das Stück ist in Schnitzlersches Milien ge¬ a
303 3314 1590 3352 taucht, das Milien um den Marimilianplatz herum, Moral= A
308 3335 1565 3395 theorie, die dramatische Geschicklichkeit und der bekannte Schnitz¬
314 3373 1536 3438 lersche Causerieplausch in auftretenden Personen lebendig
304 3429 1523 3480 machen sollen. Man spürt aber die Seelenlosigkeit dieser
301 3449 1516 3504 Seelentheorie und langweilt sich am Ende ... Das wird noch
316 3483 1529 3546 näher zu begründen sein. Vorläufig sei konstatiert, daß die
322 3540 1525 3586 Premiere dem Dichter zujubelte, während schon die zweite Vor¬
314 3586 1534 3632 stellung nur sehr matten Beifall gevoß. Trotzdem mit wenigen
1331 3602 1535 3672 gibt den
320 3614 1300 3664 Ausnahmen sehr gut gespielt wurde. Herr Korf
317 3656 1533 3703 alternden Leichtsinn sehr eindrucksvoll und versagt nur in den
309 3667 1551 3746 Wallungen der Zärtlichkeiten. Frl. Marberg spielt die
307 3716 1536 3778 stille Liebesdurstige in ihrer anmutigen Art, die rührend wirkt.
836 3775 1533 3824 Bleihtren und Wilke sagen
313 3774 840 3823 Die Damen Reinhold,
312 3810 1525 3869 in ihren nichtssagenden Rollen mehr, als sie zu sagen haben,
321 3859 1515 3900 Frl. Hofteufel viel weniger. Ansonst sind nur kleine Rollen,
307 3885 1523 3936 die natürlich alle gut besetzt sind. Die raffinierte Inszenierung
314 3920 1529 3972 täuscht zum Teil über die großen Mängel des Stückes hinweg
314 3960 1538 4020 und sie wird von dem Bühnenraffinement des Antors unter¬
318 3999 1521 4074 stützt. Das Stück könnte ebensogut „Viel Lärm um nichts“
320 4043 562 4115 heißen ...
419 4069 606 4137 —
2151 260 2570 332 Ausschnitt aus
2506 288 3044 378 Der Montag, Wien
2405 347 2690 437 60KE151!
2151 386 2337 440 vom:
2314 421 2539 474 K
2368 468 2999 565 Thegter und Kunst.
2258 534 3175 613 Burgiheatgs. „Das weite Land“ Tragikomödie
2198 580 3173 647 in fünf Aktge von Artur Schnitzler. Damit wir
2189 627 3166 695 #es gleich vorweg nehmen, #einErfolg, ein
2189 658 3161 730 ganzer Exfolg, den das Schnitzler sche „Lebensbild“
2221 706 3182 769 Sainstagim Burgthater erzielte, ob es sich auch in
2183 736 3177 807 Nr „ Liratur einen Platz zu erobern wissen wird,
2192 775 3171 835 das nchten wir lieber nicht beurteilen. Wir sagten
2199 827 3176 877 bas#„Lebensbild“ und haben mit diesem Worte
2197 857 3175 909 tigentlich schon die ganze Kritik zum Ausdruck
2193 906 3177 965 bracht. Ein Stück Leben ist es, das uns der
2183 939 3169 998 Dichter aus dem Höhental und aus den Dolomiten
2202 977 3172 1037 auf die Bühne des Burgtheaters transponiert hat,
2205 1015 3180 1072 und da er wahres, echtes ungeschminktes Leben
2198 1059 3178 1131 zeigt, so hat das neueste Werk Schnitzlers eben auch
2194 1094 3170 1156 alle guten und alle schlechten Seiten aufzuweisen,
2192 1123 3180 1199 die in der nahen Wirklichkeit dem unbeteiligten
2198 1169 3169 1231 Zuschauer in dem Leben irgendeiner bekannten
2198 1211 3171 1269 Familie sichtbar werden. Man blicke sich nur einmal
2201 1252 3161 1313 in seiner täglichen Umgebung um und man wird
2186 1298 3173 1343 dreizehn auf ein Dutzend finden, von der Sorte
2198 1316 3177 1391 tener, die uns der Dichter auf die Bühne gestellt
2191 1357 3167 1414 hat. Darin liegt eben der Erfolg des weiten
2199 1401 3022 1448 Landes (— weites Land ist unsere Seele
3060 1417 3168 1468 daß
2199 1435 3169 1506 hier ein Ausschnitt aus der uns allen stündlich vor
2202 1480 3171 1557 Augen seienden Wirklichkeit ohne jede dichterische
2196 1508 3172 1587 Zutat gezeigt wird, gleichsam als Spiegelbild unse¬
2198 1562 3164 1613 rer Zeit! Der Träger der Hauktrolle und damit
2197 1590 3177 1660 des Stückes war Herr Korff. Er gab den Fabrikan¬
2184 1635 3165 1705 ten Hofreitter, den Mann der eleganten Welt, mit
2186 1670 3166 1737 der ein bißerl „schlamperten“ Moral, dem alle
2191 1710 3169 1778 ethischen Begriffe gleichgültig sind, bis zu dem
2198 1746 3159 1812 Moment in dem zur Abwechslung einmal seine
2190 1784 3162 1856 Frau ihn betrügt, mit überzeugendster Wahrheit.
2185 1828 3154 1891 Ergreifend brachte Fräulein Marberg die hohe,
2194 1865 3159 1931 kühle, keusche Frau, das liebeheischende und liebe¬
2184 1906 3159 1973 spendende Weib und die sehnsüchtige Mutter zum
2191 1946 3163 1997 Ausdruck. Gut wirkt Herr Paulsen als Raison¬
2182 1972 3163 2049 neur in der Rolle des Dr. Maurer und auch die
2157 2062 3132 2158 übrigen Hexren und Damen in diesem rollenreichen
2161 2105 3135 2198 Werk gaben ihr Bestes, so daß man ruhig sagen
2139 2130 3021 2237 kann die Aufführung war eine mustergültige.
1990 2621 2408 2691 Ausschnitt aus:
2353 2640 3102 2745 Montags-piätt (publ. Btät.), Wien
2107 2685 2500 2765 Oktüben I.
2077 2748 2157 2789 11
2014 2737 3109 2820 (Burgtheater.) Zum erstenmal: „Das weite Land“.Tragik¬
1898 2794 3114 2856 komödie in fünf Akten, von Artur Schnitzler. „Die Seele ist
1898 2836 3114 2892 ein weites Land, wie ein Dichter es eimatausdrückte“ Ein
1901 2876 3111 2946 Hoteldirektor, Herr Doktor von Aigner ist es, der also im dritten
1894 2913 3118 2988 Akte der Novität spricht. Der Dichter führt uns eine ganze Reihe
1904 2959 3120 3025 verschiedener in ihren Seelen komplizierter Menschen vor. Als echt
1903 3002 3117 3059 österreichischer Dichter zeigt er uns alle diese Menschen in durch¬
1902 3044 3122 3092 wegs sterreichischen Milieu und fesselt damit unser Interesse umö
1907 3072 3118 3152 so mhr. Schnitzler hat da ein außerordentlich interessantes Stück
1899 3111 3127 3191 geschaffen, in dem er mit der ihm eigenen spielerischen Leichtigkeit
1905 3157 3118 3226 sich an die Lösung schwieriger Probleme macht. Das Publikum
1910 3207 3119 3262 folgt dem Dichter willig und bereitete ihn einen großen Erfolg.
1902 3236 3117 3304 Die Darstellung war auf das sorgfältigste vorbereitet und durch¬
1911 3281 3126 3345 aus gelungen. Die Rolle Hartmann's spielte Herr Devrient
1911 3324 3120 3387 sehr wirksam. Die männliche Hauptrolle lag in den Händen
1906 3361 3125 3424 Korffs Man war überrascht, wie glänzend er seine Aufgabe
1904 3397 3121 3475 löste. Dieser Künstler spielt sich immer höher und höher hinauf.
1912 3439 3132 3503 Auf die Damen Bleibtreu, Marberg und Hofhufel
1912 3492 3126 3538 und die Herren Thimig, Zeska, Heine, Paulse,n,
1908 3518 3128 3589 Treßler und Gerasch waren vorzüglich. Es war eine über¬
1935 3565 3137 3619 ius abgerundete Vorstellung, wie man sie im Burgtheater lange
1943 3601 3128 3683 icht gesehen. Der Dichter wurde ungezähltez Male Hox dey Vor¬
1938 3653 2211 3719 ing gerufen.
2761 4110 2998 4190 ——
