<?xml version="1.0" encoding="UTF-8" standalone="yes"?>
<PcGts xmlns="http://schema.primaresearch.org/PAGE/gts/pagecontent/2013-07-15" xmlns:xsi="http://www.w3.org/2001/XMLSchema-instance" xsi:schemaLocation="http://schema.primaresearch.org/PAGE/gts/pagecontent/2013-07-15 http://schema.primaresearch.org/PAGE/gts/pagecontent/2013-07-15/pagecontent.xsd">
    <Metadata>
        <Creator>prov=University of Rostock/Institute of Mathematics/CITlab/Gundram Leifert/gundram.leifert@uni-rostock.de:name=ONB_Newseye_GT_M1+(htr_id=10810)::::v=2.4.2
prov=University of Rostock/Institute of Mathematics/CITlab/Tobias Gruening/tobias.gruening@uni-rostock.de:name=de.uros.citlab.module.baseline2polygon.B2PSeamMultiOriented:v=2.4.2
prov=University of Rostock/Institute of Mathematics/CITlab/Tobias Gruening/tobias.gruening@uni-rostock.de:name=/mnt/transkribus/LA/DEA/URO/LA_news_onb_att.pb:de.uros.citlab.segmentation.CITlab_LA_ML:v=2.4.2
Transkribus</Creator>
        <Created>2019-10-07T11:13:42.231+02:00</Created>
        <LastChange>2019-10-08T02:02:59.411+02:00</LastChange>
        <TranskribusMetadata docId="223964" pageId="9496251" pageNr="359" tsid="16496508" status="IN_PROGRESS" userId="40391" imgUrl="https://files.transkribus.eu/Get?id=EVXSHZYYMGEUWDYLJYDYTAXC&amp;fileType=view" xmlUrl="https://files.transkribus.eu/Get?id=EZLZALUPLGDSDIFTMKTDSOIM" imageId="6186478"/>
    </Metadata>
    <Page imageFilename="223964_0359.jpeg" imageWidth="3392" imageHeight="4320">
        <ReadingOrder>
            <OrderedGroup id="ro_1711441754142" caption="Regions reading order">
                <RegionRefIndexed index="0" regionRef="r1"/>
                <RegionRefIndexed index="1" regionRef="r2"/>
                <RegionRefIndexed index="2" regionRef="r3"/>
            </OrderedGroup>
        </ReadingOrder>
        <TextRegion orientation="0.0" id="r1" custom="readingOrder {index:0;}">
            <Coords points="296,167 296,234 1239,234 1239,167"/>
            <TextLine id="r1l1" custom="readingOrder {index:0;}">
                <Coords points="710,201 725,201 730,206 743,201 749,207 765,199 781,206 816,203 817,157 805,160 793,156 782,161 757,145 744,146 732,159 710,156"/>
                <Baseline points="716,195 747,195 778,194 810,197"/>
                <TextEquiv>
                    <Unicode>WE</Unicode>
                </TextEquiv>
            </TextLine>
            <TextLine id="r1l2" custom="readingOrder {index:1;}">
                <Coords points="290,198 891,243 1246,226 1246,204 1006,192 730,206 534,138 445,180 395,142 292,140"/>
                <Baseline points="296,187 343,192 390,197 437,201 484,204 531,208 578,211 626,213 673,215 720,216 767,218 814,219 861,220 908,221 956,221 1003,222 1050,222 1097,222 1144,223 1191,223 1239,224"/>
                <TextEquiv>
                    <Unicode>24. Da S   esste e e tee ete e</Unicode>
                </TextEquiv>
            </TextLine>
            <TextEquiv>
                <Unicode>WE
24. Da S   esste e e tee ete e</Unicode>
            </TextEquiv>
        </TextRegion>
        <TextRegion orientation="0.0" id="r2" custom="readingOrder {index:1;}">
            <Coords points="1414,101 1414,260 1838,260 1838,101"/>
            <TextLine id="r2l1" custom="readingOrder {index:0;}">
                <Coords points="1407,220 1472,211 1506,225 1589,207 1744,230 1845,210 1846,161 1820,153 1647,154 1607,188 1563,164 1499,166 1443,148 1409,169"/>
                <Baseline points="1414,202 1440,201 1467,201 1493,202 1520,202 1546,203 1573,204 1599,205 1626,206 1652,207 1679,208 1705,209 1732,209 1758,210 1785,210 1811,209 1838,209"/>
                <TextEquiv>
                    <Unicode>box 29/1</Unicode>
                </TextEquiv>
            </TextLine>
            <TextEquiv>
                <Unicode>box 29/1</Unicode>
            </TextEquiv>
        </TextRegion>
        <TextRegion orientation="0.0" id="r3" custom="readingOrder {index:2;}">
            <Coords points="1976,120 1976,4050 3104,4050 3104,120"/>
            <TextLine id="r3l1" custom="readingOrder {index:0;}">
                <Coords points="2147,143 3089,190 3112,156 2774,154 2704,120 2342,119 2304,95 2148,116"/>
                <Baseline points="2153,140 2200,140 2248,141 2295,143 2343,145 2390,147 2438,149 2485,151 2533,153 2580,156 2628,158 2676,161 2723,164 2771,166 2818,168 2866,170 2913,172 2961,174 3008,175 3056,176 3104,176"/>
                <TextEquiv>
                    <Unicode>ee ernischt und. Aber als eines</Unicode>
                </TextEquiv>
            </TextLine>
            <TextLine id="r3l2" custom="readingOrder {index:1;}">
                <Coords points="2130,187 3105,223 3106,193 2981,173 2132,147"/>
                <Baseline points="2137,178 2185,180 2233,181 2281,183 2329,185 2377,187 2425,189 2473,191 2521,193 2569,195 2618,198 2666,200 2714,202 2762,204 2810,206 2858,208 2906,210 2954,212 3002,213 3050,215 3099,217"/>
                <TextEquiv>
                    <Unicode>Tages ein guter Freund des Hauses, ein junger</Unicode>
                </TextEquiv>
            </TextLine>
            <TextLine id="r3l3" custom="readingOrder {index:2;}">
                <Coords points="2129,217 3111,245 2881,207 2130,187"/>
                <Baseline points="2135,218 2183,219 2231,220 2280,221 2328,223 2377,224 2425,226 2474,228 2522,230 2571,232 2619,234 2667,236 2716,239 2764,241 2813,243 2861,245 2910,247 2958,249 3007,250 3055,252 3104,253"/>
                <TextEquiv>
                    <Unicode>Klaviervirtnose, sich erschießt, weil ihn Frau Genia</Unicode>
                </TextEquiv>
            </TextLine>
            <TextLine id="r3l4" custom="readingOrder {index:3;}">
                <Coords points="2131,254 3044,301 3105,295 3106,268 2132,226"/>
                <Baseline points="2137,253 2185,255 2233,256 2281,258 2329,260 2377,262 2425,263 2473,265 2521,267 2569,269 2618,271 2666,274 2714,276 2762,278 2810,279 2858,282 2906,284 2954,286 3002,288 3050,291 3099,293"/>
                <TextEquiv>
                    <Unicode>nicht erhörte, bringt diese Tugendhaftigkeit seiner</Unicode>
                </TextEquiv>
            </TextLine>
            <TextLine id="r3l5" custom="readingOrder {index:4;}">
                <Coords points="2120,295 2829,307 3056,341 3102,307 2121,260"/>
                <Baseline points="2126,291 2174,292 2222,293 2271,295 2319,297 2368,299 2416,301 2465,303 2513,305 2562,307 2610,309 2658,311 2707,313 2755,315 2804,316 2852,318 2901,320 2949,322 2998,323 3046,324 3095,325"/>
                <TextEquiv>
                    <Unicode>Frau den leichtherzigen Hofreiter in nicht geringe</Unicode>
                </TextEquiv>
            </TextLine>
            <TextLine id="r3l6" custom="readingOrder {index:5;}">
                <Coords points="2124,323 3074,379 3107,350 2125,298"/>
                <Baseline points="2130,326 2178,328 2227,330 2275,331 2324,334 2372,336 2421,338 2469,340 2518,343 2566,345 2615,347 2663,349 2712,352 2760,353 2809,356 2857,358 2906,360 2954,362 3003,364 3051,366 3100,367"/>
                <TextEquiv>
                    <Unicode>Verlegenheit. Er fühlt sich unbehaglich neben ihr,</Unicode>
                </TextEquiv>
            </TextLine>
            <TextLine id="r3l7" custom="readingOrder {index:6;}">
                <Coords points="2119,364 2939,413 3109,394 2889,355 2121,320"/>
                <Baseline points="2125,364 2173,365 2222,366 2271,368 2320,370 2369,372 2418,375 2466,376 2515,379 2564,382 2613,385 2662,387 2711,389 2760,392 2808,394 2857,396 2906,398 2955,399 3004,401 3053,402 3102,402"/>
                <TextEquiv>
                    <Unicode>flieht ihre Nähe und fängt auf einem Abstecher in</Unicode>
                </TextEquiv>
            </TextLine>
            <TextLine id="r3l8" custom="readingOrder {index:7;}">
                <Coords points="2120,410 3052,453 3100,425 2122,372"/>
                <Baseline points="2126,401 2174,403 2222,405 2271,407 2319,409 2367,411 2416,413 2464,416 2512,418 2561,420 2609,422 2657,424 2706,427 2754,429 2802,431 2851,433 2899,435 2947,437 2996,439 3044,440 3093,442"/>
                <TextEquiv>
                    <Unicode>die Schweiz schleunigst eine neue Liebschaft an, die</Unicode>
                </TextEquiv>
            </TextLine>
            <TextLine id="r3l9" custom="readingOrder {index:8;}">
                <Coords points="2120,446 3106,471 3011,438 2122,408"/>
                <Baseline points="2127,442 2175,443 2224,445 2272,446 2321,448 2370,450 2418,452 2467,454 2515,456 2564,458 2613,461 2661,463 2710,465 2758,467 2807,468 2856,470 2904,472 2953,474 3001,475 3050,476 3099,477"/>
                <TextEquiv>
                    <Unicode>nach seinem Willen sogar zur Ehe führen soll. Frau</Unicode>
                </TextEquiv>
            </TextLine>
            <TextLine id="r3l10" custom="readingOrder {index:9;}">
                <Coords points="2118,481 3032,525 3089,519 3091,488 2119,447"/>
                <Baseline points="2125,478 2172,479 2220,480 2268,481 2316,483 2364,485 2412,487 2460,489 2508,492 2556,495 2604,497 2651,500 2699,501 2747,504 2795,505 2843,507 2891,509 2939,510 2987,511 3035,511 3083,511"/>
                <TextEquiv>
                    <Unicode>Genia, von ihrem Gatten so oft durch Untreue be¬</Unicode>
                </TextEquiv>
            </TextLine>
            <TextLine id="r3l11" custom="readingOrder {index:10;}">
                <Coords points="2114,519 3097,556 3098,521 3005,506 2115,485"/>
                <Baseline points="2121,516 2169,517 2218,518 2266,520 2315,522 2363,524 2412,526 2460,528 2509,531 2557,533 2606,535 2654,537 2703,540 2751,541 2800,543 2848,545 2897,547 2945,548 2994,550 3042,551 3091,551"/>
                <TextEquiv>
                    <Unicode>leidigt, fängt unterdes daheim nun auch eine Lieb¬</Unicode>
                </TextEquiv>
            </TextLine>
            <TextLine id="r3l12" custom="readingOrder {index:11;}">
                <Coords points="2116,556 3051,602 3108,566 2117,517"/>
                <Baseline points="2122,553 2173,554 2225,556 2276,558 2328,559 2379,562 2431,564 2482,566 2534,569 2585,571 2637,574 2688,576 2740,579 2791,581 2843,583 2894,585 2946,587 2997,588 3049,589 3101,590"/>
                <TextEquiv>
                    <Unicode>schaft mit einem grünen Jungen an, einem Marine¬</Unicode>
                </TextEquiv>
            </TextLine>
            <TextLine id="r3l13" custom="readingOrder {index:12;}">
                <Coords points="2117,595 3052,641 3101,607 2119,555"/>
                <Baseline points="2123,590 2171,592 2220,593 2268,595 2317,597 2365,600 2414,602 2462,604 2511,606 2559,609 2608,611 2657,613 2705,616 2754,618 2802,620 2851,622 2899,623 2948,626 2996,627 3045,629 3094,630"/>
                <TextEquiv>
                    <Unicode>fähnrich. Hofreiter, kopflos geworden durch seine</Unicode>
                </TextEquiv>
            </TextLine>
            <TextLine id="r3l14" custom="readingOrder {index:13;}">
                <Coords points="2119,635 3096,665 2961,624 2121,598"/>
                <Baseline points="2125,626 2173,628 2221,630 2269,632 2317,634 2366,636 2414,639 2462,641 2510,644 2558,646 2607,648 2655,650 2703,653 2751,655 2799,657 2848,659 2896,660 2944,662 2992,663 3040,665 3089,666"/>
                <TextEquiv>
                    <Unicode>jüngste Aventiure, kehrt heim und gerät völlig aus</Unicode>
                </TextEquiv>
            </TextLine>
            <TextLine id="r3l15" custom="readingOrder {index:14;}">
                <Coords points="2102,666 3096,706 3009,666 2103,635"/>
                <Baseline points="2108,664 2157,666 2206,668 2255,671 2304,673 2353,675 2402,677 2451,680 2500,683 2549,685 2598,687 2647,689 2696,691 2745,693 2794,696 2843,698 2892,699 2941,702 2990,703 3039,706 3089,708"/>
                <TextEquiv>
                    <Unicode>dem Gleichgewicht seiner gewohnten Gleichgültigkeit,</Unicode>
                </TextEquiv>
            </TextLine>
            <TextLine id="r3l16" custom="readingOrder {index:15;}">
                <Coords points="2108,699 2924,751 3067,750 3094,723 2109,672"/>
                <Baseline points="2115,703 2163,706 2212,708 2260,710 2309,712 2358,714 2406,716 2455,718 2503,720 2552,721 2601,723 2649,725 2698,727 2746,729 2795,731 2844,733 2892,735 2941,738 2989,741 3038,744 3087,748"/>
                <TextEquiv>
                    <Unicode>wo er doch — nach seinem Sittenkodex — zufrieden</Unicode>
                </TextEquiv>
            </TextLine>
            <TextLine id="r3l17" custom="readingOrder {index:16;}">
                <Coords points="2115,747 3000,793 3099,759 2117,703"/>
                <Baseline points="2121,740 2169,742 2218,745 2266,747 2315,750 2363,753 2412,755 2460,756 2509,759 2557,760 2606,762 2655,764 2703,765 2752,768 2800,769 2849,771 2897,773 2946,774 2994,777 3043,779 3092,781"/>
                <TextEquiv>
                    <Unicode>sein könnte, daß Frau Genia sich endlich revanchiert</Unicode>
                </TextEquiv>
            </TextLine>
            <TextLine id="r3l18" custom="readingOrder {index:17;}">
                <Coords points="2101,775 2898,824 3100,806 2102,751"/>
                <Baseline points="2107,776 2156,779 2205,782 2254,784 2304,787 2353,789 2402,791 2452,793 2501,796 2550,798 2600,800 2649,802 2698,804 2747,806 2797,808 2846,810 2895,812 2945,814 2994,815 3043,818 3093,820"/>
                <TextEquiv>
                    <Unicode>und ihn nicht mehr beschämt durch ihre Tugend und</Unicode>
                </TextEquiv>
            </TextLine>
            <TextLine id="r3l19" custom="readingOrder {index:18;}">
                <Coords points="2106,815 3092,869 3094,831 2991,813 2108,786"/>
                <Baseline points="2113,812 2161,816 2210,820 2259,823 2307,825 2356,828 2405,831 2453,834 2502,835 2551,837 2600,839 2648,841 2697,842 2746,844 2794,846 2843,847 2892,849 2940,851 2989,854 3038,856 3087,859"/>
                <TextEquiv>
                    <Unicode>Treue. Er fordert den Fähnrich heraus und schießt</Unicode>
                </TextEquiv>
            </TextLine>
            <TextLine id="r3l20" custom="readingOrder {index:19;}">
                <Coords points="2101,853 2930,904 3040,901 3073,866 2648,841 2565,863 2497,833 2102,817"/>
                <Baseline points="2107,853 2157,855 2207,857 2258,860 2308,862 2359,865 2409,867 2460,870 2510,872 2561,875 2611,877 2662,879 2712,881 2763,883 2813,885 2864,887 2914,889 2965,891 3015,892 3066,893"/>
                <TextEquiv>
                    <Unicode>ihn über den Haufen. „Wenn es Haß wäre —</Unicode>
                </TextEquiv>
            </TextLine>
            <TextLine id="r3l21" custom="readingOrder {index:20;}">
                <Coords points="2103,895 2401,919 2517,911 2536,924 2604,916 2606,878 2500,873 2468,888 2395,862 2370,876 2267,861 2225,878 2178,858 2104,861"/>
                <Baseline points="2109,890 2134,890 2160,891 2186,892 2211,892 2237,894 2263,895 2289,896 2314,898 2340,899 2366,901 2392,902 2417,904 2443,905 2469,906 2495,907 2520,908 2546,909 2572,909 2598,909"/>
                <TextEquiv>
                    <Unicode>Wut — Eifersucht — Liebe.“</Unicode>
                </TextEquiv>
            </TextLine>
            <TextLine id="r3l22" custom="readingOrder {index:21;}">
                <Coords points="2661,920 2779,937 2805,924 2894,939 3088,932 3088,914 3052,900 2931,904 2912,891 2872,901 2844,890 2821,901 2791,885 2761,901 2721,876 2662,899"/>
                <Baseline points="2668,917 2693,919 2719,921 2745,922 2771,923 2797,924 2823,925 2849,926 2875,926 2900,926 2926,927 2952,927 2978,927 3004,928 3030,929 3056,930 3082,931"/>
                <TextEquiv>
                    <Unicode>„Na ja, von dem ver¬</Unicode>
                </TextEquiv>
            </TextLine>
            <TextLine id="r3l23" custom="readingOrder {index:22;}">
                <Coords points="2102,941 3071,986 3089,940 2104,894"/>
                <Baseline points="2109,930 2157,931 2206,932 2254,934 2303,936 2352,938 2400,941 2449,943 2498,946 2546,948 2595,951 2644,954 2692,956 2741,959 2790,961 2838,963 2887,965 2936,966 2984,968 3033,969 3082,969"/>
                <TextEquiv>
                    <Unicode>spür ich allerdings verdammt wenig. Aber man will</Unicode>
                </TextEquiv>
            </TextLine>
            <TextLine id="r3l24" custom="readingOrder {index:23;}">
                <Coords points="2088,975 3086,1020 3087,991 2984,967 2089,950"/>
                <Baseline points="2095,966 2144,969 2193,971 2242,974 2292,977 2341,979 2390,981 2439,984 2489,986 2538,988 2587,990 2636,992 2686,995 2735,997 2784,999 2833,1001 2883,1002 2932,1004 2981,1005 3030,1007 3080,1008"/>
                <TextEquiv>
                    <Unicode>doch nicht der Tropf sein.“ Genia flieht den „Mörder“,</Unicode>
                </TextEquiv>
            </TextLine>
            <TextLine id="r3l25" custom="readingOrder {index:24;}">
                <Coords points="2146,1009 2930,1056 3093,1037 2959,1007 2147,980"/>
                <Baseline points="2152,1008 2198,1011 2245,1014 2292,1016 2338,1018 2385,1021 2432,1023 2478,1025 2525,1027 2572,1030 2619,1031 2665,1033 2712,1035 2759,1037 2805,1039 2852,1041 2899,1043 2945,1045 2992,1047 3039,1049 3086,1051"/>
                <TextEquiv>
                    <Unicode>Ein unentwegter Schildträger Schnitzlers hat vor</Unicode>
                </TextEquiv>
            </TextLine>
            <TextLine id="r3l26" custom="readingOrder {index:25;}">
                <Coords points="2090,1055 2122,1048 2130,1054 2138,1049 2148,1057 2150,1054 2163,1053 2164,1010 2154,1008 2140,1014 2128,1006 2124,1009 2112,1009 2108,1013 2099,1004 2092,1003"/>
                <Baseline points="2097,1044 2127,1042 2157,1046"/>
                <TextEquiv>
                    <Unicode>ein</Unicode>
                </TextEquiv>
            </TextLine>
            <TextLine id="r3l27" custom="readingOrder {index:26;}">
                <Coords points="2167,1052 3038,1097 3084,1091 3086,1048 2167,1029"/>
                <Baseline points="2173,1052 2218,1053 2263,1055 2308,1056 2354,1058 2399,1060 2444,1061 2489,1063 2535,1065 2580,1067 2625,1069 2670,1070 2716,1073 2761,1074 2806,1077 2851,1078 2897,1080 2942,1082 2987,1084 3032,1086 3078,1087"/>
                <TextEquiv>
                    <Unicode>paar Tagen in einem Blatte diese fünf Akte</Unicode>
                </TextEquiv>
            </TextLine>
            <TextLine id="r3l28" custom="readingOrder {index:27;}">
                <Coords points="2085,1101 3080,1118 2965,1080 2087,1061"/>
                <Baseline points="2092,1084 2141,1086 2190,1087 2239,1089 2288,1092 2337,1094 2386,1095 2435,1098 2484,1100 2533,1103 2582,1105 2631,1108 2680,1110 2729,1113 2778,1115 2827,1117 2876,1119 2925,1121 2974,1122 3023,1124 3073,1125"/>
                <TextEquiv>
                    <Unicode>schlechter psychologischer Parterregymnastik mit Ibsen</Unicode>
                </TextEquiv>
            </TextLine>
            <TextLine id="r3l29" custom="readingOrder {index:28;}">
                <Coords points="2090,1123 3074,1167 3075,1127 2091,1090"/>
                <Baseline points="2096,1121 2144,1123 2193,1126 2241,1129 2290,1131 2339,1134 2387,1136 2436,1139 2484,1141 2533,1143 2582,1145 2630,1147 2679,1149 2727,1151 2776,1153 2825,1155 2873,1158 2922,1160 2970,1161 3019,1163 3068,1165"/>
                <TextEquiv>
                    <Unicode>in einem Atem genannt. Mir scheint, ein Vergleich</Unicode>
                </TextEquiv>
            </TextLine>
            <TextLine id="r3l30" custom="readingOrder {index:29;}">
                <Coords points="2084,1166 2909,1187 2960,1215 3080,1191 2993,1162 2085,1128"/>
                <Baseline points="2090,1158 2139,1162 2188,1165 2237,1168 2286,1170 2335,1173 2384,1175 2434,1177 2483,1179 2532,1181 2581,1183 2630,1184 2679,1187 2728,1188 2778,1190 2827,1193 2876,1195 2925,1197 2974,1200 3023,1203 3073,1207"/>
                <TextEquiv>
                    <Unicode>mit der Gott sei Dank! überwundenen Dänin</Unicode>
                </TextEquiv>
            </TextLine>
            <TextLine id="r3l31" custom="readingOrder {index:30;}">
                <Coords points="2092,1205 3076,1229 3001,1200 2094,1167"/>
                <Baseline points="2099,1200 2147,1201 2196,1202 2244,1204 2293,1205 2341,1208 2390,1209 2438,1211 2487,1214 2535,1216 2584,1218 2632,1221 2681,1223 2729,1226 2778,1228 2826,1230 2875,1233 2923,1235 2972,1237 3020,1239 3069,1241"/>
                <TextEquiv>
                    <Unicode>Karin Michaelis liegt beträchtlich näher. Die</Unicode>
                </TextEquiv>
            </TextLine>
            <TextLine id="r3l32" custom="readingOrder {index:31;}">
                <Coords points="2085,1234 3066,1297 3075,1249 2086,1201"/>
                <Baseline points="2090,1239 2138,1240 2187,1242 2236,1243 2285,1245 2334,1248 2383,1250 2431,1252 2480,1255 2529,1258 2578,1259 2627,1262 2676,1265 2725,1267 2773,1269 2822,1271 2871,1273 2920,1275 2969,1276 3018,1277 3067,1278"/>
                <TextEquiv>
                    <Unicode>Seele ein weites Land? Von der „Seele“ kann doch</Unicode>
                </TextEquiv>
            </TextLine>
            <TextLine id="r3l33" custom="readingOrder {index:32;}">
                <Coords points="2084,1273 3001,1324 3061,1321 3063,1293 2086,1235"/>
                <Baseline points="2090,1273 2138,1275 2186,1278 2234,1280 2283,1283 2331,1285 2379,1287 2427,1289 2476,1291 2524,1294 2572,1296 2620,1298 2669,1300 2717,1302 2765,1305 2813,1307 2862,1310 2910,1312 2958,1315 3006,1317 3055,1320"/>
                <TextEquiv>
                    <Unicode>hier nur die Rede sein als von dem Oedland in der</Unicode>
                </TextEquiv>
            </TextLine>
            <TextLine id="r3l34" custom="readingOrder {index:33;}">
                <Coords points="2082,1316 3066,1356 2984,1314 2084,1281"/>
                <Baseline points="2089,1311 2137,1313 2186,1317 2234,1320 2283,1322 2331,1325 2380,1327 2428,1329 2477,1331 2525,1333 2574,1335 2622,1337 2671,1339 2719,1341 2768,1343 2816,1345 2865,1348 2913,1350 2962,1352 3010,1355 3059,1358"/>
                <TextEquiv>
                    <Unicode>Brust eines sittlich entarteten Genüß#gs. Und auch</Unicode>
                </TextEquiv>
            </TextLine>
            <TextLine id="r3l35" custom="readingOrder {index:34;}">
                <Coords points="2078,1361 3057,1402 3050,1361 2866,1343 2815,1371 2772,1344 2080,1315"/>
                <Baseline points="2085,1350 2133,1353 2181,1355 2229,1358 2278,1360 2326,1362 2374,1365 2423,1367 2471,1369 2519,1372 2568,1374 2616,1376 2664,1379 2712,1380 2761,1383 2809,1384 2857,1386 2906,1388 2954,1389 3002,1391 3051,1392"/>
                <TextEquiv>
                    <Unicode>die femme de trente ans, Frau Genia, scheint ihre</Unicode>
                </TextEquiv>
            </TextLine>
            <TextLine id="r3l36" custom="readingOrder {index:35;}">
                <Coords points="2076,1389 2823,1438 3034,1438 3065,1400 2077,1362"/>
                <Baseline points="2082,1393 2130,1393 2179,1394 2228,1396 2277,1397 2325,1399 2374,1401 2423,1403 2472,1406 2520,1409 2569,1411 2618,1414 2667,1416 2715,1418 2764,1421 2813,1423 2862,1425 2910,1426 2959,1427 3008,1428 3057,1428"/>
                <TextEquiv>
                    <Unicode>eheliche Treue neben einem Hofreiter mehr als einen</Unicode>
                </TextEquiv>
            </TextLine>
            <TextLine id="r3l37" custom="readingOrder {index:36;}">
                <Coords points="2077,1430 3064,1464 3065,1439 2840,1450 2759,1413 2079,1391"/>
                <Baseline points="2084,1429 2132,1431 2181,1434 2230,1436 2278,1437 2327,1440 2376,1441 2424,1443 2473,1446 2522,1448 2571,1450 2619,1452 2668,1454 2717,1456 2765,1457 2814,1460 2863,1462 2911,1464 2960,1466 3009,1467 3058,1469"/>
                <TextEquiv>
                    <Unicode>interessanten Sport angesehen zu haben. Sie weiß</Unicode>
                </TextEquiv>
            </TextLine>
            <TextLine id="r3l38" custom="readingOrder {index:37;}">
                <Coords points="2070,1469 3057,1507 2983,1466 2430,1469 2072,1430"/>
                <Baseline points="2076,1467 2124,1469 2173,1470 2222,1472 2271,1474 2319,1476 2368,1478 2417,1480 2466,1483 2514,1485 2563,1487 2612,1490 2661,1492 2709,1495 2758,1497 2807,1499 2856,1500 2904,1502 2953,1503 3002,1504 3051,1505"/>
                <TextEquiv>
                    <Unicode>durch den Freund und Hausarzt von allen Lieb¬</Unicode>
                </TextEquiv>
            </TextLine>
            <TextLine id="r3l39" custom="readingOrder {index:38;}">
                <Coords points="2074,1511 3057,1545 3000,1506 2733,1520 2076,1470"/>
                <Baseline points="2081,1506 2129,1507 2178,1509 2226,1510 2275,1512 2323,1514 2372,1517 2420,1520 2469,1522 2517,1525 2566,1528 2614,1530 2663,1532 2711,1534 2760,1537 2808,1538 2857,1540 2905,1541 2954,1541 3002,1541 3051,1541"/>
                <TextEquiv>
                    <Unicode>schaften ihres Mannes, geht sogar mit seinen Ge¬</Unicode>
                </TextEquiv>
            </TextLine>
            <TextLine id="r3l40" custom="readingOrder {index:39;}">
                <Coords points="2074,1547 3028,1595 3062,1557 2076,1510"/>
                <Baseline points="2081,1542 2129,1544 2178,1546 2226,1548 2275,1550 2324,1552 2372,1555 2421,1558 2470,1560 2518,1562 2567,1565 2616,1567 2664,1569 2713,1572 2762,1574 2810,1576 2859,1577 2908,1578 2956,1580 3005,1580 3054,1581"/>
                <TextEquiv>
                    <Unicode>liebten gesellschaftlich um. Kann man da noch von</Unicode>
                </TextEquiv>
            </TextLine>
            <TextLine id="r3l41" custom="readingOrder {index:40;}">
                <Coords points="2070,1582 2946,1632 3059,1598 2071,1548"/>
                <Baseline points="2076,1579 2124,1582 2173,1583 2222,1586 2271,1588 2319,1590 2368,1593 2417,1596 2466,1598 2514,1600 2563,1603 2612,1605 2661,1608 2709,1610 2758,1612 2807,1614 2856,1615 2904,1617 2953,1618 3002,1619 3051,1620"/>
                <TextEquiv>
                    <Unicode>Seele reden? Ja, weitherzig sind diese beiden</Unicode>
                </TextEquiv>
            </TextLine>
            <TextLine id="r3l42" custom="readingOrder {index:41;}">
                <Coords points="2054,1623 3039,1672 3056,1620 2056,1594"/>
                <Baseline points="2061,1616 2110,1617 2159,1618 2208,1620 2258,1622 2307,1624 2356,1627 2406,1631 2455,1633 2504,1636 2554,1639 2603,1642 2652,1645 2701,1648 2751,1650 2800,1652 2849,1654 2899,1655 2948,1656 2997,1656 3047,1656"/>
                <TextEquiv>
                    <Unicode>Leute und von einem fast pervers zu nennenden</Unicode>
                </TextEquiv>
            </TextLine>
            <TextLine id="r3l43" custom="readingOrder {index:42;}">
                <Coords points="2053,1651 3053,1709 3055,1665 2055,1628"/>
                <Baseline points="2060,1654 2109,1656 2158,1658 2208,1660 2257,1663 2306,1665 2356,1668 2405,1670 2454,1673 2504,1675 2553,1678 2602,1680 2652,1683 2701,1685 2750,1687 2800,1690 2849,1691 2898,1693 2948,1694 2997,1695 3047,1696"/>
                <TextEquiv>
                    <Unicode>Empfinden. Wie gesagt: Produktionen auf dem</Unicode>
                </TextEquiv>
            </TextLine>
            <TextLine id="r3l44" custom="readingOrder {index:43;}">
                <Coords points="2064,1704 3003,1749 3055,1708 2065,1667"/>
                <Baseline points="2070,1697 2118,1698 2167,1700 2216,1701 2265,1703 2314,1705 2363,1706 2412,1709 2461,1711 2510,1713 2559,1715 2607,1717 2656,1719 2705,1722 2754,1724 2803,1726 2852,1729 2901,1730 2950,1733 2999,1734 3048,1736"/>
                <TextEquiv>
                    <Unicode>psychologischen, nein pathologischen Seil. Ein</Unicode>
                </TextEquiv>
            </TextLine>
            <TextLine id="r3l45" custom="readingOrder {index:44;}">
                <Coords points="2059,1747 2920,1769 2827,1726 2061,1702"/>
                <Baseline points="2066,1736 2108,1737 2150,1738 2193,1739 2235,1740 2278,1742 2320,1744 2362,1747 2405,1749 2447,1751 2490,1753 2532,1756 2574,1758 2617,1760 2659,1762 2702,1765 2744,1766 2786,1768 2829,1769 2871,1770 2914,1771"/>
                <TextEquiv>
                    <Unicode>gesunder Magen erbricht sich an solcher Kost.</Unicode>
                </TextEquiv>
            </TextLine>
            <TextLine id="r3l46" custom="readingOrder {index:45;}">
                <Coords points="2109,1776 2852,1832 2904,1807 3045,1833 3057,1801 2110,1754"/>
                <Baseline points="2115,1781 2161,1782 2208,1783 2255,1785 2302,1787 2348,1788 2395,1791 2442,1794 2489,1796 2535,1800 2582,1802 2629,1805 2676,1808 2722,1810 2769,1813 2816,1815 2863,1817 2909,1818 2956,1820 3003,1820 3050,1820"/>
                <TextEquiv>
                    <Unicode>Obendrein ist das Ganze noch langweilig. Es ist</Unicode>
                </TextEquiv>
            </TextLine>
            <TextLine id="r3l47" custom="readingOrder {index:46;}">
                <Coords points="2046,1821 3044,1862 3045,1833 2966,1818 2753,1831 2048,1774"/>
                <Baseline points="2052,1819 2101,1820 2150,1821 2199,1823 2249,1825 2298,1827 2347,1829 2396,1832 2446,1835 2495,1837 2544,1840 2593,1842 2643,1846 2692,1848 2741,1851 2790,1853 2840,1855 2889,1856 2938,1858 2987,1859 3037,1860"/>
                <TextEquiv>
                    <Unicode>charakteristisch genug für Schnitzler, daß er selber</Unicode>
                </TextEquiv>
            </TextLine>
            <TextLine id="r3l48" custom="readingOrder {index:47;}">
                <Coords points="2056,1864 2875,1909 3036,1908 3038,1869 2058,1823"/>
                <Baseline points="2063,1856 2111,1859 2159,1860 2208,1863 2256,1865 2305,1867 2353,1869 2401,1871 2450,1873 2498,1876 2547,1878 2595,1880 2643,1883 2692,1884 2740,1887 2789,1889 2837,1892 2885,1894 2934,1896 2982,1898 3031,1901"/>
                <TextEquiv>
                    <Unicode>dieses Stück unter das Zeichen des Tennisspiels und</Unicode>
                </TextEquiv>
            </TextLine>
            <TextLine id="r3l49" custom="readingOrder {index:48;}">
                <Coords points="2052,1897 2971,1939 2972,1907 2914,1899 2054,1864"/>
                <Baseline points="2059,1893 2104,1896 2149,1899 2194,1901 2240,1904 2285,1907 2330,1908 2376,1910 2421,1913 2466,1915 2512,1916 2557,1918 2602,1920 2647,1922 2693,1923 2738,1926 2783,1928 2829,1929 2874,1932 2919,1934 2965,1937"/>
                <TextEquiv>
                    <Unicode>Bergkraxelns gestellt hat. Und obendrein ist</Unicode>
                </TextEquiv>
            </TextLine>
            <TextLine id="r3l50" custom="readingOrder {index:49;}">
                <Coords points="2049,1931 2728,1952 2921,1989 3047,1976 3048,1949 2050,1901"/>
                <Baseline points="2055,1934 2104,1936 2153,1937 2202,1939 2252,1941 2301,1944 2350,1946 2399,1948 2449,1950 2498,1953 2547,1955 2596,1958 2646,1960 2695,1962 2744,1964 2793,1967 2843,1969 2892,1972 2941,1973 2990,1976 3040,1978"/>
                <TextEquiv>
                    <Unicode>lässiger Wiener Ton darin, der uns ernsteren</Unicode>
                </TextEquiv>
            </TextLine>
            <TextLine id="r3l51" custom="readingOrder {index:50;}">
                <Coords points="2048,1977 2958,2026 3038,1995 2050,1932"/>
                <Baseline points="2055,1969 2103,1971 2152,1974 2201,1977 2250,1980 2299,1982 2347,1985 2396,1987 2445,1989 2494,1992 2543,1994 2591,1996 2640,1998 2689,2001 2738,2003 2787,2005 2835,2006 2884,2008 2933,2010 2982,2012 3031,2014"/>
                <TextEquiv>
                    <Unicode>Deutschen nicht behagen kann. Einzelne Akte sind</Unicode>
                </TextEquiv>
            </TextLine>
            <TextLine id="r3l52" custom="readingOrder {index:51;}">
                <Coords points="2042,2013 3034,2049 3023,2022 2822,2004 2044,1980"/>
                <Baseline points="2049,2009 2097,2011 2146,2013 2195,2016 2244,2018 2293,2020 2342,2022 2391,2025 2440,2027 2489,2030 2538,2032 2586,2034 2635,2037 2684,2039 2733,2041 2782,2044 2831,2046 2880,2049 2929,2050 2978,2053 3027,2055"/>
                <TextEquiv>
                    <Unicode>dürftig und gehaltlos, unsicher in der Linienführung.</Unicode>
                </TextEquiv>
            </TextLine>
            <TextLine id="r3l53" custom="readingOrder {index:52;}">
                <Coords points="2037,2048 3038,2088 2959,2051 2885,2073 2039,2016"/>
                <Baseline points="2043,2048 2092,2050 2141,2052 2191,2054 2240,2056 2290,2059 2339,2061 2388,2064 2438,2066 2487,2069 2537,2072 2586,2075 2635,2077 2685,2080 2734,2081 2784,2084 2833,2086 2882,2087 2932,2089 2981,2089 3031,2090"/>
                <TextEquiv>
                    <Unicode>Der zweite wirkt rein expositionell, der dritte</Unicode>
                </TextEquiv>
            </TextLine>
            <TextLine id="r3l54" custom="readingOrder {index:53;}">
                <Coords points="2040,2094 2966,2140 3029,2131 3031,2101 2042,2066"/>
                <Baseline points="2047,2089 2095,2090 2144,2091 2193,2093 2242,2095 2291,2097 2339,2099 2388,2102 2437,2105 2486,2107 2535,2110 2583,2114 2632,2116 2681,2118 2730,2121 2779,2123 2827,2124 2876,2126 2925,2127 2974,2127 3023,2126"/>
                <TextEquiv>
                    <Unicode>will sich humoristisch geben, bleibt aber kläglich. Der</Unicode>
                </TextEquiv>
            </TextLine>
            <TextLine id="r3l55" custom="readingOrder {index:54;}">
                <Coords points="2041,2126 3025,2181 3035,2139 2042,2100"/>
                <Baseline points="2047,2130 2096,2130 2145,2132 2194,2133 2243,2135 2292,2137 2341,2140 2390,2143 2439,2145 2488,2148 2537,2151 2586,2154 2635,2157 2684,2159 2733,2161 2782,2164 2831,2166 2880,2167 2929,2168 2978,2168 3027,2168"/>
                <TextEquiv>
                    <Unicode>vierte ist am wertvollsten, könnte aber gleich an den</Unicode>
                </TextEquiv>
            </TextLine>
            <TextLine id="r3l56" custom="readingOrder {index:55;}">
                <Coords points="2044,2176 3025,2211 3026,2176 2984,2168 2046,2132"/>
                <Baseline points="2051,2168 2099,2169 2147,2171 2196,2173 2244,2175 2293,2178 2341,2180 2389,2183 2438,2186 2486,2188 2535,2191 2583,2193 2631,2196 2680,2198 2728,2200 2777,2202 2825,2204 2873,2205 2922,2206 2970,2206 3019,2206"/>
                <TextEquiv>
                    <Unicode>zweiten anknüpfen. Der Schlußakt ist für die Ab¬</Unicode>
                </TextEquiv>
            </TextLine>
            <TextLine id="r3l57" custom="readingOrder {index:56;}">
                <Coords points="2035,2207 2926,2253 3032,2221 2036,2180"/>
                <Baseline points="2041,2206 2090,2206 2139,2208 2188,2209 2237,2211 2287,2214 2336,2216 2385,2219 2434,2222 2483,2224 2533,2227 2582,2230 2631,2233 2680,2235 2729,2237 2779,2239 2828,2241 2877,2242 2926,2243 2975,2244 3025,2244"/>
                <TextEquiv>
                    <Unicode>rechnung kurz und schwer genug. Ausschließlich in</Unicode>
                </TextEquiv>
            </TextLine>
            <TextLine id="r3l58" custom="readingOrder {index:57;}">
                <Coords points="2037,2245 3020,2298 3023,2244 2039,2206"/>
                <Baseline points="2043,2241 2091,2243 2140,2245 2188,2248 2237,2250 2286,2253 2334,2255 2383,2257 2431,2260 2480,2263 2529,2265 2577,2267 2626,2270 2674,2272 2723,2274 2772,2277 2820,2279 2869,2281 2917,2283 2966,2285 3015,2287"/>
                <TextEquiv>
                    <Unicode>diesen beiden letzten Akten erkennen wir den klugen</Unicode>
                </TextEquiv>
            </TextLine>
            <TextLine id="r3l59" custom="readingOrder {index:58;}">
                <Coords points="2032,2284 3027,2327 3001,2287 2034,2254"/>
                <Baseline points="2039,2280 2088,2282 2137,2285 2186,2288 2235,2290 2284,2292 2333,2295 2382,2297 2431,2299 2480,2302 2530,2304 2579,2307 2628,2309 2677,2311 2726,2313 2775,2316 2824,2318 2873,2320 2922,2322 2971,2324 3021,2327"/>
                <TextEquiv>
                    <Unicode>und berufenen Schöpfer früherer Werke in Schnitzler</Unicode>
                </TextEquiv>
            </TextLine>
            <TextLine id="r3l60" custom="readingOrder {index:59;}">
                <Coords points="2035,2329 2073,2336 2137,2317 2189,2345 2223,2327 2284,2329 2285,2298 2265,2303 2250,2292 2229,2302 2186,2288 2132,2298 2113,2284 2097,2292 2036,2291"/>
                <Baseline points="2042,2321 2068,2321 2094,2321 2120,2322 2146,2323 2173,2324 2199,2324 2225,2325 2251,2325 2278,2325"/>
                <TextEquiv>
                    <Unicode>gern wieder.</Unicode>
                </TextEquiv>
            </TextLine>
            <TextLine id="r3l61" custom="readingOrder {index:60;}">
                <Coords points="2077,2359 2930,2415 3017,2411 3021,2352 2078,2334"/>
                <Baseline points="2083,2359 2129,2360 2175,2362 2222,2364 2268,2366 2315,2368 2361,2371 2407,2373 2454,2375 2500,2378 2547,2381 2593,2383 2639,2386 2686,2389 2732,2391 2779,2393 2825,2396 2871,2398 2918,2401 2964,2403 3011,2405"/>
                <TextEquiv>
                    <Unicode>Das Stück wirkt notgedrungen unsympathisch</Unicode>
                </TextEquiv>
            </TextLine>
            <TextLine id="r3l62" custom="readingOrder {index:61;}">
                <Coords points="2034,2397 2890,2450 3020,2449 3022,2423 2744,2386 2036,2371"/>
                <Baseline points="2041,2394 2089,2397 2138,2399 2187,2402 2235,2405 2284,2408 2333,2410 2381,2414 2430,2417 2479,2420 2528,2422 2576,2425 2625,2427 2674,2430 2722,2432 2771,2434 2820,2436 2868,2437 2917,2439 2966,2440 3015,2440"/>
                <TextEquiv>
                    <Unicode>und ruft bei allen anständig Empfindenden ein</Unicode>
                </TextEquiv>
            </TextLine>
            <TextLine id="r3l63" custom="readingOrder {index:62;}">
                <Coords points="2036,2448 2165,2427 2212,2454 3018,2482 3001,2441 2039,2398"/>
                <Baseline points="2043,2432 2091,2435 2139,2437 2188,2440 2236,2443 2285,2446 2333,2449 2382,2453 2430,2456 2479,2459 2527,2462 2575,2465 2624,2467 2672,2470 2721,2471 2769,2474 2818,2475 2866,2476 2915,2476 2963,2477 3012,2476"/>
                <TextEquiv>
                    <Unicode>starkes Befremden, ja Widerwillen hervor, den</Unicode>
                </TextEquiv>
            </TextLine>
            <TextLine id="r3l64" custom="readingOrder {index:63;}">
                <Coords points="2025,2484 3016,2512 2924,2472 2027,2448"/>
                <Baseline points="2031,2471 2079,2474 2128,2476 2177,2478 2226,2481 2275,2484 2324,2486 2373,2489 2422,2491 2471,2494 2520,2496 2568,2499 2617,2501 2666,2504 2715,2506 2764,2508 2813,2511 2862,2513 2911,2515 2960,2517 3009,2519"/>
                <TextEquiv>
                    <Unicode>eine gute Wiedergabe dieses zu drei Fünfteln</Unicode>
                </TextEquiv>
            </TextLine>
            <TextLine id="r3l65" custom="readingOrder {index:64;}">
                <Coords points="2021,2516 2975,2563 3009,2519 2022,2485"/>
                <Baseline points="2027,2510 2075,2512 2124,2515 2173,2517 2221,2519 2270,2522 2319,2524 2367,2526 2416,2529 2465,2531 2514,2533 2562,2535 2611,2538 2660,2540 2708,2542 2757,2544 2806,2547 2854,2549 2903,2551 2952,2553 3001,2556"/>
                <TextEquiv>
                    <Unicode>gänzlich untheatralischen Bühnenwerkes nur noch</Unicode>
                </TextEquiv>
            </TextLine>
            <TextLine id="r3l66" custom="readingOrder {index:65;}">
                <Coords points="2030,2550 3017,2585 3018,2554 2895,2545 2032,2514"/>
                <Baseline points="2037,2548 2085,2551 2134,2553 2183,2557 2231,2559 2280,2562 2329,2565 2377,2567 2426,2569 2475,2571 2524,2574 2572,2575 2621,2577 2670,2579 2718,2581 2767,2583 2816,2584 2864,2585 2913,2586 2962,2587 3011,2588"/>
                <TextEquiv>
                    <Unicode>steigen wird. Die Besetzung durch unsere Darsteller</Unicode>
                </TextEquiv>
            </TextLine>
            <TextLine id="r3l67" custom="readingOrder {index:66;}">
                <Coords points="2021,2588 3014,2623 3009,2585 2815,2608 2022,2552"/>
                <Baseline points="2027,2588 2076,2589 2125,2590 2174,2592 2223,2594 2272,2596 2321,2599 2370,2601 2419,2604 2468,2607 2517,2611 2566,2613 2615,2616 2664,2618 2713,2621 2762,2623 2811,2625 2860,2626 2909,2627 2958,2628 3007,2627"/>
                <TextEquiv>
                    <Unicode>kam der „Tragikomödie“ überall zugute. Den ge¬</Unicode>
                </TextEquiv>
            </TextLine>
            <TextLine id="r3l68" custom="readingOrder {index:67;}">
                <Coords points="2019,2639 2947,2679 3015,2644 2021,2593"/>
                <Baseline points="2026,2625 2075,2627 2124,2630 2173,2633 2222,2635 2271,2637 2320,2641 2369,2643 2418,2645 2467,2647 2516,2650 2565,2652 2614,2654 2663,2657 2712,2659 2761,2661 2810,2663 2859,2665 2908,2666 2957,2668 3007,2669"/>
                <TextEquiv>
                    <Unicode>schmeidigen, energischen Kavalier Hofreiter spielte</Unicode>
                </TextEquiv>
            </TextLine>
            <TextLine id="r3l69" custom="readingOrder {index:68;}">
                <Coords points="2017,2666 3015,2725 3016,2687 2873,2664 2018,2640"/>
                <Baseline points="2023,2666 2072,2668 2121,2670 2170,2672 2220,2674 2269,2677 2318,2679 2368,2682 2417,2685 2466,2687 2516,2690 2565,2692 2614,2695 2663,2697 2713,2699 2762,2701 2811,2703 2861,2704 2910,2705 2959,2706 3009,2706"/>
                <TextEquiv>
                    <Unicode>Herr Walter mit der ganzen, ihm eigenen klugen</Unicode>
                </TextEquiv>
            </TextLine>
            <TextLine id="r3l70" custom="readingOrder {index:69;}">
                <Coords points="2019,2712 3016,2744 3017,2705 2021,2669"/>
                <Baseline points="2026,2702 2075,2704 2124,2706 2173,2709 2222,2712 2271,2714 2320,2717 2370,2719 2419,2723 2468,2725 2517,2728 2566,2730 2615,2732 2664,2735 2714,2737 2763,2739 2812,2741 2861,2743 2910,2744 2959,2746 3009,2746"/>
                <TextEquiv>
                    <Unicode>Ueberlegenheit. Er war vielleicht nicht immer</Unicode>
                </TextEquiv>
            </TextLine>
            <TextLine id="r3l71" custom="readingOrder {index:70;}">
                <Coords points="2021,2746 3006,2796 2973,2747 2023,2710"/>
                <Baseline points="2028,2740 2076,2744 2125,2747 2173,2750 2222,2753 2271,2756 2319,2759 2368,2761 2416,2763 2465,2765 2514,2767 2562,2769 2611,2771 2659,2773 2708,2774 2757,2776 2805,2778 2854,2780 2902,2782 2951,2784 3000,2786"/>
                <TextEquiv>
                    <Unicode>„liebenswürdig“ genug. Seiner Gattin Genia lieh</Unicode>
                </TextEquiv>
            </TextLine>
            <TextLine id="r3l72" custom="readingOrder {index:71;}">
                <Coords points="2019,2788 3009,2839 3011,2797 2960,2785 2021,2748"/>
                <Baseline points="2026,2779 2074,2782 2123,2784 2172,2787 2221,2789 2270,2792 2319,2794 2367,2797 2416,2800 2465,2803 2514,2805 2563,2808 2612,2810 2661,2812 2709,2814 2758,2816 2807,2818 2856,2820 2905,2822 2954,2823 3003,2824"/>
                <TextEquiv>
                    <Unicode>Fräulein Nolewska weiche und warme Töne, die</Unicode>
                </TextEquiv>
            </TextLine>
            <TextLine id="r3l73" custom="readingOrder {index:72;}">
                <Coords points="2022,2822 2946,2868 3004,2835 2024,2786"/>
                <Baseline points="2029,2818 2077,2820 2125,2823 2174,2825 2222,2828 2271,2831 2319,2834 2367,2837 2416,2839 2464,2842 2513,2845 2561,2847 2609,2849 2658,2851 2706,2854 2755,2856 2803,2857 2851,2858 2900,2860 2948,2860 2997,2861"/>
                <TextEquiv>
                    <Unicode>dem Schnitzler=Michaelesschen Frauentyp Leben ein¬</Unicode>
                </TextEquiv>
            </TextLine>
            <TextLine id="r3l74" custom="readingOrder {index:73;}">
                <Coords points="2023,2861 3002,2919 3005,2854 2812,2872 2024,2822"/>
                <Baseline points="2029,2855 2077,2858 2125,2861 2174,2864 2222,2867 2271,2869 2319,2872 2367,2875 2416,2878 2464,2881 2513,2883 2561,2886 2609,2888 2658,2890 2706,2892 2755,2893 2803,2895 2851,2896 2900,2897 2948,2898 2997,2898"/>
                <TextEquiv>
                    <Unicode>flößten. Sie gab darüber hinaus weit mehr, als diese</Unicode>
                </TextEquiv>
            </TextLine>
            <TextLine id="r3l75" custom="readingOrder {index:74;}">
                <Coords points="2011,2895 2994,2938 2968,2905 2013,2861"/>
                <Baseline points="2018,2893 2066,2897 2114,2899 2163,2902 2211,2905 2260,2908 2308,2911 2357,2914 2405,2916 2454,2919 2502,2921 2550,2923 2599,2925 2647,2928 2696,2929 2744,2931 2793,2933 2841,2936 2890,2937 2938,2940 2987,2942"/>
                <TextEquiv>
                    <Unicode>Rolle verdient, und war besonders in den letzten</Unicode>
                </TextEquiv>
            </TextLine>
            <TextLine id="r3l76" custom="readingOrder {index:75;}">
                <Coords points="2009,2951 2839,3000 2994,2992 3024,2929 2909,2950 2011,2899"/>
                <Baseline points="2015,2938 2065,2940 2115,2942 2165,2945 2215,2947 2265,2949 2315,2952 2365,2954 2415,2957 2465,2959 2515,2962 2565,2964 2615,2967 2665,2968 2715,2971 2765,2973 2815,2975 2865,2977 2915,2979 2965,2981 3015,2982"/>
                <TextEquiv>
                    <Unicode>Akten überzeugend in der Tragik verratener Liede.</Unicode>
                </TextEquiv>
            </TextLine>
            <TextLine id="r3l77" custom="readingOrder {index:76;}">
                <Coords points="1998,3012 2912,3055 2990,3013 2000,2967"/>
                <Baseline points="2005,3014 2053,3016 2102,3017 2151,3019 2200,3021 2249,3024 2298,3025 2347,3027 2396,3029 2445,3031 2494,3032 2542,3034 2591,3035 2640,3036 2689,3038 2738,3039 2787,3039 2836,3040 2885,3040 2934,3041 2983,3040"/>
                <TextEquiv>
                    <Unicode>Die einzige Figur, der man von Herzen zustimmen</Unicode>
                </TextEquiv>
            </TextLine>
            <TextLine id="r3l78" custom="readingOrder {index:77;}">
                <Coords points="2001,3056 2979,3090 2967,3042 2002,3031"/>
                <Baseline points="2007,3057 2055,3058 2103,3059 2151,3061 2200,3062 2248,3064 2296,3066 2345,3067 2393,3069 2441,3071 2490,3072 2538,3074 2586,3076 2634,3077 2683,3078 2731,3080 2779,3081 2828,3082 2876,3082 2924,3083 2973,3083"/>
                <TextEquiv>
                    <Unicode>mag in diesem Stück, die lebenskluge Schauspielerin</Unicode>
                </TextEquiv>
            </TextLine>
            <TextLine id="r3l79" custom="readingOrder {index:78;}">
                <Coords points="2003,3088 2896,3132 2959,3130 2984,3092 2004,3053"/>
                <Baseline points="2009,3092 2057,3095 2105,3097 2154,3100 2202,3102 2251,3104 2299,3106 2347,3107 2396,3109 2444,3110 2493,3111 2541,3113 2589,3114 2638,3116 2686,3117 2735,3118 2783,3119 2831,3120 2880,3120 2928,3121 2977,3122"/>
                <TextEquiv>
                    <Unicode>Anna Meinhold, gab Frl. Schippang vortrefflich</Unicode>
                </TextEquiv>
            </TextLine>
            <TextLine id="r3l80" custom="readingOrder {index:79;}">
                <Coords points="1999,3128 2982,3172 2984,3125 1999,3104"/>
                <Baseline points="2005,3130 2053,3133 2102,3135 2150,3137 2199,3139 2248,3141 2296,3142 2345,3144 2393,3145 2442,3147 2491,3148 2539,3149 2588,3150 2636,3151 2685,3152 2734,3153 2782,3153 2831,3154 2879,3155 2928,3156 2977,3157"/>
                <TextEquiv>
                    <Unicode>wieder, und als ihr geschiedener Gatte der posierende</Unicode>
                </TextEquiv>
            </TextLine>
            <TextLine id="r3l81" custom="readingOrder {index:80;}">
                <Coords points="2005,3173 2986,3196 2962,3165 2698,3141 2657,3165 2006,3137"/>
                <Baseline points="2012,3167 2060,3171 2108,3173 2157,3177 2205,3179 2253,3181 2302,3182 2350,3184 2398,3185 2447,3187 2495,3188 2543,3188 2592,3189 2640,3190 2688,3191 2737,3191 2785,3192 2833,3193 2882,3194 2930,3195 2979,3196"/>
                <TextEquiv>
                    <Unicode>Glücks= und Liebesritter, war Herr Kothe wieder</Unicode>
                </TextEquiv>
            </TextLine>
            <TextLine id="r3l82" custom="readingOrder {index:81;}">
                <Coords points="2003,3212 2981,3245 2982,3212 2928,3200 2004,3180"/>
                <Baseline points="2009,3206 2057,3208 2105,3211 2153,3213 2202,3215 2250,3217 2298,3219 2347,3220 2395,3222 2443,3223 2492,3225 2540,3226 2588,3227 2636,3228 2685,3229 2733,3230 2781,3231 2830,3233 2878,3234 2926,3234 2975,3236"/>
                <TextEquiv>
                    <Unicode>am rechten Platze. Sein Sohn blieb oft unverständ¬</Unicode>
                </TextEquiv>
            </TextLine>
            <TextLine id="r3l83" custom="readingOrder {index:82;}">
                <Coords points="1996,3256 2938,3284 2977,3277 2978,3245 1997,3216"/>
                <Baseline points="2002,3245 2050,3247 2098,3249 2147,3251 2195,3253 2244,3255 2292,3257 2341,3259 2389,3261 2438,3262 2486,3264 2534,3265 2583,3267 2631,3268 2680,3269 2728,3270 2777,3271 2825,3271 2874,3272 2922,3272 2971,3272"/>
                <TextEquiv>
                    <Unicode>lich. Die Episode Erna füllte Fräulein Fuchs tem¬</Unicode>
                </TextEquiv>
            </TextLine>
            <TextLine id="r3l84" custom="readingOrder {index:83;}">
                <Coords points="1983,3288 2853,3324 2981,3322 2982,3295 1984,3251"/>
                <Baseline points="1990,3284 2039,3286 2088,3288 2137,3290 2187,3291 2236,3293 2285,3295 2334,3297 2384,3298 2433,3299 2482,3301 2531,3302 2581,3303 2630,3305 2679,3306 2728,3307 2778,3309 2827,3310 2876,3311 2925,3313 2975,3314"/>
                <TextEquiv>
                    <Unicode>peramentvoll aus, und Herr Wendt stand sympa¬</Unicode>
                </TextEquiv>
            </TextLine>
            <TextLine id="r3l85" custom="readingOrder {index:84;}">
                <Coords points="1983,3328 2977,3358 2957,3316 1984,3306"/>
                <Baseline points="1990,3323 2039,3324 2088,3325 2137,3327 2186,3329 2235,3330 2284,3332 2333,3333 2382,3335 2431,3337 2480,3338 2529,3340 2578,3341 2627,3343 2676,3344 2725,3346 2774,3347 2823,3348 2872,3348 2921,3349 2971,3350"/>
                <TextEquiv>
                    <Unicode>thisch als reflektierender, hilfsbereiter Freund und</Unicode>
                </TextEquiv>
            </TextLine>
            <TextLine id="r3l86" custom="readingOrder {index:85;}">
                <Coords points="1986,3359 2841,3405 2972,3405 2974,3365 1987,3332"/>
                <Baseline points="1993,3360 2041,3362 2090,3364 2139,3366 2187,3368 2236,3369 2285,3371 2333,3373 2382,3375 2431,3376 2480,3378 2528,3380 2577,3381 2626,3383 2674,3384 2723,3385 2772,3387 2820,3388 2869,3389 2918,3389 2967,3390"/>
                <TextEquiv>
                    <Unicode>Arzt in diesem korrupten Kreise. Auch ihn, den</Unicode>
                </TextEquiv>
            </TextLine>
            <TextLine id="r3l87" custom="readingOrder {index:86;}">
                <Coords points="1985,3404 2973,3436 2973,3405 2878,3386 1986,3366"/>
                <Baseline points="1991,3400 2039,3402 2088,3404 2137,3407 2186,3408 2235,3410 2283,3411 2332,3413 2381,3414 2430,3415 2479,3416 2527,3418 2576,3419 2625,3420 2674,3421 2723,3422 2771,3423 2820,3425 2869,3426 2918,3427 2967,3429"/>
                <TextEquiv>
                    <Unicode>Dr. Mauer, muß man als einen anständigen Men¬</Unicode>
                </TextEquiv>
            </TextLine>
            <TextLine id="r3l88" custom="readingOrder {index:87;}">
                <Coords points="1981,3439 2820,3477 2974,3454 1982,3414"/>
                <Baseline points="1988,3439 2039,3441 2091,3443 2142,3444 2194,3446 2245,3448 2297,3450 2348,3451 2400,3453 2451,3455 2503,3456 2554,3458 2606,3459 2657,3461 2709,3462 2760,3463 2812,3464 2863,3465 2915,3466 2967,3467"/>
                <TextEquiv>
                    <Unicode>schen, den einzigen unter den andern ansprechen. Die</Unicode>
                </TextEquiv>
            </TextLine>
            <TextLine id="r3l89" custom="readingOrder {index:88;}">
                <Coords points="1980,3479 2938,3518 2976,3473 1981,3459"/>
                <Baseline points="1987,3478 2036,3479 2085,3481 2134,3482 2183,3484 2232,3485 2281,3487 2330,3489 2379,3490 2428,3492 2477,3494 2526,3495 2575,3497 2624,3498 2673,3499 2722,3500 2771,3502 2820,3502 2869,3503 2918,3503 2968,3503"/>
                <TextEquiv>
                    <Unicode>übrigen Darsteller der vielen kleinen Rollen traten</Unicode>
                </TextEquiv>
            </TextLine>
            <TextLine id="r3l90" custom="readingOrder {index:89;}">
                <Coords points="1979,3514 2911,3560 2969,3516 1979,3486"/>
                <Baseline points="1985,3516 2033,3518 2082,3519 2131,3521 2180,3523 2229,3524 2278,3526 2326,3528 2375,3530 2424,3531 2473,3533 2522,3534 2571,3535 2620,3537 2668,3538 2717,3539 2766,3540 2815,3541 2864,3541 2913,3541 2962,3541"/>
                <TextEquiv>
                    <Unicode>nirgendwo störend hervor. Famos war Herr Demme</Unicode>
                </TextEquiv>
            </TextLine>
            <TextLine id="r3l91" custom="readingOrder {index:90;}">
                <Coords points="1984,3554 2867,3589 2868,3553 2768,3540 1985,3520"/>
                <Baseline points="1990,3551 2033,3554 2077,3557 2120,3559 2164,3561 2207,3563 2251,3564 2294,3565 2338,3567 2381,3567 2425,3569 2469,3569 2512,3570 2556,3571 2599,3572 2643,3573 2686,3574 2730,3575 2773,3577 2817,3579 2861,3581"/>
                <TextEquiv>
                    <Unicode>als Dichter in der Maske von Hermann Bahr.</Unicode>
                </TextEquiv>
            </TextLine>
            <TextLine id="r3l92" custom="readingOrder {index:91;}">
                <Coords points="2034,3602 2970,3625 2925,3587 2035,3560"/>
                <Baseline points="2040,3595 2086,3596 2132,3598 2178,3599 2224,3600 2270,3602 2316,3603 2363,3604 2409,3605 2455,3607 2501,3608 2547,3610 2593,3611 2639,3612 2686,3614 2732,3616 2778,3617 2824,3619 2870,3621 2916,3622 2963,3624"/>
                <TextEquiv>
                    <Unicode>Die Aufnahme des Stückes war bei dem ausver¬</Unicode>
                </TextEquiv>
            </TextLine>
            <TextLine id="r3l93" custom="readingOrder {index:92;}">
                <Coords points="1979,3632 2878,3673 2970,3643 1980,3591"/>
                <Baseline points="1985,3631 2033,3632 2082,3633 2131,3635 2180,3636 2229,3638 2278,3639 2327,3641 2376,3643 2425,3644 2474,3646 2522,3648 2571,3650 2620,3652 2669,3654 2718,3655 2767,3657 2816,3659 2865,3661 2914,3663 2963,3664"/>
                <TextEquiv>
                    <Unicode>kauften Hause natürlich eine sehr geteilte. Die Tragi¬</Unicode>
                </TextEquiv>
            </TextLine>
            <TextLine id="r3l94" custom="readingOrder {index:93;}">
                <Coords points="1974,3672 2965,3710 2933,3667 2738,3650 2617,3670 1976,3633"/>
                <Baseline points="1981,3669 2029,3671 2078,3672 2127,3673 2176,3675 2225,3677 2274,3678 2323,3680 2372,3682 2421,3683 2470,3685 2518,3687 2567,3688 2616,3690 2665,3692 2714,3693 2763,3695 2812,3696 2861,3698 2910,3699 2959,3701"/>
                <TextEquiv>
                    <Unicode>komödie wurde lebhaft diskutiert, Akt für Akt von</Unicode>
                </TextEquiv>
            </TextLine>
            <TextLine id="r3l95" custom="readingOrder {index:94;}">
                <Coords points="1972,3709 2965,3756 2966,3711 2887,3702 1973,3673"/>
                <Baseline points="1978,3711 2027,3711 2076,3712 2125,3714 2174,3715 2223,3716 2272,3717 2321,3719 2370,3721 2419,3723 2468,3724 2517,3726 2566,3727 2615,3729 2664,3730 2713,3732 2762,3733 2811,3734 2860,3735 2909,3736 2959,3736"/>
                <TextEquiv>
                    <Unicode>der Mehrzahl mit Beifall belohnt und von den</Unicode>
                </TextEquiv>
            </TextLine>
            <TextLine id="r3l96" custom="readingOrder {index:95;}">
                <Coords points="1975,3755 2933,3792 2958,3754 1976,3715"/>
                <Baseline points="1982,3749 2030,3750 2078,3751 2127,3752 2175,3754 2224,3755 2272,3756 2321,3758 2369,3758 2418,3760 2466,3761 2514,3763 2563,3764 2611,3766 2660,3767 2708,3768 2757,3769 2805,3771 2854,3772 2902,3773 2951,3775"/>
                <TextEquiv>
                    <Unicode>Freunden einer gediegenen Kunst angezweifelt und</Unicode>
                </TextEquiv>
            </TextLine>
            <TextLine id="r3l97" custom="readingOrder {index:96;}">
                <Coords points="1975,3789 2831,3804 2943,3836 2944,3788 2895,3776 1976,3756"/>
                <Baseline points="1982,3785 2029,3787 2077,3789 2125,3791 2173,3793 2220,3795 2268,3796 2316,3798 2364,3799 2411,3801 2459,3802 2507,3804 2555,3805 2602,3806 2650,3807 2698,3808 2746,3809 2793,3810 2841,3811 2889,3812 2937,3813"/>
                <TextEquiv>
                    <Unicode>ausgezischt. Summa: Noch nicht einmal ein unbe¬</Unicode>
                </TextEquiv>
            </TextLine>
            <TextLine id="r3l98" custom="readingOrder {index:97;}">
                <Coords points="1982,3850 2070,3828 2416,3851 2466,3836 2420,3800 2113,3805 1984,3788"/>
                <Baseline points="1989,3825 2015,3824 2041,3825 2067,3825 2093,3825 2119,3826 2145,3826 2171,3827 2197,3828 2224,3828 2250,3829 2276,3830 2302,3831 2328,3832 2354,3833 2380,3834 2406,3836 2432,3837 2459,3838"/>
                <TextEquiv>
                    <Unicode>strittener Darstellererfolg.</Unicode>
                </TextEquiv>
            </TextLine>
            <TextLine id="r3l99" custom="readingOrder {index:98;}">
                <Coords points="2034,3865 2884,3903 2964,3899 2965,3867 2035,3832"/>
                <Baseline points="2041,3861 2086,3864 2132,3865 2178,3867 2224,3869 2270,3871 2316,3872 2361,3874 2407,3875 2453,3877 2499,3878 2545,3879 2591,3880 2637,3882 2682,3883 2728,3884 2774,3885 2820,3886 2866,3887 2912,3888 2958,3889"/>
                <TextEquiv>
                    <Unicode>Warum auch? Wer Mut genug hat, mit der</Unicode>
                </TextEquiv>
            </TextLine>
            <TextLine id="r3l100" custom="readingOrder {index:99;}">
                <Coords points="1978,3907 2956,3943 2920,3896 2856,3886 1979,3875"/>
                <Baseline points="1984,3900 2032,3901 2080,3903 2128,3904 2177,3906 2225,3907 2273,3909 2322,3911 2370,3912 2418,3913 2467,3915 2515,3917 2563,3918 2611,3920 2660,3921 2708,3923 2756,3924 2805,3926 2853,3927 2901,3929 2950,3930"/>
                <TextEquiv>
                    <Unicode>ganzen modernen Richtung dieser Art abzurechnen,</Unicode>
                </TextEquiv>
            </TextLine>
            <TextLine id="r3l101" custom="readingOrder {index:100;}">
                <Coords points="1970,3947 2951,3966 2798,3925 1971,3912"/>
                <Baseline points="1976,3937 2024,3939 2072,3940 2121,3943 2169,3944 2218,3946 2266,3948 2314,3950 2363,3952 2411,3953 2460,3955 2508,3956 2556,3958 2605,3959 2653,3960 2702,3961 2750,3962 2798,3963 2847,3964 2895,3964 2944,3965"/>
                <TextEquiv>
                    <Unicode>bedankt sich für solche unwahrhaftige Thea¬</Unicode>
                </TextEquiv>
            </TextLine>
            <TextLine id="r3l102" custom="readingOrder {index:101;}">
                <Coords points="1975,3979 2953,4014 2923,3968 1976,3940"/>
                <Baseline points="1981,3974 2029,3976 2077,3979 2125,3981 2174,3984 2222,3986 2270,3988 2319,3990 2367,3991 2415,3992 2464,3994 2512,3996 2560,3997 2608,3998 2657,3999 2705,4001 2753,4002 2802,4003 2850,4004 2898,4006 2947,4007"/>
                <TextEquiv>
                    <Unicode>terei auf das allerenergischste, und wenn sie auch</Unicode>
                </TextEquiv>
            </TextLine>
            <TextLine id="r3l103" custom="readingOrder {index:102;}">
                <Coords points="1971,4035 2470,4043 2537,4017 2602,4059 2927,4042 2920,4017 2706,3998 1972,3981"/>
                <Baseline points="1978,4011 2025,4014 2072,4016 2119,4019 2166,4021 2213,4024 2260,4025 2307,4027 2354,4028 2401,4030 2449,4031 2496,4032 2543,4033 2590,4034 2637,4035 2684,4036 2731,4037 2778,4038 2825,4038 2872,4039 2920,4040"/>
                <TextEquiv>
                    <Unicode>von Arthur Schnitzler kommt. Paul Schamburg.</Unicode>
                </TextEquiv>
            </TextLine>
            <TextEquiv>
                <Unicode>ee ernischt und. Aber als eines
Tages ein guter Freund des Hauses, ein junger
Klaviervirtnose, sich erschießt, weil ihn Frau Genia
nicht erhörte, bringt diese Tugendhaftigkeit seiner
Frau den leichtherzigen Hofreiter in nicht geringe
Verlegenheit. Er fühlt sich unbehaglich neben ihr,
flieht ihre Nähe und fängt auf einem Abstecher in
die Schweiz schleunigst eine neue Liebschaft an, die
nach seinem Willen sogar zur Ehe führen soll. Frau
Genia, von ihrem Gatten so oft durch Untreue be¬
leidigt, fängt unterdes daheim nun auch eine Lieb¬
schaft mit einem grünen Jungen an, einem Marine¬
fähnrich. Hofreiter, kopflos geworden durch seine
jüngste Aventiure, kehrt heim und gerät völlig aus
dem Gleichgewicht seiner gewohnten Gleichgültigkeit,
wo er doch — nach seinem Sittenkodex — zufrieden
sein könnte, daß Frau Genia sich endlich revanchiert
und ihn nicht mehr beschämt durch ihre Tugend und
Treue. Er fordert den Fähnrich heraus und schießt
ihn über den Haufen. „Wenn es Haß wäre —
Wut — Eifersucht — Liebe.“
„Na ja, von dem ver¬
spür ich allerdings verdammt wenig. Aber man will
doch nicht der Tropf sein.“ Genia flieht den „Mörder“,
Ein unentwegter Schildträger Schnitzlers hat vor
ein
paar Tagen in einem Blatte diese fünf Akte
schlechter psychologischer Parterregymnastik mit Ibsen
in einem Atem genannt. Mir scheint, ein Vergleich
mit der Gott sei Dank! überwundenen Dänin
Karin Michaelis liegt beträchtlich näher. Die
Seele ein weites Land? Von der „Seele“ kann doch
hier nur die Rede sein als von dem Oedland in der
Brust eines sittlich entarteten Genüß#gs. Und auch
die femme de trente ans, Frau Genia, scheint ihre
eheliche Treue neben einem Hofreiter mehr als einen
interessanten Sport angesehen zu haben. Sie weiß
durch den Freund und Hausarzt von allen Lieb¬
schaften ihres Mannes, geht sogar mit seinen Ge¬
liebten gesellschaftlich um. Kann man da noch von
Seele reden? Ja, weitherzig sind diese beiden
Leute und von einem fast pervers zu nennenden
Empfinden. Wie gesagt: Produktionen auf dem
psychologischen, nein pathologischen Seil. Ein
gesunder Magen erbricht sich an solcher Kost.
Obendrein ist das Ganze noch langweilig. Es ist
charakteristisch genug für Schnitzler, daß er selber
dieses Stück unter das Zeichen des Tennisspiels und
Bergkraxelns gestellt hat. Und obendrein ist
lässiger Wiener Ton darin, der uns ernsteren
Deutschen nicht behagen kann. Einzelne Akte sind
dürftig und gehaltlos, unsicher in der Linienführung.
Der zweite wirkt rein expositionell, der dritte
will sich humoristisch geben, bleibt aber kläglich. Der
vierte ist am wertvollsten, könnte aber gleich an den
zweiten anknüpfen. Der Schlußakt ist für die Ab¬
rechnung kurz und schwer genug. Ausschließlich in
diesen beiden letzten Akten erkennen wir den klugen
und berufenen Schöpfer früherer Werke in Schnitzler
gern wieder.
Das Stück wirkt notgedrungen unsympathisch
und ruft bei allen anständig Empfindenden ein
starkes Befremden, ja Widerwillen hervor, den
eine gute Wiedergabe dieses zu drei Fünfteln
gänzlich untheatralischen Bühnenwerkes nur noch
steigen wird. Die Besetzung durch unsere Darsteller
kam der „Tragikomödie“ überall zugute. Den ge¬
schmeidigen, energischen Kavalier Hofreiter spielte
Herr Walter mit der ganzen, ihm eigenen klugen
Ueberlegenheit. Er war vielleicht nicht immer
„liebenswürdig“ genug. Seiner Gattin Genia lieh
Fräulein Nolewska weiche und warme Töne, die
dem Schnitzler=Michaelesschen Frauentyp Leben ein¬
flößten. Sie gab darüber hinaus weit mehr, als diese
Rolle verdient, und war besonders in den letzten
Akten überzeugend in der Tragik verratener Liede.
Die einzige Figur, der man von Herzen zustimmen
mag in diesem Stück, die lebenskluge Schauspielerin
Anna Meinhold, gab Frl. Schippang vortrefflich
wieder, und als ihr geschiedener Gatte der posierende
Glücks= und Liebesritter, war Herr Kothe wieder
am rechten Platze. Sein Sohn blieb oft unverständ¬
lich. Die Episode Erna füllte Fräulein Fuchs tem¬
peramentvoll aus, und Herr Wendt stand sympa¬
thisch als reflektierender, hilfsbereiter Freund und
Arzt in diesem korrupten Kreise. Auch ihn, den
Dr. Mauer, muß man als einen anständigen Men¬
schen, den einzigen unter den andern ansprechen. Die
übrigen Darsteller der vielen kleinen Rollen traten
nirgendwo störend hervor. Famos war Herr Demme
als Dichter in der Maske von Hermann Bahr.
Die Aufnahme des Stückes war bei dem ausver¬
kauften Hause natürlich eine sehr geteilte. Die Tragi¬
komödie wurde lebhaft diskutiert, Akt für Akt von
der Mehrzahl mit Beifall belohnt und von den
Freunden einer gediegenen Kunst angezweifelt und
ausgezischt. Summa: Noch nicht einmal ein unbe¬
strittener Darstellererfolg.
Warum auch? Wer Mut genug hat, mit der
ganzen modernen Richtung dieser Art abzurechnen,
bedankt sich für solche unwahrhaftige Thea¬
terei auf das allerenergischste, und wenn sie auch
von Arthur Schnitzler kommt. Paul Schamburg.</Unicode>
            </TextEquiv>
        </TextRegion>
    </Page>
</PcGts>
