3392 4320
264 203 1188 308 24. Das weite Land
139 1485 1542 1545 gkeiten und Neben=seinen Arzt, spielte Hr. Ulmer mit wohltuender;
145 1529 1539 1586 unterzugehen droht. Schlichtheit. Eine originelle Figur war der Hotel=1e
138 1561 1510 1613 n geschieht das; undsdirektor des Herin Graumann. Auch die
142 1609 1499 1670 mAkt in der Hotel=[Herren v. Jacobi, Gura, Schwanneke,
150 1645 1518 1695 sodenwerk sehen, das König und die Damen Rhode und Höferst
139 1686 531 1736 dem besser herstellen.
539 1697 1499 1766 waren tüchtige Helfer am schönen Werk. R. B.
138 1729 540 1778 t besagen gegenüber
150 1762 533 1828 an Feinheiten und
568 1758 1552 1846 Das Stück wurde gleichzeitig im Wienerss
146 1799 534 1867 n und natürlichen
542 1808 1521 1886 Hofburgtheater, im Berliner Lessingtheater,
149 1835 535 1900 iund scharfen Ana¬
1488 1867 1550 1910 sc
541 1861 1484 1929 im Deutschen Schauspielhaus in Hamburg, in
144 1889 526 1949 on einem sehr geist¬
541 1904 1540 1950 der Schauburg zu Hannover und im Deut=sa.
142 1926 525 1985 r nichts anderes er¬
542 1946 1543 1999 schen Theater in Prag aufgeführt. Die Auf=sst
139 1967 524 2028 och mehr als man
545 1987 1542 2034 nahme war natürlich in der Heimat des Dich=b
136 2011 540 2070 fen durfte. Hier ist
536 2032 1539 2083 ters, in Wien, am herzlichsten. Die Berliner ver=13
139 2053 527 2112 gewisse Etwas, das
536 2073 1545 2128 hielten sich während der ersten Akte ziemlich kühlsd
143 2093 528 2149 eresse an den Haupt¬
541 2123 1534 2172 und kritisch, erst dann zeigte sich ein größeres In=lb
131 2137 534 2193 Wie man einen span¬
543 2156 1497 2212 teresse. Eine kleine Minde. it freilich war auch
128 2175 530 2233 ge zu Ende liest, so
540 2186 1539 2252 am Schlusse noch unzufrieden und brachte diesese
133 2217 537 2279 eses Stücks, d. h. das
541 2241 1537 2297 Stimmung durch einen schüchternen Protest zumso
137 2263 1494 2340 s zum letzten Satz.] Ausdruck, als Dr. Brahm für den Autor dankte.
145 2307 1487 2378 um ihrer selbst wil=Auch die Hamburger gingen erst am Ende mit,
137 2342 538 2398 s Künstlerfinger sie
528 2369 1485 2423 Igrößeren Beifall fand das Stück in Hannover
146 2384 1485 2463 Samstag und ebensosund in Prag. In Wien bereitete, wie schon ge¬
139 2428 531 2483 erholung, ein unbe¬
538 2435 1492 2512 sagt, die Schnitzler=Gemeinde dem Werk einen
144 2468 523 2538 ch allen Akten zu¬
532 2494 1482 2540 großen, stellenweise lärmenden Erfolg. Die
537 2530 1496 2585 Hauptrollen hatten dort Lili Marberg und
131 2540 1492 2638 immungsvolle, sorg=Herr Korff inne. Auch die Episodenrollen
140 2602 534 2653 ng (Regie: Herr
533 2621 1496 2683 waren durchweg mit ersten Kräften „besetzt.
133 2650 1515 2718 zu unterschätzender Schnitzler wurde nach allen Aktenschlüssen leb=
131 2680 1181 2752 Herrn Steinrückhaft. am Ende stürmisch gerufen.
130 2724 546 2779 eführte, scharf um¬
125 2771 546 2823 als schauspielerische
139 2801 551 2861 ann nicht weigern
130 2848 547 2902 entlich anders denkt.
169 2890 552 2945 icht noch nie einen
145 2926 545 2987 auf den Grund aus¬
162 2973 534 3027 deren stille Trauer
187 3013 552 3072 re echtesten Töne,
208 3059 548 3113 eit hatte. Auch
144 3099 536 3155 vie immer, wenn sie
217 3137 536 3196 Frl. Michalek
270 3177 538 3235 artien ihres
488 3264 528 3320 5,
2023 572 2992 656 Büro-Ausstellung Wien 8.— 19. November
2317 646 2691 707 siehe Rückseite.
2664 682 3066 775 Telephon 12.801.
2704 780 2875 858 De
2159 815 2855 911 „OSSLIVEN
1945 904 3046 968 I. öeterr. behördl. konz. Unternehmen für Zeitungs-Ausechaltte
2079 950 2927 1051 Wien, I., Concordiaplatz 4.
2273 1022 2715 1107 Vertretungen
1941 1095 3037 1161 In Berlin, Budapest, Chicago, Christiania, Genf, Kopen¬
1947 1132 3038 1204 hagen, London, Madrid, Mailand, Minneapolis, New-York.
1981 1178 2992 1230 Paris, Rom, San Francisco, Stockholm, Öt. Petersburg.
2274 1216 2701 1276 (Guelienangabe ehne Gewähr).
1932 1259 2309 1332 Ausschnitt aus:
1927 1360 2074 1421 vom:
2110 1367 3064 1457 Hamburger Cerresgunden
2850 1462 3209 1552 —
2018 1508 3198 1606 Es möchte reizen, Arthur Schnitzlers Tragikomödie
1930 1562 3205 1642 „Das weite Land“ mit Tschechon#l zu vergleichen.
1935 1605 3195 1682 Manche Verwandtschaft würde sich ergeben, aber mehr noch man¬
1939 1646 3220 1751 scher Gegensatz. Hier österreichisch Land, ein Auf= und Abwallen,
1929 1691 3212 1777 sein Schillern und Glänzen auf wechselnden Wogen, dort die
1938 1718 3211 1812 Steppe des Ostens, ein unaufhaltsamer Zug in trübem, gleich¬
1934 1769 3190 1840 mäßigem Licht nach einer Richtung in unendliche Weiten, stiller
1935 1800 3193 1878 als jenes und im Grunde doch stärker, tiefer. Auch Schnitzsers
1936 1842 3187 1925 Drama fand bei seiner Münchener Simultan=Uraufführung eine
1927 1871 3194 1965 fast vollendete Wiedergabe, der nur der Schimmer des Wiener¬
1929 1921 3196 2007 tums fehlte, der wie ein leichter Duft über der Dichtung liegt. Die
1924 1956 3217 2077 Aufnahme war günstig, wenn auch nicht ein so starker Erfolg #
1913 2003 2625 2091 (gleich dem in des Dichters Heimat.
1944 2430 2350 2520 Ausscln. aus:
2166 2493 2443 2589 15 10.1911
2436 2482 3042 2614 iser Ramaste Rechrichter
1945 2584 2112 2628 vom:
2082 2605 2300 2670 E
1922 2638 3103 2715 Münchener Premieren. (Telegramm unseres Münche¬
1853 2697 3103 2751 ner Theatermitarbeiters.) Der gestrige Sonnabend war
1856 2733 3092 2786 wieder einmal premierengesegnet in München. Im Schauspiel¬
1843 2776 3105 2824 hause hatte sich das typische Premierenpublikum versammelt, um die
1852 2802 3107 2856 Uraufführung von Karl Ettlingers „Die Hydra“ mit zu erleben.
1849 2855 3107 2911 Das Stück, das der Verfasser als ein „Lustspiel ohne Ehebruch und
1860 2874 3116 2953 Situationskomik“ bezeichnet, hätte er mit gutem Grunde auch „ohn###
1855 2927 3112 2984 Handlung“ nenne können. Wenn es gleichwohl einen sehr starken Er¬
1853 2968 3120 3023 folg aufweisen durfte, so dankt es ihm dem lustigen Dialog, der von
1845 2989 3104 3058 Anfang an die beste Stimmung verbreitete und sich mit den günstigen
1846 3028 3115 3105 Erwartungen deckte, die das Publikum dem Humoristen der Münchner
1859 3079 3106 3145 „Jugend“ entgegenbracht:. Daß hinter dem Dialog auch eine Idee
1859 3121 3115 3180 steckte, allerdings bitterer als sie zum Ausbruck kam, war schließlich
1846 3166 3109 3226 kein Schaden. Der Verfasser wurde nach den beiden letzten Aktens
1861 3201 3118 3258 wiederholt gerufen. — Im Hoftheater wurde, nach mehrjährigers
1842 3231 3115 3308 Pause, Anton Beer=Walbrunns musikalische Tragikomö¬
1855 3279 3121 3341 die „Don Quichoie“ neu einstudiert wieder aufgeführt, nachdem an ihr
1853 3310 3122 3376 einige Veränderungen, besonders an der unterlegten Dichtung Georg;
1848 3364 3114 3422 Fuchs', vorgenommen waren. Das Werk fand, wie vor Jahren, eine
1844 3414 3120 3459 sehr günstige Aufnahme. Feinhals, dem die Oper gewidmet ist, war
1848 3430 3119 3508 ein idealer Vertreter der Titelrolle,—Der Komponist folgte wiederholt
2494 3486 3134 3541 Ferner erlebte Schnitzlers#
1849 3491 2432 3548 einem langandauerden Beifall.
1852 3497 3122 3577 Tragikomödie „Das weite Lahd“ im Residenzth##m
1852 3559 3124 3616 berühmten Muster ihre Simultanuraufführung. Ihr hiesiger Erfolg
1858 3618 3127 3660 war nach einer zurückhaltenden Aufnahme der beiden ersten Akte schließ¬
1854 3628 3134 3697 lich so freundlich, daß der Aufführungsleiter im Namen des Autors
1848 3693 2138 3759 dauken-konnte.
