3344 4352
687 161 755 223 W
1410 148 1836 247 box 28/2
270 151 1233 273 24. Das Seite-Land
166 1347 2888 1435 Diese Frage hat Schnitzler hier selbst diesen Mangel: dadurch läßt er sich verleiten, der edelsten Sitte und eine Beredtheit des Schweigens
152 1374 2905 1491 antworten gesucht. Friedrich ist sich manchmal ironisch über den Helden zu stellen, wie heute kaum eine andere. Viel schwächer geriet ihr
167 1446 2896 1530 ist es im Kern seines Wesens manchmal ihn furchtbar schwer zu nehmen, wodurch die Leidenschaft, der Aufschrei und die wilde Ver¬
160 1496 799 1567 entwickelt, aber nicht verändert.
799 1497 1853 1570 erst recht Unruhe hervorgerufen wird, und ihn mit
1836 1509 2896 1570 zweiflung. Frl. Hofteufels Erna war voll von
156 1539 798 1617 n der Gestalt liegt, gerade die
801 1552 1848 1599 Schurkerei zu überladen; muß er doch gar noch seinen
1837 1560 2891 1626 resoluter Festigkeit und Frische des Tones, die dem
163 1591 795 1666 t der Umwandlung, existiert für
796 1601 1846 1665 Freund zu dem von ihm entweihten Mädchen zu locken
1845 1608 2892 1670 frühreifen Mädchen ein sehr charakteristisches Gepräge
145 1646 801 1714 in liegt einerseits ihre Eigenart,
798 1651 1841 1711 suchen! Schnitzler möchte ihn vertiefen, indem er ihn
1837 1660 2890 1724 gaben. Doch auch sie geriet in der letzten Szene bis
155 1696 798 1764 gel. Nichts bezeichnender, als wie
792 1705 1838 1764 sagen läßt: „So einfach ist das nicht. Hineinschauen
1836 1709 2896 1766 an die Grenze ihrer schönen Begabung. Mit dem
161 1741 790 1816 vom Leben spricht. „Wenn man
795 1756 1835 1825 in mich kannst du nicht. Kann keiner.“ So läßt sich
1831 1767 2888 1835 Hofreiter ist Herrn Korff eine bedeutsame Erweite¬
154 1785 796 1862 Laune ist, so baut man Fabriken,
799 1800 1829 1871 der Zuschauer nicht abspeisen: er darf fordern, hinein¬
1841 1811 2894 1885 rung seines künstlerischen Gebietes erschlossen worden,
143 1840 796 1921 ibt Sinfonien, aber glaub mir,
789 1853 1829 1915 zuschauen, und der Dichter hat die Aufgabe, ihm das
1840 1863 2890 1938 zu der er wärmstens zu beglückwünschen ist. Die
143 1901 751 1968 che, die Hauptsache seid ihr! —
797 1909 1827 1971 Glas zu stellen. So fordert das neueste Werk Schnitzlers
1826 1913 2893 1991 äußeren Formen, in denen sich die Rolle bewegt, waren
156 1943 791 2008 zu der Frau, während er von
793 1958 1836 2026 zu Widersprüchen heraus, die aber gerade am besten
1833 1969 2890 2030 ganz vollendet wiedergegeben; aber gerade die
160 1990 796 2068 Wir vergessen immer wieder,
796 2002 1449 2067 beweisen, wie anregend es wirkt.
1833 2009 2883 2066 Hauptsache, das, was hinter den Worten und
157 2037 803 2118 en jeder Frau, auch wenn
836 2032 1829 2114 Ein etwas verschlepptes Tempo vermochte die aus¬
1835 2062 2889 2128 Gesten dieser scheinbar leeren Frivolität und Brutali¬
175 2095 794 2155 eine Menge Stunden gibt,
803 2104 1839 2161 gezeichnete Leistung der Thimigschen Regie und die
1837 2111 2877 2176 tät steht, das ließ er zu wenig durchfühlen.
151 2155 787 2206 re Dinge zu denken hat als an
790 2153 1847 2230 treffliche Darstellung nicht zu beeinträchtigen. Die
1828 2166 2882 2233 Der Dämon fehlte, und übrig blieb der ge¬
163 2185 798 2260 Leben des Mannes? Welch ver¬
792 2201 1839 2257 vielen kleinen Rollen waren in den besten Händen:
1838 2214 2878 2287 wandte Bösewicht, der auch etwas zu sehr auf den,
157 2248 796 2314 bis heute immer wieder die Welt
795 2252 2872 2332 das Ehepaar Natter (Herr Heine und Frl. Wilke), wie eben bemerkt, allzu niedrigen Ton seiner Um¬
150 2298 799 2368 st wie ein Protest klingen solche
788 2295 1838 2377 die gutpointierende Frau Wahl (Frau Reinhold),
1822 2301 2889 2376 gebung gestimmt war. Völlig versagte der Ausbruch
154 2345 797 2410 schaffenden Solneß oder Rubek,
789 2351 1828 2421 der philosophierende Hoteldirektor (Herr Devrient),
1832 2360 2893 2435 heißen Begehrens von Erna und die Tragik des
158 2401 787 2467 Herodes — und wie man diese
788 2395 1835 2470 der arme junge Liebhaber (Herr Gerasch) und der
1840 2417 2894 2483 Schlusses, auch die geringe Ausdrucksfähigkeit seiner
149 2454 788 2520 wört, wird Schnitzlers Wiener
787 2463 1834 2527 resignierende Freier Ernas (Herr Paulsen) seien
1831 2460 2881 2534 Züge bereitete ihm für diese Aufgabe manche
152 2496 795 2566 klein, unendlich klein auch die
790 2509 1827 2585 hervorgehoben, nicht zu vergessen der köstlichen Charge,
1828 2522 2892 2586 Hindernisse. Daß er sie überwand durch vollendetste
136 2540 796 2617 als. Einst Liebelei, jetzt Ehelei.
790 2556 1831 2628 die Herr Thimig als Portier stellte, und des
1839 2562 2893 2623 Durchbildung dessen, was ihm seiner Individualität
165 2589 798 2673 und Auf, aus dem wir sehn¬
791 2608 1838 2672 Tennis=Jünglings (Herr Höbling), den wir mit
1840 2620 2884 2685 nach von der Rolle erreichbar war, ist ein schönes
146 2642 792 2716 en. Uns möchte Leben und
790 2653 1834 2726 Vergnügen einmal loben. Ob der ganze gesellschaftliche
1821 2663 2888 2726 Zeugnis für seinen diesmal so wohl belohnten künstleri¬
148 2693 795 2773 deuten als die Nadel, die das
795 2706 1835 2777 Ton dieses Zirkels nicht etwas zu niedrig gehalten
1827 2710 2093 2790 schen Eifer.
136 2746 789 2821 bes zusammenhält. Damit, daß
786 2761 1829 2816 war, wäre noch zu erwägen. Jedenfalls stach die Vor¬
2275 2735 2851 2855 Alexander von Weilen.
147 2801 800 2872 band den Helden beseligt oder
785 2810 1838 2870 nehmheit, die Frl. Marbergs Genia in Wort
154 2843 1850 2932 Perspektive ins Große und die Gebärde zur Schau trug, fast zu stark davon ab. Die
197 2898 1869 2996 Unbewußt fühlt der Dichter Künstlerin hatte einen wunderschön leisen Ton
2577 2962 2638 3039 2
