3248 4384
116 329 1211 435 24. Das weite Land
1214 337 1699 443 box 29/2
171 1056 699 1146 a
15 1120 890 1198 huld war, lasse ich dahingestellt. Es genügt
882 1147 3142 1232 und bestimmter die Charaktere Hofreiters und Genias zu um= darum trivialen Welt. Ich wage keinem einzigen einen
17 1149 887 1237 mende Tatsache konstatiert zu haben, und ich
883 1192 2010 1259 reißen. Infolgedessen haftet diesen etwas Lehrhaftes, etwas
17 1201 877 1281 m Dichter selbst, diesem liebenswerten, klugen,
2019 1202 3139 1282 Vorwurf zu machen. Aber um so leidenschaftlicher klage
879 1228 2010 1300 zuviel Absicht an. Das weite Land, das menschliche Seele
21 1243 851 1309 Seelenfinder meine Reverenz zu erweisen.
2009 1242 3146 1331 ich einen Theaterleiter an, der eine solche Vorstellung
887 1266 1575 1327 heißt, erscheint künstlich ausgeweitet.
32 1278 882 1359 hat die Kunde von der modernen Seele auf
2014 1288 2858 1367 zum unzulänglichen Ereignis, werden ließ.
2929 1304 3106 1371 H. S.
962 1308 2018 1389 Mit dieser Seele aber hat es noch eine besondere
4 1327 876 1390 ie, besondere Weise bereichert. Es ist Sitte ge¬
880 1332 2017 1422 Bewandtnis. Schnitzler nennt sie natürlich nur ironisch
12 1363 874 1426 genart seiner Kunst aus seinem ärztlichen Beruf
2089 1354 3131 1431 In der Beeihoven=Matinee, die als leßte dieses
874 1390 2004 1455 ein weites Land. (Denn dieser Vergleich, der von einem
12 1397 873 1469 Diese Sitte der Feuilletonisten ist mehr bequem
2008 1388 3136 1471 Spieljahres Sonntag, den 19. d. Mts. stattfindet, sind
868 1426 1997 1500 Dichter stammen soll, ist eher, wie es im Drama heißt,
38 1437 868 1511 Denn Schnitzler hält sich nirgends an das
2009 1435 3129 1515 beschäftigt: Jane Freund und die Herren F. Lederer, H.
871 1463 2011 1538 einem Hoteldirektor zuzutrauen.) Aber er benutzte die Weit¬
17 1470 864 1548 Phänomen, nirgends an die Körperlichkeit der
2013 1474 3127 1550 Schuster, K. Müller, Fr. Taussig, Hans Godeck sowie
870 1504 2004 1576 des Seelenlandes doch dazu, um in ihr ein paar Launen
14 1523 860 1582 er ist niemals Naturalist gewesen. Vielmehr
2015 1515 3140 1577 das Orchester und der Singchor des Hoftheaters. Die künst¬
871 1543 2002 1621 des Schicksals verschwinden zu lassen, die im Drama stark
7 1545 865 1628 ts die Grundstimmung einer Welt oder eines
2015 1556 3135 1630 lerische Leitung hat bekanntlich Herbert Eulenberg.
864 1576 2008 1650 theatralisch wirken. Vor allem ist die Erschießung Otto
4 1595 869 1671 ßt erst daraus die Umrisse einer Gestalt und
2087 1603 3129 1678 In Alexander v. Zemlinskys Märchenoper Es
868 1621 2002 1692 von Aigners eine Laune des Dichters und seiner Gestalt.=
2003 1610 3142 1706 war einmal“, die Sonntag, den 19. d. Mts. ihre Erst¬
3 1639 867 1706 wachsen. Er ist eine Ausnahme weiter Kom¬
865 1664 2010 1740 Derlei paßt gewiß in ein „weites Land“, aber es steht
8 1676 870 1743 erschauer verschwimmender Perspektiven, einer
2006 1667 3133 1760 aufführung erlebt, sind beschäftigt: Else Tuschkau, Ingeborg
861 1704 1997 1772 fremd und unorganisch im Seelenleben Hofreiters. Und
2006 1710 3126 1785 Liheblad und die Herren Jung, Kromer, Marx, Bartling
-1 1712 871 1788 en, die mit dem Tastsinn der Seele begabt sind.
861 1744 1998 1816 auch das Schicksal seiner Freunde, des einen, der an seiner
1998 1749 3137 1828 Nieratzky, Voisin und Landory. Regie: Eugen Gebrath.
6 1757 863 1812 weiche, zarte Stimmung, durchsichtig und ver¬
861 1784 1994 1859 Seite im Gebirge sich zu Tode fiel, und auch des andern,
2008 1788 3134 1863 Dirigent: Artur Bodanzky. Der Komponist trifft morgen
15 1785 864 1861 hwie ein Schleier, über seinen Werken. Aber
862 1818 1826 1879 jenes Pianisten, der um Genias willen starb,
1999 1819 3139 1925 hier ein und wird der Generalprobe, wie der Premiere
5 1832 858 1894 Zusammenprall und glutigste Theatralik sind
1868 1843 1992 1898 auch
1996 1865 2235 1935 beiwohnen.
852 1847 1997 1934 dieses Schicksal ist mit spielerischer Laune erfunden und
6 1874 858 1940 d. Schnitzler ist bei aller Zartheit seiner Mittel
857 1900 1994 1988 zu absichtsvoll zur künstlichen Ausweitung der Seelen¬
17 1908 855 1973 niemals ein Verweichlicher und Verwässerer.
852 1931 1257 1997 perspektive benutzt.
2 1952 860 2031 inen Dichterträumen wandeln Anatoi und
953 1972 1997 2031 Wie aber drängt diese Dichtung gleicherweise zum
16 1991 859 2047 er scheut auch nicht vor den unbequemen Wirk¬
859 2005 2002 2092 Seelischen und Theatralischen, zur äußeren Form und zur
4 2028 848 2098 Geschlechts= „Reigens“ und vor den brutalen
863 2038 1995 2132 inneren Gehaltenheit! Es ist eine Lust, den Finessen des
4 2064 854 2147 enaissance (in dem wundervollen „Schleier der
848 2094 1988 2164 Dialogs zu folgen, und zugleich eine tiefe ästhetische Genug¬
851 2135 1994 2214 tuung zu erkennen, wie fest aus diesen Bausteinen das Ge¬
2 2145 846 2218 Tragikomödie „Das weite Land“ ist Anatol,
859 2173 1574 2241 samtgebäude des Dramas sich fügt.
6 2190 851 2254 ihrer ewigen Variation liebt, älter geworden
943 2201 1988 2288 Von alledem merkte man der gestrigen Aufführung
37 2224 853 2305 Hofreiter liebt seine Frau und der Reihe
843 2228 1984 2329 wenig oder gar nichts an. Ueber alle anderen ragte Frau
1 2265 848 2347 ere Frauen, jetzt gerade die abenteuerlustige
845 2290 1987 2371 Hummel als Genia empor. Sie war von sieghafter In¬
3 2301 844 2366 enia seine Frau, weiß von allem und ist ihm
844 2334 1986 2404 nerlichkeit. Diese Darstellerin hat etwas Gothisches in
4 2340 845 2417 Ein Pianist, dem sie sich versagte, hat sich um
846 2371 1983 2442 sich, eine Differenziertheit des Gefühls, die doch immer
-8 2379 844 2451 hossen. Nun aber naht sich ihr Otto von
852 2411 1984 2487 wieder in rührender Schlichtheit endigte. Neben ihr wirkte
-9 2424 838 2490 nger, stiller Mensch, und wie ihr Gatte die
847 2452 1981 2516 Herr Koch als Hofreiter ziemlich plump. Er war nicht
6 2469 836 2532 gierig an sich reißt, läßt sie sich selbst von
847 2490 1978 2566 frei, souverän und liebenswürdig genug. Trotzdem war er
-8 2494 838 2576 ten Jugend Ottos verführen. Hofreiter erfährt
839 2532 1978 2589 von einer unwandelbaren Echtheit der Gefühle und Töne
2 2536 828 2612 Otto von Aigner im Duell. Seine Frau aber
836 2569 1979 2641 und von einer (manchmal zu wenig gelösten) Gediegenheit
-14 2582 835 2643 n ihm. Dies Gerippe, das einer Troubadour¬
844 2607 1959 2686 schauspielerischer Mittel. Im letzten Akt war sein Spiel
-6 2614 835 2696 hören scheint, trägt in Schnitzlers Drama ein
834 2651 1973 2718 ebenso diskret wie beredt. Herr Rotmund spielte den
-15 2658 829 2726 emaltes modernes Kulturbild. Die Handlung
832 2684 1974 2764 jungen Otto viel zu sehr aufs Ungefähre und Typische hin.
0 2695 837 2760 viele Episoden, die aber immer Exponenten
837 2727 1974 2797 Dieser junge Mensch ist aber eine Charakterfigur im besten
-6 2731 830 2815 ung sind. Ein verhaltener Strom lebendiger
834 2764 1965 2832 Sinne des Wortes. Gänzlich versagte Frl. Fein als Erna.
-1 2779 824 2845 von Seele zu Seele und ist bald von komi¬
832 2802 1971 2870 Sie spielte dieses junge Mädchen als virtuose Dame, war
-15 2818 818 2884 tragischen Lichtern überfärbt. Die Charak¬
821 2838 1969 2914 aber auch in dieser Verstiegenheit ganz gefühllos und
-12 2854 822 2923 ofreiters als auch Genias wird aus all diesen
825 2882 1965 2954 leer. Sehr echt und diskret war Frl. Wittels als Mut¬
-1 2891 823 2967 , wie ein stiller Weiher aus vielen unruhigen
824 2920 1961 2997 ter Otto von Aigners, sehr delikat Frl. Blankenfeld
-14 2937 815 3002 iden Gatten stehen glaubhaft in einer Kultur
819 2962 1961 3034 als verflossene Geliebte Hofreiters und Bankiersgattin.
-7 2971 823 3048 katur!), weil diese sich in ihnen wie in allen
817 2999 1965 3071 Geradezu ein Labsal in dieser grob skizzenhaften Auffüh¬
-14 3010 827 3081 individualisiert. Auch in diesem Drama ist
822 3039 1961 3120 rung war die Darstellung des Bankiers Natter durch Herrn
15 3055 820 3113 Primäre und das Individuum erst das
819 3083 1966 3167 Kolmar. Diese Gestalt war ein kleines Kunstwerk stim¬
-5 3088 819 3159 timmung, einer allgemeinen Lebenssituation.
823 3122 1642 3187 mungsvoller Charakterschöpfung für sich.
-4 3133 816 3202 er aus der Grundstimmung der dramatischen
902 3155 1961 3240 Von allem andern laßt mich schweigen. Schauspieler
-6 3175 1990 3296 e Einzelbeispiele losgelöst. um desto sicherer#agierten#mie in einer treinden oder allzu verttautengund 1
