3344 4352
1346 147 1807 233 box 28/2
242 136 1194 252 24. Das weite-Land
332 365 1400 500 rom2 UEIEABERTSTT E P E
2259 547 2479 608 Pobde Gewäht.
539 512 1255 626 Theater und Kunst.
1825 584 2861 717 N Dand Aten
312 622 680 703 Burgtheater.
1835 670 2119 762 23— 48
422 700 1421 765 Schnitzlers „Weite Land“, das sich ununterbrochenen
333 750 1428 815 Juspinches erfreut, wird nun mit doppelter Besetzung der
1833 689 2748 836 er tald.
325 792 1431 834 wichtigsten Frauenrolle gespielt. Fräulein Wohl¬
322 835 1433 881 gemuth wechselt mit Fräulein Marberg in der Dar¬
325 883 1433 948 stellung der Frau Genia ab. Fräulein, Wohlgemuth faßt
2032 862 2738 958 Als weitere Novität erscheint am 7.
324 928 1431 981 ihre Aufgabe resoluter an, als die bisherige Besitzerin der
1996 941 2725 1004 Okbber das Schauspiel „Das weite Land“
315 957 1427 1014 Rolle. Heißer wirbt sie um die ihr flüchtig gewordene
1996 958 2741 1046 von Artbur Schnitzler auf dem Spiel¬
321 1012 1426 1062 Liebe des Gatten. Deutlicher sprechen bei ihr Herz und
1990 1024 2735 1078 plan,tig auch am Berliner
327 1057 1429 1127 Sinne. Manches Wort im ersten Akt und die Stimmung
1993 1069 2733 1125 Lessingtheater aufgeführt wird. Darauf
321 1103 1416 1156 im vierten gelangen ihr vorzüglich. Die bittere Ent¬
1992 1106 2735 1154 folgt „Cäsar und Kleopatra“ von Shaw,
1989 1149 2731 1216 das Lustspiel „Muttersohn“ von Siegfried
328 1141 1436 1210 täuschung, die über Genia mit der Ankündigung des
1991 1194 2730 1254 Trebitsch, „Gudrun“ von Ernst Hardt und
324 1192 1431 1256 Alpenausfluges ihres Mannes hereinbricht, dieser ver¬
1987 1239 2717 1300 das Drama „Und Pippa tanzt“ von Ger
327 1236 1426 1311 wüstende Schlag drückt sich im Spiel des Fräulein Mar¬
1988 1284 2753 1335 hart Hauptmann. rner hat sich Direk¬
322 1283 1430 1331 berg viel rührender aus. Vorläufig spielt Fräulein Mar¬
2442 1312 2759 1374 ein vollständig —
1992 1321 2354 1377 tor Berger, und d.
322 1323 1435 1397 berg die Rolle mit einem reicheren Aufgebot feelischer
1994 1361 2738 1421 neues Ereignis in Beschichte des Burg¬
326 1371 1439 1438 Stimung, während Fräulein Wohlgemuth kräftigere
1968 1387 2733 1457 theaters, ein Lustspiel von den Pariser
326 1411 1435 1486 Akzente vorznziehen scheint. — Für Herrn Heine irat
1982 1448 2735 1506 Tutorenve- Flers und Caivallet schreiben
310 1455 1428 1520 gestern Herr Arnd als Bankier Natter ein. Die Maske
1998 1483 2740 1551 lassen, dessen Titel noch nicht feststeht.
322 1504 1419 1568 war, wie man es bei diesem Künstler gewohnt sein darf,
2002 1526 2740 1584 Von Neueinstudirungen seien „Das Käth¬
318 1545 1432 1600 vortrefflich. Herr Arnd zeigte auch für seine große Szene
2003 1569 2737 1622 chen von Heilbronn, „Der Prinz von
315 1592 1424 1657 im vierten Akt die ersorderliche schauspielerische Kraft ung
1997 1609 2728 1669 Homburg“ und „Der zerbrochene Krug“,
317 1635 1423 1703 Erfahrung, nur ließ er zuweilen die Schärfe vermissen,
1998 1650 2730 1714 Hebbels „Judith“ und die Nib=lungen",
310 1683 1418 1758 mit der Herr Heine das Wesen dieses verschlossenen, heim¬
2001 1692 2467 1759 Macbeth“ und „Hamlet“.
2497 1691 2740 1775 d „Der ein¬
317 1721 1017 1793 tückischen Geldmenschen charakterisiert.
1181 1726 1387 1798 Zv.
2005 1735 2493 1829 gebildete Kranke“ genannt.
801 2028 1228 2113 Ausschnitt aus:
1296 2031 1927 2128 WIENER CARICATUREN
1100 2090 1399 2182 28.MN1912
813 2166 974 2229 voni:
1931 2264 2814 2341 Hoffentlich flüchtet sich Baron Berger
858 2277 1828 2386 THEATER.
1851 2332 2817 2400 bald von der „hohen See“, Fuldas in
1840 2393 2821 2463 das „weite Land“, Schnitzlers, wo es viel
947 2427 1829 2488 Wie konnte ein so alter Theater¬
1848 2446 2235 2528 behaglicher ist.
854 2471 1840 2577 praktiker wie Ludwig Fulda sich in einem
863 2546 1835 2627 der elementargten Probleme der Bühnen¬
869 2599 1529 2676 wirkung so gewaltig irren?
946 2667 1834 2730 Ein Grundgesetz des Theaters ist: der
858 2722 1849 2802 Zuschauer muß wissen, wer die auf¬
849 2780 1844 2857 tretenden Figuren wirklich sind, wenn auch
853 2843 1847 2929 die Mitspielenden im irrtum sein können.
967 2903 1841 2958 Wenn ein Khalif verkleidet auftritt,
857 2952 1847 3029 muß der Mann auf der Galerie wissen,
845 3013 1837 3090 daß es ein Khalif ist, wenn ihn auch die
850 3087 1843 3139 Leute aufder Bühne für einen Bettlerhalten.
954 3140 1853 3210 So läßt Fulda einen emeritierten
845 3188 1845 3272 gewaltigen Räuber erst als verfetteten“
845 3259 1835 3327 Philister auftreten und sich dann später
845 3311 1836 3372 dem Publikum in seiner wahren Gestalt
853 3378 1847 3448 enthüllen. Die Wirkung bleibt vollständig
857 3436 1833 3506 aus, höchstens ist der Zuschauer erbittert,
861 3501 1519 3565 weil man ihn gefoppt hat.
941 3551 1833 3627 Herrn Fulda passiert anderseits das
856 3618 1830 3682 Umgekehrte: er tritt als kühner Eroberer
855 3688 1836 3744 auf und entpuppt sich dann als verfetteter
853 3738 1761 3804 Philister, der von Gemeinplätzen lebt.
950 3797 1851 3863 Wir sprechen natürlich vom „See¬
843 3851 1869 3905 räuber“ der das Burgtheater überfallen
839 3909 1591 3989 hat, aber bereits gerichtet ist.
