3344 4320
1340 155 1783 259 box 28/2
222 173 1177 272 24. Das weite Land
2625 1438 3288 1517 Ohnmacht, worauf sie selber —
287 1451 2638 1523 denen Henri Murger gewesen. Das neuentdeckte Zigeuner= Lerchenfelder Latein — „Servas, Radibua! Pfiat di
2626 1486 3297 1573 auf — die gewünschte Dame an
1465 1500 2635 1586 Gott, krallewatscheter Bratelmusiker!“ — und ihr Herz
285 1526 1473 1581 land wird von Champagner durchströmt, besitzt Gold¬
2691 1540 3310 1618 Die Handlung des Stück
1471 1525 2642 1611 ist den kleinen Truhen nicht unähnlich, welche der un¬
281 1568 1473 1628 und Silberminen, und wenn seine Bewohner kneipen
2617 1587 3299 1661 Dauer von drei Jahren, und w
1468 1587 2638 1667 sterbliche „Mistbauer“ zwischen den Wänden seines Fuhr¬
284 1615 1473 1695 gehen, was so ziemlich jeden Tag und den ganzen Tag
2623 1645 3287 1707 wird uns reichlich Gelegenheit g
1459 1625 2629 1707 werks auszuschütten pflegt. Ein klarer Charakter jedenfalls.
273 1657 1476 1732 geschieht, suchen sie das allerfeinste Großstadtrestaurant
2621 1676 3300 1752 paulinischen Spruches zu erprob
1461 1694 2623 1755 Wir vermögen auch betreffs dieses mehr oder minder süßen
274 1703 1474 1789 auf. Gleich im ersten Akt sehen wir sie in einer jener
2630 1734 3308 1799 alkoholischen Neigungen des Dich
1468 1738 2630 1808 Mädels die Anschauung des Feuchtfröhlichen nicht zu
284 1765 1465 1814 Wirtshausszenen, wie sie Dichter nicht zum
2630 1786 3297 1838 unheilvollen Entwicklung zu ver
1456 1781 2630 1861 teilen. Sie erscheint ihm als etwas Unbegreifliches. „Sie
273 1802 1458 1877 erstenmal schildert. Bruno der Feuchtfröhliche wird
2623 1821 3305 1892 Siebelius behandelt ihn mit Zitro
1458 1846 2643 1904 ist mir ein Rätsel,“ sagt er geradezu. Man sucht aber
289 1840 1474 1926 nach seinem jüngsten Bühnenerfolg von ihnen gefeiert,
2635 1878 3291 1940 schüttelt jedoch den Kopf. Das be
1474 1880 2626 1946 vergebens, was an der jungen Dame rätselhaft sein könnte.
280 1881 1462 1977 und den Festzug bildet ein ganzes Rudel grotesker
2634 1927 3302 1991 einzige, was ihn retten, seine kläg
1455 1901 2629 2003 Bei jedem wilden Veranügen ist sie dabei, sie wechselt die
290 1940 1475 2003 Charakterköpfe, wie sie der Dichter gleichfalls nicht zum
2624 1957 3280 2029 kraft ihm zurückgeben könnte,
1475 1972 2630 2043 Liebhaber wie die Strumpfe, und fühlt sie stolzere
291 1989 1473 2059 erstenmal auf die Bühne bringt. Man wundert sich ein
2629 1992 3300 2085 Erschütterung, und wir gesteh
1457 2017 2635 2100 Wallungen, so werden sie von einem Hundertmarkschein
290 2037 1460 2117 wenig, in dieser Gesellschaft auch ernsteren Männern zu
2625 2049 3285 2134 zitterten wir für das Leben
1460 2069 2622 2140 beschwichtigt. Sie ist, kurz gesagt, ein — Frauenzimmer,
289 2079 1467 2159 begegnen, und das Erstaunen wächst, als der treffliche
2630 2100 3290 2180 Dichter Stieglitz fiel uns ein,
1471 2122 2627 2185 um das unfeinere, aber deutlichere Wort nicht auszu¬
280 2136 1465 2209 Arzt Dr. Siebelius gar ein junges Mädchen, ein sehr
2624 2147 3292 2228 Biedermeierzeit dessen Frau sich
1464 2161 2631 2248 sprechen. So hat sie der Dichter gezeichnet, gut gezeichnet,
278 2176 1426 2265 wohlerzogenes, Geheimratstochter oder dergleichen, in
2629 2187 3296 2261 hoffte, ein großer Schmerz würd
1465 2214 2628 2289 und es war höchst überflüssig, diese kleine Venus vulgi¬
284 2235 1473 2313 diesen Kneiptumult einzüführen wagt. Fräulein Ruth
2633 2256 3304 2326 dichterischer Leistung anregen. S#
1464 2250 2630 2323 vaga hinterher mit der Romantik des Geheimnisvollen
284 2279 1466 2355 v. Bargen ist ein Gegenwartskind, keines von der frechen
2632 2285 3299 2360 das erschreckliche Beispiel der
1464 2316 1916 2400 schmücken zu wollen.
281 2325 1467 2383 Sorte allerdings, keines mit freien Manieren, selbstbewußt
2626 2348 3301 2414 nachahmen wollen? Zum Glück
1540 2346 2635 2430 Da hätten wir also wieder den Mann zwischen den
280 2376 1473 2442 auftretend und die Sitte ohrfeigend. Sie gibt sich vielmehr
2622 2393 3300 2469 und wieder nichts. Die tiefe inn
1463 2409 2626 2479 zwei Frauen, in der alten Klemme zwischen dem guten
289 2418 1466 2491 sehr scheu und schüchtern. Vorhin im Theater hat sie sich
2626 2437 3297 2512 auf andere Weise. Das Leben
1475 2448 2630 2521 und dem bösen Prinzip. Wofür wird er sich entscheiden?
281 2467 1462 2532 auf Knall und Fall in den Dichterkomponisten verliebt,
2623 2474 3302 2550 Frau am Ende doch unerträglich
1458 2504 2625 2574 Nachdem Bruno eine Zeitlang in freier Liebe mit Ruth
279 2509 1468 2588 als er, vom Publikum gerufen, vor dem Vorhang er¬
2631 2509 3302 2603 sie den Gatten kategorisch vor di
1466 2549 2632 2614 v. Bargen gelebt heiratet er sie. Er entschloß sich mit
282 2559 1467 2637 schien, und alsbald suchte sie ihn auf, folgt ihm nun
2633 2582 3300 2645 jener anderen. Er aber will und
1461 2599 2635 2672 Widerstreben zu diesem philisterhaften Hammelsprung, tat
277 2611 1466 2686 durchs ganze Zigeunerland, von Flasche zu Flasche, aus
2627 2626 3264 2698 bekennt seine Willensschwäche,
1469 2648 2628 2717 ihn auch nur unter ausdrücklicher Wahrung seines Mannes¬
286 2646 1467 2724 dem Restaurant ins Nachtlokal, die Zisterne, den Rats¬
2622 2676 3300 2752 zu sein, ist ihm unmöglich. Aller
1475 2692 2637 2768 rechtes, frei umherlieben zu dürfen, wann und wo es
281 2704 1469 2770 keller, immer still, immer scheues Reh, wort= und willen¬
2628 2710 3314 2792 er lieben, aber verlassen kann e#
1465 2733 2632 2807 ihm gefallen möge. Ruth gibt sich damit zufrieden. Sie
290 2754 1467 2823 los in den Anblick des Einzigen versunken, und schon
2629 2762 3296 2838 ihm die Treue. So geht eben
1472 2777 2638 2856 ist die geborene Dulderin. Wenn er Käthe, Steffis kleine
288 2803 1462 2875 ahnt man, daß sie ihm auch durchs Leben folgen wird,
2624 2817 3157 2891 Bruno ist erschüttert.
1474 2836 2641 2904 Tochter und angeblich sein Kind, ins Haus nehmen will,
411 2847 1473 2928 seine Geliebte, Frau, Magd, Käthchen von
286 2869 433 2924 als
2709 2847 3302 2946 Doch schon im nächsten Akt,
1460 2888 2642 2960 findet sie nicht ein Wort des Widerspruchs. Wenn er,
290 2910 1467 2972 Heilbronn, ahnt aber zugleich allerhand Unheil, wie es
2628 2902 3306 2984 kehrt sie zurück, denn die Liebe
1476 2927 2631 3023 gestachelt von dem wohlbekannten Heimweh nach dem
283 2945 1465 3028 aus solchen Begegnungen zu entstehen pflegt und jetzt
1477 2963 3299 3053 Schmutze, das alte Verhältnis zu dem hübschen „Un= andere hat sich inzwischen empf
285 3001 1258 3096 schon über dem fröhlichen Getue wetterleuchtet.
1464 3007 3308 3097 geziefer“ wieder einfädelt, trägt sie die Schmach in stummer zu heiraten, hat auch ihr K#
374 3019 1470 3120 Denn da ist auch die Steffi Hochstraßer, eine frühere Ge¬
1475 3066 3297 3138 Geduld, und erst als er ihr zumutet, diese Steffi selbst inwirklicher Vater der Baron sein
282 3077 1474 3155 liebte Brunos, von ihm selbst „Steffi das Ungeziefer“ ge¬
1463 3105 3315 3194 ihrem ehelichen Heim aufzunehmen, empört sich ihr Selbst¬ reinigt für ein neues Leben. Die
276 3134 1469 3214 nannt, vom Dichter als unverschämt hübsch und pikant be¬
1470 3153 3288 3248 gefühl. Vergebens dringt er in sie, sie bleibt fest. Da Wunder gewirkt. Dem Kranken
281 3182 1473 3267 zeichnet. Sie scheint aus irgend einer Wiener Vorstadt aus¬
289 3190 3305 3322 gekommen zu sein. Wenigstens spricht sie das gröblichste macht er es wie ein hysterisches Weib und fällt in wird erst die Nachricht, die Rut
