3436 4224
728 35 803 90 W
1039 35 1246 103 Land
309 11 1257 137 ESse
1422 37 1867 139 box 29/6
1810 4000 1843 4050 —
2534 79 2990 141 (Quellenangabe ohne Gewähr.)
2229 159 2654 221 Ausschnitt aus:
2659 139 3302 245 Triester Zeitung
2473 212 2756 298 219001913
2240 269 2395 323 vom:
2542 509 2914 612 Theater.
2340 644 3190 718 Kommunaltheater. „Quando le co¬
2238 699 2657 756 lonne rovinano“
2751 703 3199 764 „Wenn die Säulen
2244 748 3201 813 stürzen. Eine Familie bricht zufammen.
2258 796 3198 858 Außenstehende graben an den Säulen des
2241 841 3197 889 Baues, der nicht durch treue Liebe die Fa¬
2245 895 3198 955 milie schuf. Auf Nebenwegen fand das Glück
2247 942 3193 990 den Weg zur Frau, die sich rein und voll
2243 985 3204 1052 Vertrauen dem bald untreuen, moralisch
2247 1042 3196 1105 tief unter ihr stehenden Gatten gab,
2235 1073 3199 1138 dem sie die Mutter verkaufte. Die Un¬
2234 1130 3202 1180 treue des Gatten treibt die moralisch hochstehende
2242 1184 3200 1241 Frau, ihr Glück außer der Familie zu suchen und
2237 1230 3199 1285 zu finden. Auch ihr Kind, die Pflicht der
2245 1276 3192 1332 Mutter kann die Sehnsucht, den Durst der
2243 1325 3197 1379 Verschmachtenden nach Liebesglück, nach An¬
2231 1374 3191 1436 lehnung an die Seele eines reinen Mannes
2239 1426 3191 1476 nicht stillen. Der Mörtel, der die Familie
2231 1475 3196 1530 kittet, bröckelt, denn ihr zweites Kind ist das
2240 1517 3198 1573 Kind des Geliebten. Wie man sieht, ein
2234 1562 3198 1627 guter Romanstoff, aber etwas alltäglich und
2242 1617 3198 1665 schon viel verwertet, — jüngst erst von A.
2238 1653 3197 1710 Schuitzlen denn: Eine verratene Frau, die von
2226 1701 3184 1770 ihrem berechtigten Anspruch auf Liebesglück
2238 1758 3191 1828 überzeugt, die Begründung für den eigenen
2935 1841 3156 1896 ester I
2160 1910 3124 1985 moralischen Zusammenbruch im Verrat des
2159 1947 3105 2047 Gatten sucht und findet — wie bei Schnitz¬
2153 1998 3103 2099 ler; der Gatte, dem das Verhältnis seiner
2154 2047 3104 2123 Frau von Außenstehenden zugetragen wird
2148 2097 3105 2178 und der „nicht der Hopf sein will“ — wie bei
2145 2140 3099 2233 Schnitzler; das provozierte Duell mit dem tra¬
2145 2198 3095 2285 gischen Ausgang, in dem der Geliebte fällt
2199 2240 3099 2331 wie bei Schnitzler dagegen der seelische Zu¬
2135 2285 3086 2383 sammenbruch der Gattin, die sich durch den Ein¬
2139 2332 3091 2430 fluß des Onkels und, der Freundin den Weg
2142 2385 3097 2478 zu der von ihr zu Tode getroffenen Mutter
2137 2427 3083 2514 des Geliebten sperren läßt, wo doch ge¬
2132 2484 3082 2555 rade im Finden der beiden Frauen in
2122 2530 3085 2612 der Seelengröße dieser beiden Charaktere
2123 2565 3066 2651 in Schnitzlers „Das weite Land“ (der See¬
2123 2613 3077 2711 len) seine dramatische Berechtigung findet:
2122 2663 3074 2756 also nicht wie bei Schnitzler. — Groß war
2114 2704 3066 2800 Frau Severi als Giuliana. Groß war auch
2112 2766 3067 2853 der Charakter den sie darstellte. Der Autor
2114 2806 2424 2876 nimmt ihm
2424 2822 2547 2874 die
2609 2830 2757 2891 Größe
2797 2838 2906 2890 im
2933 2848 3078 2898 drit¬
2108 2851 2342 2914 ten Akt
2483 2867 2598 2928 daß
2618 2880 3062 2957 kann man ihm
2105 2906 3055 2997 nicht verzeihen. Als Pendant zu Schnitzlers
2104 2963 3064 3046 „Das weite Land“ war wohl „Iginis“ Werk
2099 2993 3041 3093 recht gut gedacht. Die Ausnützung aller
2106 3042 3021 3145 dramatischen Momente versteht „Iginis“
2105 3093 3046 3191 sehr glänzend. Aber wie bei Schnitzler
2092 3131 3034 3236 spielt auch bei ihm das Stück zu sehr hin¬
2100 3193 3036 3294 ter den Kulissen. Den dritten Akt füllt bloß
2086 3241 3040 3339 die Erwartung des Ausganges des Duells
2086 3278 3038 3370 und die merkwürdige Diskussion der Trauer¬
2089 3333 2574 3406 kleidung Giulianas aus
2609 3354 3038 3430 dabei wird sehr viel
2081 3383 3032 3481 geredet. — Das Stück gefiel, wenn auch
2077 3433 3028 3529 nicht unbestritten. Das Publikum hielt sich
2075 3476 3021 3583 im ersten Akt reserviert, erwärmte sich im
2072 3530 2899 3617 zweiten und war im dritten enttäuscht.
2169 3573 3009 3669 Fenice=Theater. Die Operette „Der
2060 3621 3009 3721 kleine König (Text von Bakopcy und
2059 3669 3011 3756 Martor, Musik von Kälman) die gestern
2061 3731 3004 3809 zum ersten Male in Triest zur Aufführung
2063 3764 3016 3861 gelangte, hat ein Textbuch, daß mit Geschick
2056 3824 3007 3903 gemacht und stellenweise recht lustig ist und
2050 3858 3000 3953 eine Musik, die guten Geschmack und Rou¬
2055 3909 3004 4003 tine verrät, aber an die früheren Werke
2056 3957 2999 4026 Kälman's nicht ganz heranreicht. Der Vor¬
2053 4010 2995 4083 zug dieser Operette ist es, daß sie ausgezeich¬
2047 4044 2639 4112 nete Rollen enthält und da
2893 4083 2971 4125 tliht
3019 3993 3065 4068 2121
