3344 4448
1320 203 1760 299 box 28/2
618 235 677 291 14
202 218 503 320 24. D:
450 222 1164 325 as deite Land
566 1052 2544 1170 zu begehen, eine ungewohnlich große ist. Die Senate # —
1945 1120 3128 1171 Mit Recht haben die Senate sich dagegen gewehrt, daß
592 1130 1867 1209 nicht festgestellt, ob dieses oder jenes Individuum, welches
590 1183 3119 1248 gerade abgeurteilt werden soll, ein Verleitender oder ein Ver= man ihnen zumutete, sie hätten Weisungen des Justizministeriums
595 1216 3117 1287 leiteter war. Gerade die Verleiter hat man nie gefunden bekommen und sie seien nicht unabhängig gewesen. Die Unab¬
590 1271 3116 1337 und alle jene Personen, welche vor Gericht gestanden sind, hängigkeit ist ein eigen Ding, und es wird kaum einen Justiz¬
576 1306 3120 1392 waren mitgerissen und darum mitgehangen. Wie mildernd minister geben, der in einem Verfassungsstaat Richtern
582 1359 3118 1416 aber muß dies bei Neurteilung der Strafwürdigkeit in Be= eine bestimmte Richtschnur vorschreiben würde. Ist dies
571 1416 3122 1484 tracht gezogen werden daß Jugendliche nahezu unwillkürlich aber auch nötig? Erfährt man denn die Ansicht der
1816 1462 3126 1525 Regierung nicht? Weiß man nicht, ob eine Regierung
571 1451 1304 1529 zu den Taten hingerissen wurden.
1360 1501 3116 1632 berglichn Anisanren, helen s6, nadurch damn arns Wen, dus uns Bicht nchte
575 1527 1364 1633 lsten, Ledesinderinen und
1372 1606 2559 1659 aus keinem anderen werden könne, Lügen gestraft wäre.
590 1585 1392 1689 die sich die Geldmenschheit hält,
1937 1629 3120 1712 Ich habe Schnitzlers vollkommene technische Meisterschaft
584 1652 1864 1719 Bedürfnis als aus Prahlerei. Freilich hat Schnitzler
1850 1704 3115 1767 noch niemals mehr bewundert als an diesem neuen Stück, dem
597 1706 1851 1765 auch Stücke geschrieben, die nicht in diesem Kreis liegen: den
116 1709 278 1800 nd.“
1844 1739 3116 1813 es gelingt, mir drei Stunden lang ein keinen Augenblick nach¬
606 1753 1848 1818 „Grünen Kakadu“, den „Schleier der Beatrice“, den „Einsamen Weg“.
117 1755 607 1854 Kitzler. Zum erstenmal auf¬
1846 1799 3121 1858 lassendes Interesse für Menschen abzunötigen, unter denen keiner
604 1777 1858 1858 mir sein liebstes Werk, und den „Jungen Medardus“. Aber (wie
124 1821 420 1896 Oktober 1911.)
1848 1846 3124 1905 ist, mit dem ich mich im Leben auch nur fünf Minuten aufhalten
602 1849 1845 1920 das wohl auch anderen Autoren passiert) diese seine Hauptwerke
1833 1887 3119 1946 würde. Im Leben berührt mich das geringste Zeichen von Emp¬
603 1895 1772 1963 gehen doch bisher mehr nur so neben seiner Produktion her.
127 1907 235 2015 r.
1847 1923 3111 1998 findung: ein Kind, das weint oder lacht, einer, der hungert oder
699 1945 1853 2012 Schnitzler ist seiner ganzen Art nach ein Seelenkenner,
1842 1971 3118 2044 friert, ein Hund, der zu einer Hündin will. An empfindungslosen
596 1968 1857 2053 Seelenforscher und Seelendeuter. Merkwürdig nun, welches
123 1963 620 2065 hr lieb, worin sich die
126 2044 3110 2100 n aufgemalt und ab= Material er sich dazu nimmt. Merkwürdig, daß er seine große Wesen aber kann ich nicht teilnehmen, weil ich nicht wüßte,
116 2089 3111 2141 tus und war irgendein Begabung für Seelen mit Vorliebe jenen Geldmenschen (es gibt wodurch ich mich mit ihnen verbinden, wodurch ich mich auf
612 2126 3122 2204 auch Geldmenschen ohne jedes Geld) zuwendet, Menschen also, sie beziehen sollte. Geben nun aber gar empfindungslose
116 2130 609 2195 ten Bilderbuchs gleichen
599 2183 3117 2242 die keine Seele haben, sondern das was bei den anderen Wesen Empfindungen vor und ich merke den Betrug, so weiß
120 2176 608 2261 zu Nutz und Frommen
605 2221 3109 2291 Seele genannt wird, durch einen Komplex von Nervositäten ich gar nicht, was ich damit anfangen soll. Wer hungert, dem
141 2232 611 2296 als ommum funda¬
611 2274 3118 2345 ersetzen. Seele nennt man an den anderen irgendein den kann ich seinen Hunger stillen; wer mir aber, ohne zu hungern,
131 2271 616 2350 vita actionum pictura
1834 2324 3110 2391 Diskussionen über seinen Hunger hält, den er nicht hat, macht
604 2322 1858 2389 gesamten Menschen durchdringendes, diesen einen Menschen be¬
121 2336 606 2399 ltdinge und Lebenstaten
605 2373 3116 2437 stimmendes, ihn konstituierendes Grundverlangen, das, wenn man mich ratlos; der Menschen Sorgen um Empfindungen, die sie
142 2371 609 2452 ß sich gut blättern: man
613 2421 3105 2484 ihm alles nimmt, Leidenschaften, Begierden, Triebe, ja (wenn nicht haben, kann ich nicht teilen. Schnitzler aber zwingt mich
143 2424 620 2491 ndie Scheiben immer
615 2461 3111 2535 dies denkbar wäre) sein Schicksal selbst, dies alles von ihm ab= dennoch dazu, durch das Vergnügen, das mir seine Kunst der
123 2463 619 2533 m knasternden Ofen und
610 2513 3102 2588 zieht und ihn völlig in Ruhe setzt, doch immer noch übrig bleibt, Darstellung macht; ich kann es etwa mit dem Vergnügen an Ent¬
132 2518 612 2592 geht es mir jetzt, wenn
601 2559 3108 2631 ganz allein sein Glück oder Unglück macht und gleichsam das wicklungen der mathematischen Phantasie vergleichen, von denen
180 2561 616 2633 ich es lesen darf,
131 2618 3112 2677 rch die pittoreske Gegeno Spalier ist, woran sich dieser ganze Mensch mit seinem Leben ich auch nur so viel verstehe, daß dabei große Schwierigkeiten
144 2650 3113 2739 daß ich selbst nicht emporrankt. Das haben die Geldmenschen nicht, sie müssen sich bewältigt werden müssen, was schließlich doch meinen Menschenstolz
1839 2703 2072 2777 befriedigt.
586 2690 1843 2771 derlei von außen holen. Sie haben keine Innerlichkeit, auch
1945 2728 3099 2809 Unter den Menschen dieses Stücks, von denen ich den Ein¬
600 2759 1858 2830 im gemeinsten Sinn dieses Worts nicht; es ist innen
129 2734 618 2817 vellen und Romane seit
1835 2792 3111 2859 druck habe, daß sie sämtlich keines wirklichen Gefühls fähig, aber
598 2796 1845 2866 überhaupt nichts da, nicht einmal schlafend; und wenn
138 2814 616 2869 ich wie ein Orbis pictus
1846 2846 3107 2903 eben darum stets auf der Jagd nach einem sind, steht obenan
131 2853 1836 2916 lderbuch der eleganten sie handeln, so geschieht's entweder bloß aus unmittelbarer Re¬
1844 2899 3102 2961 Herr Friedrich Hofreiter, Glühlichterfabrikant im großen Stil,
145 2899 1839 2957 eleganten Wiener Welt, aktion auf einen sinnlichen Eindruck, oder es geschieht aus Angst
1844 2928 3109 3007 mit Unternehmungen bis nach Amerika hinüber, auch bei Frauen
188 2952 1848 3012 um ganz genau zu vor der eigenen Leere. Was man ihre Nervosität nennt, sind
1845 2977 3102 3052 unternehmend, mehr aus schlechter Gewohnheit, wie es scheint,
133 2990 1839 3075 del bis auf ein paar Explosionen ihrer inneren Leere sozusagen, die der Verstand an¬
159 3022 3110 3106 verschwunden ist, es zündet, um solche Menschen wieder für eine Zeit über ihren Zu= oder weils nun einmal dazu gehört, als aus Sinnlichkeit oder
1834 3091 3110 3151 gar aus Leidenschaft. Er weiß, daß seine Frau davon weiß,
599 3091 1841 3172 stand zu täuschen. Dies hat kein Autor tiefer erkannt als
167 3085 618 3166 bei uns vorzustellen.
1838 3117 3106 3191 und er nimmt an, daß sie sich damit abgefunden hat. Da er,
603 3146 1845 3209 Schnitzler, und es reizt ihn nun offenbar, zu versuchen, ob aus
137 3114 621 3219 #s von der fünfzigsten
2300 3180 3102 3266 so gelegentlich auch als Philo¬
130 3191 2275 3258 rlich samt Zubehör, mit solchen Explosionen von Nichts nicht durch seine ganz außer=wie im Tennis,
138 3234 3111 3330 rschaft, als Gelehrten, ordentliche Kunstfertigkeit doch etwas wie dramatische Wirkung zu soph exzelliert, redet er sich ein, er könnte es
2333 4112 2432 4195 Suaeee
