3436 4320
714 127 846 191 We
1408 126 1873 233 box 28/5
293 110 1260 240 24. Das 11e Land
183 1025 349 1099 —
179 1068 806 1154 merssticheleien und dem kon¬
879 1090 3174 1184 Ich habe mich ohne Zandern für Schnitzler entschie= Und doch darf man sich des Erfolges freuen, wenn man
179 1139 806 1203 kkukusheim“ noch nicht voll¬
804 1152 1987 1229 den, und habe es nicht bereut, wenn auch die seelischen
1991 1163 3179 1241 bedenkt, daß das Stück wenigstens zwei Akte lang mit
173 1186 788 1246 das einzelne Leute dazu ver¬
794 1198 1983 1277 Feinheiten, die ja bei Schnitzler nie ganz ausbleiben kön¬
1989 1210 3177 1271 Menschen aus Fleisch und Blut operiert, die erst im dritten
180 1235 781 1304 den Münchener pocta laurca¬
804 1255 1978 1325 nen, diesmal nur wie verkrochene Glühwürmchen durch
1983 1265 3166 1336 Akte zu Hampelmännern werden. Denkt man dabei an
183 1286 789 1357 es wohl nach diesem Schmied¬
795 1292 1984 1369 das Dickicht von mühselig konstruierten Wendungen und
1987 1306 3170 1385 Blumenthals Sentimentalitäten oder Gustav Kadelburgs
172 1340 799 1410 lhafte Gewalten — weiß Gott,
796 1350 1985 1431 stark sadenscheiniger Theatralik hindnrchglitzerten. Ettlingers
1978 1370 3167 1430 hahnebüchene Philisterlustigkeiten, so erscheint der voraus¬
178 1381 811 1449 kauerten, für das ihnen die
809 1396 1974 1473 „Hydra“ entfesselte auch bei der dritten Aufführung noch
1978 1409 3161 1500 sichtliche Siegeszug der „Hydra“ durch Großdeutschland
176 1433 803 1520 end der Arbeit abhanden ge¬
805 1445 1979 1507 dieselben Lachstürme, die man, zumeist ohne sich was zu
1978 1460 2552 1526 beinahe wie eine Kulturtat.
813 1503 1978 1560 vergeben, mit stillem Schmunzeln mitfeiern durfte. Die
2070 1506 3163 1593 Allein: warum soll man an die Herren Blumenthal
171 1503 798 1602 ch papiernes Primanerdeutsch
807 1554 1979 1615 „Hydra“, das ist das Publikum, das zu, besiegen, mit
1972 1544 2567 1644 und Kadelburg denken?...
182 1580 807 1651 viel Pathos so wenig gesagt
793 1608 1976 1671 Schiller und Ibsen zu besiegen, der unverbesserliche
175 1620 796 1708 Unterdrücker eines Volkes nur
798 1647 1975 1718 Idealist Hans Lindt, Mitdirektor des Gocthetheaters, sich
195 1680 796 1748 und die Unterdrückten aus¬
794 1696 1983 1772 in den Kopf gesetzt hat. Vergebens bettelt sein Sozius und
2056 1685 3160 1777 Noch etwas ereignete sich während dieses sonnigen
209 1719 787 1792 So wenig die abgelegten
788 1735 1974 1798 Geldgeber um nur ein einziges zotiges Schwänkchen zu¬
1988 1754 3154 1844 Herbstmonats in der von allen ausländischen Währungen
170 1772 792 1838 her verzückt in die feindlichen
796 1789 1968 1858 gunsten seiner Börse; „nur über meine Leiche“, erklärt
1978 1800 2556 1873 verlassenen Stadt München.
180 1836 796 1897 zu Tode gehetzte Soldaten sich
787 1853 1973 1916 der Idealist. Da schlägt sich seine Freundin, die es satt
2071 1831 3161 1941 „Ein Kind ward hier geboren!“ singt feierlicherweise
161 1865 785 1948 kit dem Herdeklamieren einer
796 1881 1979 1963 ist, immer nur intellektuelle Heldinnen zu spielen und auch
1969 1902 2744 1968 Haus Sachs in den „Meistersingern“.
175 1928 784 1992 ben, ehe sie als melodrama¬
797 1939 1980 2011 ihre körperlichen Vorzüge gewürdigt wissen möchte, zur
2048 1936 3158 2019 Ein Kind, das neun Monate lang verzweifelt um
174 1973 793 2043 in Mütterchens Arme sinken.
788 1995 1973 2057 gegnerischen Partei; und siehe da: im dritten Akt werden
1972 1997 3158 2049 sein Tasein gerungen und von allen Sachverständigen
178 2023 781 2095 nach dem Rotstift des Gym¬
783 2034 1972 2111 im Goethetheater nur mehr Possen gespielt; die ehemalige
1964 2042 3156 2116 längst aufgegeben worden war. Nun steht es plötzlich da,
185 2073 780 2157 r „ungenügend“. Kritik ist an
784 2095 1964 2168 Ibsendarstellerin erscheint im Trikot bis über die Ohren,
1968 2098 3151 2163 auf sicheren Füßen und beginnt zu wandeln auf einem
179 2113 424 2183 ht zu üben.
789 2132 1966 2208 der Idealist besitzt ein herrliches Auto, eine noch herr¬
1966 2152 3158 2237 Wege, der reich an reizvollen Ausblicken und gar nicht
168 2151 783 2237 fäglich — wohl auch die Direk¬
789 2190 1964 2254 lichere Villa, hält die Kunst nicht mehr für eine Göttin,
1962 2179 2571 2256 mehr problematisch erscheint.
160 2215 790 2292 nd beeilte sich, die Scharte so
783 2232 1963 2306 der man dienen muß bis zum letzten Atemzuge (so dachte
2052 2230 3151 2314 Ich meine das Münchener Lustspielhaus, das unser
157 2261 775 2339 wetzen. Kaum vierzehn Tage
783 2290 1957 2356 er im ersten Akt), sondern für eine „Melkkuh“, und als
1968 2269 3157 2367 Landsmann Dr. Eugen Robert ulliger Weise vor genau
163 2317 782 2381 der eine Uraufführung: Karl
791 2323 1972 2422 man ihm von Schiller spricht, da sagt er wieder: „Nur
1971 2344 3146 2408 nenn Monaten übernommen und bis vor kurzem unter
168 2366 780 2430 eutschen Witzblätter unter dem
792 2380 1238 2451 über meine Leiche!“
1965 2385 3151 2478 bitteren, schier aussichtslosen Kämpfen über Wasser ge¬
164 2414 786 2482 hlbekannt, versuchte sich zum
869 2409 1951 2497 Man sieht: die Rechnung geht glatt auf. So glatt,
1972 2432 2215 2514 halten hat.
191 2458 775 2536 Ich konnte den starken Er¬
778 2485 1967 2550 daß der nüchterne Kapitalist der ersten Akte zum Schluß
2043 2472 3151 2572 Man bedenke: er kam aus Berlin, wo ihm finanzielle
181 2503 790 2579 Lustspiel in drei Akten ohne
774 2517 1960 2595 der Einzige sein muß, der sich seines Glückes schämt und
1957 2545 3143 2624 Schwierigkeiten das Steuer des von ihm gegründeten
162 2562 784 2633 omik“ nennt es Herr Ett¬
775 2556 1958 2646 nun nach Schillern schreit. Das Publikum hatte viel Freude
1952 2598 3138 2667 Hebbel=Theaters aus der Hand gerungen hatten. Kam
159 2601 778 2677 kre fand, erst anläßlich einer
782 2624 1947 2688 an dem gut funktionierenden Rechenexempel, noch mehr
1962 2643 3145 2723 mit dem Kainszeichen, auch „Pleite“ genannt, in eine
153 2657 774 2735 #tieren. Denn an jenem Abend
781 2669 1961 2743 an den eingestreuten Kulissen= und Literatenscherzen, die
1960 2690 3134 2755 fremde Stadt und eröffnete — nicht etwa ein neues
165 2704 775 2780 drei Premieren auf einmal:
773 2706 1950 2797 der Verfasser wohl als Ersatz für Ehebruch und Si¬
1961 2742 3147 2809 Theater, denn ein neues Haus steht von vornherein im
166 2759 773 2832 Schnitzlers „Das weite Land“
761 2752 1417 2839 tuationskomik zum besten gab.
1960 2790 3147 2868 Mittelpunkte des allgemeinen Interesses und muß sich
158 2806 779 2884 Beer=Walbrunns Oper „Don
871 2821 1952 2895 Im ganzen: auch ein Stück, das die gefürchtete
1954 2851 3137 2916 erst durch allzu gediegene oder allzu minderwertige
158 2859 771 2934 ofbühne. (Nebenbei: eine ganz
787 2852 1953 2946 Hydra in eine Melkkuh verwandeln wird und das der
1955 2878 3144 2968 Leistungen die Gunst des Publikums verscherzen, wenn
201 2905 776 2999 für das „München ohne
774 2918 1946 3004 Held Ettlingers, Direktor Lindt, in den ersten zwei Akten
1945 2932 3143 3014 es zugrunde gehen soll, sondern ein jahrelang von
159 2949 681 3049 iser waren ausverkauft!)
779 2958 3138 3079 seiner Direktionstätigkeit gewiß nicht augenommen hätte, Hand zu Hand gewandertes, übelbeleumundetes Rauch¬
