3344 4352
278 163 1207 264 24. Das   ie dieete e e e ee e e
355 974 992 1060 Dr. Man Goldschmiet
368 1052 990 1114 Büro für Zeitungsausschnitte
721 1086 1167 1148 Telefon: Norden 3051
180 1087 470 1151 BERLIN N 4
503 1166 847 1221 Ausschnitt aus:
441 1202 905 1288 Die Zeit, Berlin
790 1344 1152 1454 1. Dez. 1920
462 1504 1199 1598 Rotters im Lessingtheater.
438 1579 1265 1646 Die viel umstrittenen Gebrüber Rotter haben
376 1635 1266 1688 jetzt ihren Einzug auch im „Lessingtheater“ ge¬
384 1676 1266 1746 halten, womit sie sich das vierte Berliner Schau¬
394 1714 844 1779 spieltheater einterleibten.
432 1771 1266 1838 Mit der Eröffnungsvorstellung machten sie es
376 1818 1262 1882 sich nicht gerade schwer. Sie verlegten einfach
388 1859 1262 1913 ihre Aufführung von Schnitzlers Tragi¬
379 1892 1259 1967 komödie „Das weite Land“ aus ihrem Resi¬
374 1937 1257 2004 denztheater in ihr Lessingtheater. Was dort gut
373 2003 1260 2054 war, wird hier nicht schlecht sein. So zeigten sie
385 2031 1262 2088 im „literarischen“ Lessingtheater, daß sie auch schon
371 2080 1257 2145 im Residenztheater hatten „literarisch“ sein kön¬
370 2121 1258 2196 nen, wenn sie wollten, was noch von niemandem
373 2161 782 2221 bestritten worden ist.
414 2200 1256 2291 Sie boten Irene Triesch, Arnold Korff,
368 2245 1259 2323 Heinrich Schroth, Josef Klein und andere
363 2307 1267 2365 auf. Das sind so gute und bühnenkundige Schau¬
365 2341 1267 2413 spieler, daß sie wohl auch ohne jeden Direktor und
363 2398 1261 2454 Regisseur eine anständige Schnitzleraufführung
354 2423 1264 2497 zustande brächten. Für die künstlerischen Quali¬
353 2484 1263 2546 täten der Brüder Rotter und ihres Regisseurs
358 2525 1268 2608 Oskar Kanehl beweist also eine solche Aufführung
363 2564 705 2626 wirklich nicht viel.
410 2608 1265 2687 Der Fabrikant Hofreiter, dieser österreichische
350 2666 1261 2718 Industriekapitän, der sich vor allem durch seine
351 2707 1259 2775 unzerstörbare Vorliebe für das weibliche Geschlecht
354 2751 1275 2805 und durch alle Zeit gut abgerundete Manieren
361 2795 1269 2861 nach erzherzoglichen Vorbildern von den Industrie¬
356 2831 1262 2899 kapitänen anderer Länder unterscheidet, ist eine
358 2883 1253 2941 der besten, wienerischsten Leistungen Korffs, seit¬
361 2915 1259 2989 dem er die allererste Jugend hinter sich gebracht
352 2961 1260 3013 hat. Irene Triesch ist immer noch eine er¬
347 3001 1264 3083 greifend seelenvolle Genia, in die sich wohl immer
368 3061 1258 3122 noch ein so hübscher junger Bursch und Marine¬
356 3093 1257 3160 fähnrich wie Georg Alexander verlieben kann,
346 3134 1259 3221 wenn Adele Sandrock als seine Mama nachgerade
1491 162 1785 251 X 29
1281 1270 2179 1333 auch nicht mehr sehr überzeugend wirkt, deren ge¬
1292 1315 2183 1373 schiedener Mann (Ferdinand Bonn) auch nicht gut
1290 1361 2183 1421 eine große Zukunft noch ror sich haben kann. Und
1282 1404 2179 1462 bei allem Respekt vor Olga Limburg und Julius
1289 1445 2168 1498 Falkenstein, der genius loci im „Kleinen Theater“
1293 1490 2080 1543 ist ihnen günstiger als im „Lessingtheater“.
1327 1530 2168 1599 1911 erschien diese Tragikomödie aus der Wie¬
1292 1580 2179 1653 ner Gesellschaft, gesehen durch das Auge eines
1292 1642 2170 1685 psychologisch gar hellsichtigen Schriftstellers, der
1280 1681 2180 1738 bei dieser Krankheitsgeschichte als gelernter Arzt
1288 1721 2170 1781 keine Mienen verzieht, so weh es ihm dabei auch
1291 1775 2177 1824 ums Herz sein mag. Von der Liebe ist nur die
1283 1813 2168 1875 Erotik übrig geblieben, und die Erotik ist zu
1289 1854 2173 1906 einem mehr oder weniger angenehmen Gesell¬
1288 1897 2174 1947 schaftsspiel geworden, in das auch Genia schließ¬
1277 1945 2173 1998 lich hineingezogen wird, was bei dem Zuschauer
1275 1992 2168 2028 immer noch wie ein besonders schmerzhafter, fast
1283 2033 2167 2075 unerträglicher Griff an sein Herz wirkt. Mehr
1277 2071 2164 2128 tragisch als tragikomisch. Hier spricht Schnitzler
1274 2122 2162 2172 einer Gesellschaftsschicht das Urteil, die ihrer Ver¬
1271 2162 2170 2227 nichtung nahe ist, ohne es 1911 selbst zu ahnen,
1274 2208 2079 2272 Wie sie es einst auch 1790 nicht geahnt hat.
1812 2255 2146 2336 Kurt Aram.
2417 163 2749 260 Pr. Mas O.
2407 219 2893 316 Bureau für Zeitungser
2743 266 3035 329 Telefon: Here¬
2313 303 2589 375 BERLIN N. 4
2888 324 3099 396 10 Nbr.
2213 354 3200 460 Aussehnitt aus: Feut Hrittaer 10 gg.-Pig,
2724 459 2817 519 1
2796 466 3133 572 7.Dez. 1925
2424 611 3133 741 „Das weite Land“.
2444 734 3138 802 Erstaufführung im Leisingtheater.
2392 800 3257 873 Soviel steht nach der Premiere der Rötters:
2331 859 3241 925 im Lessing=Theater (Sonnabend, Schnitz¬
2338 911 3238 965 ler: „Das weite Land“) fest: Herrn Bar¬
2332 958 3241 1004 nowsky braucht man keine Träne nachzuweinen.
2338 1012 3247 1059 Die Regie des Herrn Oskar Kanehl, das ganze
2342 1061 3249 1121 künstlerische Prinzip dieser Aufführung standen
2339 1112 3254 1165 zwar nicht über dem Niveau des bisherigen
2330 1164 3245 1209 Lessing=Theaters, aber es war mehr Anständigkeit,
2340 1216 3250 1272 mehr Anspruchslosigkeit darin und der Verzicht auf
2336 1264 3258 1328 die Barnowskyschen Charlatanerien. Eine Arbeit,
2339 1315 3245 1359 die zwar keine weiten Ausblicke eröffnet — Dar¬
2339 1359 3242 1415 steller, deren Entwicklung schon gewesen ist, ein
2347 1414 3245 1463 Stück, das auch nicht gerade Neuland bedeutet —,
2333 1478 3257 1530 das aber das Lob der Sauberkeit und Gewissen¬
2344 1515 2707 1582 haftigkeit verdient.
2392 1539 3250 1638 Schnitier, sein Tempo, seine Lebensauffassung,
2348 1612 3246 1669 seine Form stehen im Widerspruch zu dem, was
2344 1665 3237 1715 man das heutige Theater nennt. Aber es ließe
2337 1723 3248 1778 sich über diesen Widerspruch allerlei sagen, was
2337 1765 3250 1831 nicht zum Vorteil des heutigen Theaters wäre.
2326 1814 3242 1868 Auch „Das weite Land“ hat die Lässigkeit und
2335 1868 3247 1935 Mepsis des Lebensgedanken, das scheinbare Zer¬
2333 1920 3239 1979 fallen der Form — das „Ungsballte“, wie man
2340 1968 3240 2024 heute sagt. Aber es hat immerhin eine innere
2329 2028 3245 2091 Einheit, die moderne Dramen seltener haben.
2330 2070 3245 2121 Gedanke und Form sind eins. Der ironischen und
2326 2140 3247 2191 resignierten Liberalität der Ethik entspricht, wie
2337 2173 3244 2239 es gestaltet und entspricht eine liberake, scheinbar
2340 2225 3237 2288 lockere Dramaturgie. Die Zeit heute, die so heftige
2342 2275 3233 2334 Forderungen der Knappheit, der Konzentriertheit,
2331 2344 3231 2395 der Afkese im Formalen aufstellt, ist im Sittlichen
2337 2386 3244 2429 so kibertin, wie je eine. Das verdächtigt die Form¬
2337 2429 3235 2500 wünsche zuweilen als Krampf. Die echte Form
2326 2487 3242 2543 ist vom Inhalt nicht zu trennen. Foren ist Ethik,
2327 2530 3229 2598 Form ist Moral, die Form ist der Mensch selbst,
2333 2578 3230 2640 die Zeit selbst. „Die Liebe ist ein weites Land.,
2334 2635 3236 2703 sagt eine Gestalt in dieser Tragikomödie aus dem
2327 2680 3234 2736 Jahre 1901. Sie hat geduldige Grenzen, kom¬
2333 2750 3239 2793 plizierte Wege. Die Treue liegt bei der Untreue,
2329 2784 3227 2850 den einen liebt man, dem anderen gibt man sich,
2331 2834 3234 2896 Entfernung und Verrat führen wieder zusammen,
2342 2882 3238 2942 nichts ist einfach, nichts ist Wahrheit, nichts ist
2334 2939 3236 2988 Lüge. Aber über das Tohuwabohu eines Ge¬
2327 2985 3234 3051 schehens, das darin relativistischen Spuk des
2323 3050 3234 3098 Lebens darstellt, leuchten ganz stark und sehr
2330 3096 3238 3146 positiv die warmen Lichter der menschlichen Zu¬
2331 3155 3231 3201 sammengehörigkeiten, bleibt, sehr bejaht, die
2337 3196 3228 3248 Liebe. Und all das scheinbar willkürliche
2972 3241 3242 3305 Schweisende,
2327 3239 2972 3305 Durcheinander der Fonmn, das
2318 3302 3235 3347 Nachgebende der Technik, das Verschwim¬
2990 3335 3237 3403 sich doch
2327 3344 2979 3412 mende und Lockere schließt
2324 3390 3231 3445 sehr präzise zum dramatischen Erlebnis, all
2330 3453 3222 3502 die Ehebrüche und Ehebrüchkein, Dolomiten¬
2325 3498 3216 3555 abenteuer, Selbstmord= und Duellgeschichten,
2326 3549 3226 3607 Albernheiten und Gescheitheiten fügen sich zum
2319 3595 3230 3654 Drama einer Ehe, das ein Drama von großer
2331 3641 3233 3690 Allgemeingültigkeit ist. Mancherlei ist langammig,
2332 3689 3224 3753 manches weise Wort steht allzu selbstgefällig da
2366 3745 3226 3804 aber das Uebrige, das große Ganze, dieser
2328 3786 3231 3850 warme, immer zeitgemäße Lebensstoff, die immer
2325 3851 3228 3901 aktuelle dramatische Materie wäre durch Schau¬
2329 3881 3231 3947 spieler von jungem Leben und eine ins Zentrum
2321 3939 3221 3997 treibende, fest zugreifende Spielleitung zweifellos
2326 3993 3244 4050 gegen die Ablehnung auch des jüngsten Emp¬
2327 4039 2767 4100 findens sicherzustellen.
2370 4083 3251 4144 Soweit gelangt man im Lessingtheater freilich
2319 4135 3218 4190 nicht. Da kommt eine fleißige und tadellose Nach¬
