3392 4352
1373 91 1800 216 box 23/2
241 95 1213 217 24. Das weite Land
511 1227 3306 1307 p  Sansn. dur. seifergeistige Bothertschaft über viele seit Jahrhunderten ständigung mit der Türkei im kulturellen Interesse
248 1271 3308 1343 ein solcher Rückzug würde sorgfältiger Vorbereitung be= bestehende Derwischorden mit Hunderten von Klöstern seines neu erworbenen afrikanischen Kolonialreiches und
245 1336 3309 1432 dürsen, und dapt ist er obendrein abhängig von dem in der Welt des Islams errungen. Alles nur durch die im allgemeinen zivilisatorischen Interesse des friedens¬
244 1386 2921 1462 jeweiligen Wosservorrat in den Wüstenbrunnen der weit Macht seiner Persönlichkeit und fanatische Ueber=bedürftigen Europa zu erleichtern.
1715 1430 1920 1511 WETETSE
2733 1431 3074 1527 N E
337 1489 1265 1546 Jousegung des Romanes „Peingassin Fladiana“
1257 1493 3294 1583 Glück an dieser dem Hochgebirge verwandten Natur Tragikomödie „Das weite Land“ anregte, gewisser¬
244 1522 1058 1608 von Li##itel Losneur Geite #I vom I. Oktober.
1262 1544 3304 1626 versuchen. Ihre von einem stolzen Willen gebändigten maßen mit Fingern auf den edlen Toten hinzuweiser
308 1574 736 1643 agesbericht Seite W.
1255 1599 2285 1673 Sinnentriebe gleichen den verheerenden Wildbächen, die
2263 1607 3301 1679 und ihn dann ruhen, auf sich beruhen zu lassen. Wozu
1253 1647 3305 1734 man an der Quelle fassen muß, wenn man sie zur Ver= denn? Der Dichter konnte und wollte ihn ja gar nicht
1255 1698 3300 1778 nunft bringen will. Für Fernerstehende oder Kurzsichtige zum höheren poetischen Leben wieder auferwecken. Seine
499 1678 1022 1810 Feuilleton.
979 1665 1217 1838 .
1233 1748 3296 1831 blieb der Faust und Don Juan der Berge der gute drei Drittel=Christomanosse, wenn man dem
1239 1811 2280 1882 Kamerad, unterhaltende Gesellschafter, der er war,
2269 1814 3299 1891 Fabrikanten Hofreiter, dem Hotelier Doktor von
1254 1858 2284 1927 der berüchtigte Tausendsapperloter und Schwerenöter, der
560 1810 1228 1950 Burgtheater. V0
2268 1868 3294 1932 Aigner und dem Bankier Naiter die Ehre erweisen
1253 1911 2280 1994 er sein konnte, der heute in Führertracht diskret einer
2271 1908 3297 1983 will, sie so hoch zu bewerten, geben keinen ganzen. Wohl
248 1906 1263 2011 „Das weile Band“, Tragikomödie in fünf Akten von Ertur Schnitzler.
1259 1967 2278 2037 nornehmen Fremden auf schwindelnden Steigen zum
2270 1972 3292 2033 steckt in jedem von ihnen ein tragischer Held, der dreimal
338 1992 1266 2079 Hoch droben im Reiche König
1254 2000 2273 2087 Gpfel ihrer Wünsche verhalf, morgen einer Amazone
2267 2016 3301 2088 zur Lustspielfigur erniedrigt wird, um den satirischen
239 2062 1254 2124 des himmelanglühenden Rosengartens auf felsigem
1261 2070 2268 2137 als Reitknecht den Bügel hielt, um dann als Kavalier
2270 2054 3300 2144 Absichten des Dichters zu dienen. Doch der Widerstreit
250 2114 1269 2170 Gipfel, von dem man weit über die Täler und Berge
1256 2121 2283 2201 mit ihr durch die Wälder zu galoppieren, der bald den
2259 2119 3292 2191 zwischen Zeitlichem und Ewigem, Erhabenem und Ge¬
240 2173 1258 2230 des gesegneten Etschlandes hinwegsieht in dufterfüllte
2270 2178 3288 2235 meinem, der Kampf um den Preis einer sittlichen Idee,
1265 2173 2284 2245 Bonvivant, bald den Dandy spielte, allen hals¬
256 2220 1263 2281 Fernen, wird dem Adler der Horst bereitet, dem ehernen
2262 2221 3292 2303 der den Helden fordert und herarsfordert, das echte
1265 2223 2276 2302 brecherischen Künsten den unerreichbaren, blasierten
250 2276 1257 2333 Adler des Dr. Theodor Christomanos. Ein von den
2267 2257 3297 2360 Christomanosmotiv fehlt ihnen. Ihre kleinen Motivchen,
1249 2273 2279 2344 Meister zeigte, den Ortler in Balltoilette, mit Frack,
233 2316 1267 2393 Freunden und Verehrern des unerschrockenen Vor¬
2259 2330 3292 2408 Gelüste, Sehnsüchteleien, Berechnungen, Anschläge und
1257 2333 2264 2392 Zylinder und Lackschuhen, bestieg, von Sulden und
246 2365 1257 2441 kämpfers für Licht und Freiheit, Lebensmut und
2265 2371 3284 2449 Machinationen sind ihnen von ihrer Umgebung her zu¬
1247 2379 2278 2447 Trafoi eines vergessenen Damenfächers wegen auf dem
241 2416 1264 2499 Lebensfreude errichtetes Denkmal, soll der heilige
2267 2430 3294 2493 geflogen wie Samen des Unkrautes, das den Weizen
1264 2435 2271 2503 Fahrrad zu Tal bis nach Meran sauste, die unermüd¬
234 2470 1253 2558 Göttervogel den Namen des großen Natur¬
2258 2475 3289 2548 überwuchert, und die Komödie tritt in ihr zweifelhaftes
1255 2486 2270 2552 lichsten Tänzer übertanzte, die erprobtesten Fechter ab¬
243 2515 1254 2602 und Menschenfreundes zur Sonne emportragen,
2260 2529 3295 2599 Recht. Sie wäre das lächerlichste Lustspiel ohne den
1249 2540 2264 2604 stach, die ausgepichtesten Zecher unter den Tisch¬
235 2574 1257 2669 die den Zickzackpfad und Kletterweg seines Erben¬
2260 2582 3291 2651 umflorten Nahmen, in den sie eingespannt wurde; ihr
1257 2579 2264 2652 trank usw. Mir diesen höchst schätzenswerten Tugenden,
238 2620 1148 2702 wallens mit ihren freudigsten Strahlen beschien.
2266 2630 3289 2698 fataler Zug zum Trauerspiel verrät nur die tragische
1240 2636 2266 2704 Eigenschaften und Fernigkeiten hätte Christomanos den
2258 2675 3289 2763 Grimasse. „Hierin aber besteht eben die Originalität
335 2684 2259 2757 Wer Christomanos näher gekannt hat und den Adler der Punta del Masaré gewiß nicht verdient. Er
236 2727 1255 2801 Legendenkreis Mrchauft, der schon bei seinen' Lebzeiten
2264 2733 3276 2819 des Stückes, das es zu einer einzigen Erscheinung auf
1258 2745 2269 2805 hat Berge versetzt und Täler geebnet, sein Dasein dem
236 2766 1267 2863 diesen Haupt= und Prachtkerl umzog, wird sich nicht
2265 2785 3280 2870 dramatischem Gebiete macht, zu einem außerordentlich
1242 2779 2268 2862 Dienste der Menschheit gewidmet und das Licht des
2256 2837 3287 2928 interessanten Zwitterwesen. Den Hermaphroditen
241 2831 2267 2903 wundern, daß es den Dichter reizte, eine Romanfigur Geistes in der Finsternis entzündet, so daß es nach dem
227 2865 2261 2969 oder den Helden eines Theaterstückes aus ihm zu Untergange seiner Sonne fortleuchtet, zur ohnmächtigen
2252 2895 3282 2971 lelendig und nicht nur erträglich, sondern reizend
237 2928 419 3005 bilden.
1239 2944 1947 3008 Wut der Virorum obscurorum.
2247 2937 3285 3023 werden zu lassen, gelang einzig der unvergleichlichen,
327 2964 1278 3071 Aber nur eine starke Hand, die elementare Stoffe
1329 3016 3283 3107 Es wa unvorsichtig von Schnihzler, gar so deutmit den feinsten psychologischen Hilfsmitteln arbeitenden
238 3035 2741 3129 zu packen und zu meistern imstande ist, wird sich mit lich an den Gegenstand zu erinnern, der ihn zu seiner Rätselkunst Schnitzlers,
1887 3108 2153 3259 “2.
