3344 4320
237 106 1208 210 24. Das beiteLand
355 455 1254 566 ne
776 535 1164 639 48. J4
487 541 713 647 AS.
492 697 1193 774 Kunst und Wissenschaft.
422 756 1308 836 — Lessing=Theater: „Das weite Land“, Tragi¬
353 809 996 850 komödie von Arthur Schnitzler.
400 835 1303 904 „Was sind wir Menschen doch im Grunde für
358 875 850 947 komplizierte Subjekte!
839 885 1302 942 So vieles hat zu¬
369 928 1304 995 gleich Raum in uns! Wir versuchen wohl
363 964 837 1022 Ordnung in uns zu
844 964 1027 1022 schaffen,
1116 967 1310 1025 gut es
1041 972 1124 1021 so
366 1017 1298 1061 geht; aber diese Ordnung ist doch nur etwas
359 1042 808 1104 Künstliches. Die Seele
866 1043 1291 1105 ist ein weites Land!“
363 1087 1302 1145 Ungefähr mit diesen Worten gibt eine der
356 1114 1307 1179 vielen Nebenpersonen das Thema von Schnitzlers
363 1170 1296 1219 neuem Werke an. Die Seele ist ein weites Land —
364 1202 1310 1269 und in einem weiten Lande gibt es noch viele un¬
363 1244 1311 1283 erforschte Gegenden. Ja, selbst von denen, die man zu
361 1283 1316 1334 kennen glaubt, ist die Kenntnis doch nur recht ober¬
368 1319 1311 1372 flächlich. Da reden wir von verschiedenen Provinzen:
369 1360 1323 1413 Liebe, Haß, Eisersucht, Reue — und doch, geben“
355 1396 1312 1460 diese Worte wirklich genaue Vorstellung aller der be¬
360 1443 1094 1486 treffenden Distrikte in dem weiten Land?
392 1479 1313 1540 Der Fabrikant Hofreiter ist, was man einen Don
355 1508 1314 1573 Inan nennt. Er betrügt seine Frau mit dieser
361 1556 604 1616 und jener,
647 1566 1306 1618 aber wer kann sagen, er liebe
360 1590 1314 1640 seine Frau nicht oder sie sei ihm gleichgültig?
364 1637 1320 1695 Vielmehr, es scheint, er umgibt sie gewisser¬
366 1720 1321 1785 hat geradezu eine Witterung für ihren Verkehr
359 1758 1311 1816 mit den Männern, ein seines Gehör für ihren
363 1800 1322 1835 Verkehrston. Als er erfährt, daß sich einer wegen
361 1840 1311 1895 unerwiderter Liebe zu ihr das Leben genommen,
358 1884 1320 1927 graut ihm fast vor ihr. Und als er entdeckt, daß
363 1923 1317 1972 sie einen anderen erhörte, frohlockt er beinahe, weil
371 1962 1326 2031 er sich nun im Hause nicht mehr als der allein
371 1987 898 2047 Schuldige zu fühlen brauche.
404 2021 1321 2093 Diese Seelenkomplikationen glossiert Schnitzler vier
366 2063 1310 2141 Akte lang mit vielen feuilletonistischen Geistreichig¬
366 2116 1319 2168 keiten und immer in einem Dialog, der diese
363 2158 1323 2209 Akte zu einem feinen Konversationslustspiel
373 2199 1323 2241 auf bemerkenswert solider psychologischer Grundlage
370 2238 1316 2282 stempelt. Vieles in diesen Partien gehört zum Ge¬
364 2280 1307 2331 schliffensten, was der geschmackvolle Dialogiser je
378 2318 1316 2368 gesprochen, und man freut sich vielfach dieser
366 2351 1323 2416 Weisheit, die mit überlegenem humoristischen
373 2397 1317 2453 Schmunzeln die Wahrheit sagt und durch keine
375 2427 711 2485 neue Entdeckung
697 2436 744 2475 818
736 2433 1319 2494 im weiten Lande seelischer
367 2461 1320 2530 Stimmungen aus der Fassung zu bringen ist. Um so
370 2522 1316 2566 größer das Stannen, daß der lächelnde Weise ur¬
373 2552 1321 2599 plötzlich die Stirne zu finsteren tragischen Falten
372 2592 1324 2646 runzelt. Der froh das Leben genießende Fabrikant
369 2625 1326 2678 tritt mit einem Male mit den Tragödienhelden
378 2679 1324 2770 in Konkurrenz, greift zum Revolver und erschießt den
374 2743 1182 2812 von der Gattin begünstigten Fähnrich.
1174 2745 1321 2796 Diese
377 2789 1328 2843 tragische Krönung wirkt unorganisch. Doch gewiß
379 2819 1327 2872 ist sie das Resultat einer tieseren Absicht: Ist
380 2861 1337 2916 vielleicht im tiefsten Grunde des Helden Liebe
372 2900 1329 2959 zur Gattin immer so glühend und echt gewesen,
378 2941 1331 2988 daß er nicht anders handeln konnte? Und war ihm
370 2983 1334 3040 alles andere nur Episode? Es ist das Schlußfrage¬
383 3014 1326 3071 zeichen des Schnitzlerschen Werkes, andeutend, daß es
369 3050 1342 3113 uns wohl immer versagt bleiben wird, einzudringen
382 3098 1326 3170 in die Geheimnisse des weiten Landes, das wir Seele
382 3135 543 3190 nennen.
425 3165 1335 3239 So wenig die Dichtung im eigentlichen Sinne
382 3216 1337 3274 bühnendankbar ist, — das Lessing=Theater meisterte
390 3259 1329 3316 sie trefflich. Herr Monnard in der schwierigen
383 3298 1331 3348 Hauptrolle vergrößerte gleichsam den Anatol¬
385 3336 1335 3392 Typus und vertiefte ihn nach Anleitung des Dichters.
372 3379 1335 3430 Ich habe den Künstler noch nie so menschlich schlicht ge¬
376 3416 1335 3463 funden wie in der Gestaltung dieses dissizilsten, kom¬
374 3457 1333 3510 pliziertesten Charakters. Frau Triesch sekundierte
386 3484 1331 3546 ihm meisterlich, war bald seine Herrin, bald fast seine
381 3538 1335 3592 Sklavin und leuchtete tief in die seelischen Unbegreif¬
384 3562 1335 3613 lichkeiten. Das gesamte Ensemble hielt sich über¬
378 3609 1328 3658 haupt in den oft kaum greifbaren Situationen auf
379 3650 1331 3704 gewohnter Höhe, und selbst in den Partien,
384 3673 1339 3744 die als unnötiger Ballast erschienen, wußten Künstler
386 3724 1331 3787 wie Stieler und Marr, die Herterich und die Sussin,
384 3767 1339 3828 die Aufmerksamkeit immer wieder auf die Szene zu
378 3808 1333 3854 fesseln. So wurde es ein zwar nicht lärmender, aber
382 3846 1332 3891 ehrenvoller Erfolg, für den Direktor Brahm alle
375 3882 1336 3949 Ursache hatte, im Namen des abwesenden Dichters
384 3920 615 3987 zu danken.
1182 3957 1295 4023 Kp.
1353 99 1812 188 box 28/4
1851 1174 2218 1259 Ausschnltt aus
1583 1200 2547 1369 Se e
1739 1243 2544 1448 16 T 414
3187 1254 3313 1462 We
2804 1446 3325 1517 vorgestern begegnet dem Ehe
1810 1457 2513 1550 „Das weite Land.“
2801 1498 3279 1558 erlebte, erlebt dieser jetzt.
2806 1543 3327 1590 aber weil wir Menschen „ko
1625 1527 2709 1620 Tragikomödie in fünf Akten von Arthur Schnitzler.
2802 1588 3319 1640 wahre Liebe nicht zugleich e
1846 1596 2507 1657 (Uraufführung im Lessingtheater.)
2795 1622 3321 1685 Männer wird durchkreuzt v
1608 1637 2785 1693 P. S. Das Publikum nahm dieses Stück nicht gerade über¬
2799 1667 3318 1730 „unendlich“, ist „Anbetung“;
1547 1692 2787 1747 wältigt und überwältigende, aber doch nach leisen gelegentlichen
2798 1701 3326 1763 Weibchen und Mädchen. In
1555 1729 2792 1785 Zweifeln ohne Widerspruch an und wünschte zum Schluß dem Dichter
2796 1752 3330 1803 Frau vom ungetreuen Gatter
1557 1781 2792 1839 zu danken. Statt seiner erschien Direktor Brahm und entschuldigte
2792 1794 3331 1855 künstlerischen Beruf gesucht
1553 1819 2781 1870 sein bedauerliches Fernbleiben damit, daß er zur Uraufführung des¬
2796 1836 3334 1893 beitenden Menschen erzogen.
1540 1860 2786 1904 selben Stückes in Wien sei. Der Eindruck blieb fast nach allen fünf
2796 1875 3319 1934 zum Betruge des liebenden
1539 1903 2782 1946 Akten der gleiche. Doch gefiel wohl am meisten der mittelste, weil
2791 1926 3328 1966 wird deshalb Gegenstand des
1535 1946 2784 2000 er das Treiben im Bestibül eines großen Dolomitenhotels während
2787 1962 3321 2017 jene Andere. Auch ihr Söhr
1542 1988 2784 2042 der Hochsaison zeigte und neben den Hauptpersonen einige belusti¬
2797 1999 3324 2063 mitten in der Gesellschaft und
1540 2029 2788 2074 gende Touristentypen vorwies. Die krassen Effekte der beiden Schluß¬
2797 2051 3313 2096 her die parfümierte Wiener(
1538 2071 2784 2122 akte, Herausforderung zum Duell und tödlicher Ausgang, hätten noch
2794 2086 3321 2137 des Blöden, des Geistreichen,
1535 2108 2781 2162 stärker gewirkt, wenn sie früher gekommen wären. Das Publikum
2804 2131 3327 2189 feinerten, des Luges und des
1543 2152 2782 2210 war allmählich durch eine Breite des Dialogs übermüdet, die man
2800 2174 3334 2234 einandergeliebelt, und der M
1543 2192 2780 2254 episch, aber nicht dramatisch nennen darf. Dabei waren gerade die
2798 2217 3326 2278 den“ Liebe zur eigenen Frau,
1537 2229 2790 2293 für den Sinn aufschlußreichsten Szenen leider am unlebendigsten,
2791 2260 3313 2314 Quere: zuerst ist es das
1539 2280 2781 2325 aus der Doktrin und nicht aus dem Wesen der Menschen erzeugt,
2793 2291 3332 2370 moderne Mädchen, das nur n
1531 2318 2782 2367 so daß manche Undeutlichkeit den Mitgang des Publikums erschwert
2789 2338 3030 2395 lieren hat.
1536 2358 2786 2406 haben mag. Ich glaube, da ließe sich noch nachhelfen. Es ist doch
2838 2368 3321 2443 Alles das sieht, hört, fühl
1538 2407 2779 2461 nicht unbedingt nötig, daß das Stück, in dem so wenig Treue gehalten
2779 2430 3325 2478 Mann ebenso intensiv liebt
1534 2445 2773 2499 wird, gerade nach seiner Formseite hin dem Titel treu bleibt.
2784 2474 3325 2517 Spiegelbild aus jener älteren
1585 2480 2346 2551 Ein tönender Titel! „Das weite Land“
2339 2485 2766 2552 — es soll die mensch¬
2784 2516 3307 2568 zwei Männer, so haben auch
1524 2519 2775 2599 liche Seele sein. Schon manches Drama der Vorzeit hätte diesen
2783 2557 3330 2604 ment. Von der älteren erfä
1526 2574 2770 2643 umspannenden Titel verdient: Shakespeares „Hamlet" Goethes
2780 2593 3319 2646 Kind den verlorenen Mann,
1533 2605 2777 2675 „Stella“, Kleists „Homburg“ Grillparzers „Jüdin“ — ich erwähne
2794 2638 3321 2687 solch ein Verlust unvergeßlich
1542 2643 2766 2717 nur das Beste vom Besten. Von Ibsen könnte man alles so nennen.
2791 2681 3321 2731 jenige ist, die niemals verzeih
1526 2708 2766 2759 Sogar die „Oresteia“ des Aischylos ließe sich auch vom Standpunkte
2787 2728 3312 2776 und durchlittenen Erfahrunger
1534 2749 2774 2795 moberner Seelenkunde darstellen. Fontane hätte seinen tiefsten Roman
2781 2759 3330 2812 hervor. Ihre noble Erschein
1538 2796 2768 2845 „Das weite Feld“ nennen können, aber er wählte für sein Aushänge¬
2777 2797 3327 2859 bare Ruhe, und doch der unv
1530 2831 2770 2883 schild eine schlichtere Farbe und nannte ihn „Effi Briest“; alle diese
2782 2843 3332 2907 Gigerln, die faden Alfreds, di
1531 2873 2766 2941 Werke breiten sich vor unserm innern Auge auf, wie ein weites Feld
2780 2881 3332 2936 daran vorbei; aber gerade auf
1527 2903 2111 2971 oder gar wie ein weites Land.
2783 2931 3330 2988 das Eindruck. Ein befreunde
1583 2940 2767 3023 Auch unter dem Feinsten was der Wiener Schnitzler schon ge¬
2781 2971 3329 3024 da er „kein Freund von Herze
1525 2996 2764 3060 dichtet hat, verdiente diese Aufschrift schon manches Drama mit glei¬
2773 3011 3327 3077 daraus. Ein Künstler erschieß
1530 3058 2768 3107 chen Rechken wie das neue Werk, das für den weiten Titel innerlich
2782 3055 3327 3109 verführt die gereifte Frau ei
1523 3085 2758 3131 zu schmal ist. Er ist auch nur als Etikett von außen in ein erklären¬
2782 3093 3334 3156 Sohn jenes älteren gegenbildli
1524 3130 2772 3167 des Raisonnement eingeklebt. Der Dichter stellt seinem — wenn man
2832 3126 3325 3194 Der Mann weiß alles, so
1525 3169 2764 3231 so sagen darf — Helden ein Spiegelbild entgegen, etwa wie Pai¬
2773 3180 3331 3227 eine weiß sie nicht, daß er vo
1522 3215 3325 3269 munds Menschenfeind dem Alvenkönige begegnet; ein Ehebrecher von ! sie wahrhaft, daß er sie allei
