3392 4352
319 1605 387 1669 r
677 329 749 396 W
250 330 1819 445 24. Das ite Land box 29/2
562 1409 1194 1520 Kgl. städt. Theater.
666 1498 1091 1583 Das weite Land.
469 1550 1366 1649 Da ist wieder einmal der rihtige Schnitzler.
400 1607 1376 1700 Und doch nicht der richtige. Da ist er wieder
391 1670 1365 1740 zu Hause. Und doch wieder weht es uns
405 1717 1361 1807 manchmal wie fremd von der Bühne an. Man
405 1759 1363 1859 fühlt die unmittelbare Nähe des scharf beobach¬
398 1815 1362 1908 tenden Erotikers, glaubt aber auch, fühlen zu
396 1870 1365 1958 müs en, daß hinter dem Beobachter der Dichter
390 1906 1357 2011 ein wenig zurückgeblieben sei, weil er em
384 1968 1355 2050 Kompositeur den Vortritt gewährte. Solche
386 2012 1350 2107 Galanterie mag eine theatralische Tugend sein,
388 2065 1352 2167 ist aber gewiß nur ein Verlust am rein Künst¬
386 2118 1335 2218 lerischen. Wie sich Schnitzler sonst bei ähn¬
383 2172 1343 2263 lichen Gelegenheiten als der starke Betoner
377 2227 1339 2306 einer ausdrücklichen Moral erwies, — („Moral“
364 2271 1338 2369 natürlich nur in ganz übertragener Bedeu¬
374 2334 1342 2419 tung): so zeigt er sich hier von einer gewis en
375 2373 1257 2454 Unentschlossenheit der Tendenzführung, ja,
375 2437 1341 2520 um es offen heraus zu sagen — von der Seite
375 2481 1335 2573 einer leisen Zerfahrenheit seines sonst so rich¬
362 2536 1334 2630 tunggebenden Willens. Ich meine: man weiß
362 2588 1326 2679 zum erstenmale nicht ganz so klar, wie sonst,
353 2642 1326 2729 was Schnitzler, der doch so viel zu sagen hat,
354 2680 1326 2772 mit dieser „Tragikomödie“ aus prechen wollte.
355 2734 1323 2838 Daß es sich im nicht darum allein handeln
353 2785 1319 2873 konnte, eine Begebenheit nach seinem Genre
359 2841 1327 2929 dramatisch zu erzählen, das ahnt man. Man
349 2893 1317 2970 will aber doch „die Moral aus der Geschicht“
349 2949 1327 3040 erkennen. Man will, daß sich der Dichter, wie
342 3001 1312 3088 man es bisher an ihm gewohnt war, zu irgend
343 3055 1310 3125 einem bestimmten Grundsatze bekennt, stalt,
339 3102 1327 3195 wie er dies augenscheinlich in diesem Stücke
313 3147 789 3235 tut, zu — mehreren.
1820 1506 2702 1582 Denn hier gibt Schnitzler der von ihrem
2722 1518 3315 1587 Held — (es ist für diese
1737 1549 2706 1629 Manne belrogenen Frau, die sich einem Ge¬
2720 1556 3264 1625 geichgültig, daß er ein
1729 1613 2698 1687 liebten an den Hals wirft, ebenso recht, wie
2716 1618 2812 1684 ist,)
2871 1619 3314 1688 hintergeht seine Frau
1738 1667 2701 1749 dem betrügenden und also betrogenen Gatten,
2708 1665 3298 1740 weiß es. Aber sie ist noch
1732 1716 2703 1779 der den Geliebten dann über den Hausen
2712 1718 3314 1793 Schnitzlers „Weihnachtseinkäu
1726 1759 2699 1839 schießt, Er stellt sich ebenso auf die Seite der
2719 1770 3321 1846 sich für das in der Ele ge
1725 1811 2694 1894 Frau, die ieren Mann verläßt, nachdem sie
2710 1820 3304 1887 glück durch einen Geliebten
1731 1867 2696 1940 von diesem hintergangen worden war, wie auf
2701 1880 3311 1953 lasen. Erst allmählich reist
1728 1921 2689 1975 die Seite des Mannes, der seine Untreue mit
2710 1928 3305 2002 schluß heran, — nicht, Ersatz
1730 1971 2687 2043 den Gründen eines inneren und äußeren
2704 1980 3310 2048 dern, sich zu reyanchieren. D
1727 2032 2675 2094 Zwanges entschuldigt. Hier eine Markierung,
2687 2024 3309 2097 zur Tat, und es berührt för
1726 2082 2689 2149 und da wieder eine, — aber den Weg sieht
2707 2082 3312 2146 satalistisch, daß der Geliebt
1720 2127 2676 2207 man nicht, der auf die Höhe führen sollte.
2705 2126 3305 2211 Frau das Kind einer Ele ist
1721 2177 2597 2246 „So vieles hat zugleich Raum in uns
2697 2189 3295 2254 gegangen, als sie an einem
1717 2220 2110 2291 Liebe und Trug
2199 2226 2677 2302 Treue und Treulosig¬
2691 2239 3310 2307 Mannes zerschellte. Der betro
1705 2287 2676 2353 keit ... Anbetung für die eine (Frau) und
2699 2285 3299 2358 deckte die Revanche seiner Fr
1709 2332 2682 2406 Verlangen nach einer anderen oder mehreren.
2683 2339 3300 2417 Geliebten, verläßt die Geli
1709 2374 2674 2451 Wir versuchen wohl, Ordnung in uns zu
2685 2396 3307 2463 Gatlin, formt so aus dem alten
1707 2430 2671 2514 schaffen, so gut es geht, aber diese Ordnung
2687 2443 3304 2533 in das plötzlich der so oft g
1718 2476 2373 2541 ist doch nur etwas Künstliches
2369 2503 2540 2555 „ „ „
2548 2493 2673 2560 Das
2684 2487 3291 2565 Kindes hineinklingt — man
1696 2532 2681 2601 Natürliche ist das Chaos. Die Seele ist ein
2692 2534 3299 2619 wie die Verkündung eines ne
1706 2590 2668 2660 weites Land . . .“ Sollte es Schnitzler um
2682 2591 3302 2670 Denn das Chaotische der Me
1694 2630 2671 2710 nichts anderes zu tun gewesen sein, als dieses
2677 2647 3250 2722 in dem Stücke viel zu oft
1704 2693 2671 2775 weite Land, dieses Chaos unseres Naturelles
2675 2695 3301 2769 dringlich betont, als daß ma
1689 2730 1988 2807 zu zeigen? —
2674 2739 3297 2824 es schließe mit dem Hinweis
1787 2793 2667 2869 Wenn es ihm tatsächlich darum zu tun
2678 2797 3280 2878 kunftsmenschen, der Licht
1708 2850 2669 2919 war, dann muß man in dieses Stück wie in
2680 2847 3304 2934 Neugestaltungen in das Cha
1708 2890 2669 2975 ein gewaltiges Stück der ganzen Trostlosigkeit
2681 2902 2905 2977 vermöchte.
1696 2943 2679 3023 des Lebens blicken. Es gibt hier keinen, aber
2743 2953 3298 3040 Das Stück atmet erdrück
1702 2983 3294 3079 auch nicht einen Menschen, der kein Chaos, mus. Der Geist der Rache
1704 3045 3302 3171 sondern eine harmonische Natur wäre. Der durch seine geistigen Wandelg#
