3344 4352
1405 144 1848 246 box 28/4
267 136 1258 253 24. Das weite Land
154 1010 1797 1095 t meine Kritik viel- Für ungefähr zehn Seelen ist die Liebe im Grunde Qual
160 1044 3361 1162 eder ein bischen zu Problem und Schicksal. Sie liebeln, ja, weil es Frühling odet es im stillen doch. Sie kennen ihre Tragik: zueinander zu ge=Erinnerung an jen
167 1104 3317 1155 als der Hang dieses Sommer ist, und weil es Mondlicht und Wiesenduft, Höhen, hören, aber einander nicht festhalten zu können. Weil sie die die nicht kennt,
156 1131 3354 1250 Schwankhaftiakeit ist rausch und Einsamkeit und in jeder Jahreszeit andre Gelegen. Reinheit dieses Glücks nicht finden, beschmutzen sie sich; weil Menschen bereichern
156 1176 606 1258 der der Verfasser von
576 1191 2970 1278 heiten gibt. Die Erotik flicht um sie ein feines und doch dichtes man sie ganz nicht haben will, zersplittern sie sich. So geht es
174 1230 596 1300 hat, um die Karre
2949 1228 3363 1303 wäre berechtigt, zu
576 1244 3355 1337 Netz von spinnwebzarten Fäden, die zerrissen und wieder zu. Genia, so geht es den andern. Durch das Stück dröhnt nicht in wie tiefe Mensch
161 1275 591 1336 alten. In den ersten
578 1275 2968 1364 sammengeknüpft werden und immer künstlich verschlungen sind pathetisch und wimmert nicht sentimental, sondern spricht bald
164 1313 582 1382 eingestreuten Lustig¬
2953 1316 3355 1385 Dichter in Menschen
583 1310 2961 1417 Sie liebeln dreist und zynisch durcheinander. „Das Klima der gefaßt und mit gütigem Lächeln, bald hinter Scherzen verborgen
151 1350 593 1430 würdig unbeholfenen
2963 1346 3362 1431 nur ein Zug — w
574 1354 2964 1453 Begebenheit“, wie vor Poppenberg schon Tieck zu sagen pflegte, ein tiefer Schmerz über die Unsicherheit aller menschlichen und
161 1405 583 1472 haben die Prägnanz,
2952 1394 3343 1470 lügt, und daß er
573 1398 2971 1499 hat eine leichte Beigabe von Verwesungsgeruch. Aber alle diese gar aller erotischen Beziehungen, über die furchtbare Einsamkeit
157 1438 595 1523 aus nicht allein die
2949 1451 3352 1516 eine Zug ist vollkon
577 1445 2959 1541 Menschen liebeln doch nur nebenbei und zwischendurch, neben jeder bessern Seele und über die Aussichtslosigkeit jedes Kampfes
163 1483 589 1561 ndrucksstärker machen.
2957 1481 3359 1557 Theater hat Arbeit.
577 1489 2971 1588 und zwischen der großen Liebe, an der oder für die sie ver= gegen diesen traurigen Zustand. Von vierzehn Menschen sind
198 1543 597 1612 Die Sätze werden
3005 1521 3364 1601 Brahm hat der
576 1545 2966 1625 bluten. Der junge Musiker Korsakow erschießt sich, weil er Frau mindestens elf unglücklich — und diejenigen, die schlecht und
2948 1566 3362 1647 zur Entschädigung in
155 1557 2970 1667 n oder deshalb, mehr. Genia Hofreiter nicht besitzen kann, und der noch jüngere Fähn= recht auf der goldenen Mittelstraße und im Dutzend geblieben
2957 1623 3355 1699 will ich den richtige
161 1632 2965 1684 Klang von Stichomy- rich Aigner wird erschossen, weil er sie besessen hat. Dieses sind, womöglich noch unglücklicher als die Libertiner der Phan¬
2939 1665 3353 1736 verbrahmten zwische
171 1660 2963 1716 erste fünsunddreißig Fähnrichs Eltern sind früh auseinandergegangen, weil der Mann tasie oder des Fleisches, die doch ihre blauen Jugendsehnsüchte
2955 1710 3361 1776 eines wienerischen C
151 1708 2950 1811 ler fertig war, hätte die Frau ein einziges Mal betrogen hat, und beide gestehen nach oder ihre höchst erdhaften Genüsse gehabt haben. Drei von den
2950 1760 3352 1819 mitenhotels herrscht
153 1759 2670 1820 ie erste Hälfte gehen zwanzig Jahren, daß sie keinen und keine nachher je wieder Vierzehn sind glücklich, und das sind Trottel.
2946 1795 3349 1866 Schnitzlers Gespräch
164 1796 1787 1885 die Wirkung auf die wirklich geliebt haben. Der Bankier Natter weiß, daß ihn seine
1824 1822 2967 1897 Also könnte „Das weite Land' genau so gut „Der einsame
2938 1827 3352 1908 von ihr ablenkt. G
163 1841 597 1912 ig auf mich, für den
572 1851 2962 1949 Adele jeden Monat mit einem andern betrügt und liebt sie doch Weg' heißen. Manches in beiden Dichtungen stimmt nicht blos
2943 1887 3350 1951 daß der Schein niem
167 1881 589 1964 gar nicht genug Zeit
580 1887 2962 1984 so rettungslos, daß er ein Leben ohne sie niemals ertragen wörtlich, stimmt erst recht nach Stimmung und Umständen über¬
2950 1924 3365 2002 nur die dichterische
158 1920 588 2003 ten Geplander eines
566 1944 3361 2041 würde. Der Doktor Mauer bietet Erna Wahl den Frieden und ein. Wie die junge Johanna Wegrath zu dem alternden Sala Ein Hauch von wis
177 1980 584 2060 ihm ernst ist, wenn
571 1986 2961 2074 die Sicherheit, die sie nur anzunehmen brauchte, um den braven bedingungslos sagt: „Ich liebe dich!“, so sagt bedingungslos zu
2943 2019 3361 2092 Sentimentalität und
163 2024 394 2099 ernst ist.
566 2025 2956 2122 Mann vielleicht für immer zu beglücken und es ist möglich, dem alternden Hofreiter die junge Erna Wahl: „Ich liebe dich!“
2934 2043 3364 2134 noch viel mehr. Vo
153 2052 590 2128 felt ernst. Leider ist
567 2062 2945 2165 daß er nach ihr keine mehr begehren wird. Diese Erng Wahl liebt Aber der „Einsame Weg', der den Vorzug hatte, früher da zu
2940 2106 3355 2178 — Erna, Friedrich,
156 2099 579 2181 Fühlsnüchterne Bühne
578 2110 2944 2209 Friedrich Hofreiter, der sie am Wendepunkte seines Daseins von sein, war auch voller, wog auch schwerer. Gewiß, Herr Friedrich
2944 2140 3363 2219 dargestellt. Fräulei
150 2147 589 2221 ch war, und die ihn
579 2165 2953 2243 sich stößt. Denn er hat Erna zwar genommen, wie so viele Hofreiter ist durchaus von Stefan von Salas Geschlecht. Um
2936 2185 3363 2259 klugen und tapferen
161 2187 575 2272 also nicht erstaunen,
578 2208 2948 2288 Frauen und Mädchen, aber ist sich klar darüber, daß er doch nur die Wende des achtzehnten Jahrhunderts hießen beide William
2947 2232 3345 2308 eine Schmerzgrimass
146 2230 596 2309 ehalten haben. Der
572 2234 1439 2320 Genia liebt — Genia, um derentwillen ...
1738 2258 3361 2346 Lovell und Roquairol; bei Bourget heißen sie Dorsenne und erweckt. Herr Mon
157 2274 584 2359 Mensch durch die Ge¬
619 2290 3355 2346 Zwischen Genia und Friedrich spielt das eigentliche Drama. Armand de Querne. Diese Menschen, so grundverschieden sie Hofreiter zu erklären
158 2334 580 2390 das Urteil. Er hätte
572 2328 2958 2392 Wenn es beginnt, ist sie ihm unheimlich, kann er ihr beinah im einzelnen sind, waren doch samt und sonders nie jung und
2935 2352 3352 2433 ein deutlicher Mens
150 2372 572 2436 er die Liebe wirklich
571 2383 2945 2463 nicht verzeihen, daß sie um eines Schemens, eines Nichts, eines von jeher skeptisch, früh friedlos und schnell leergebrannt; hatten
2937 2412 3363 2481 Figur zu setzen. Ih
197 2405 583 2481 Aber was er hier
571 2428 3358 2517 Phantoms, nämlich um ihrer Tugend willen jenen jungen Kor= immer zuviel Wissen und zuwenig Willen, das verfeinertste wenn sie von ihrer L
150 2461 585 2527 g und Frechheit, von
565 2467 2955 2552 sakow hat sterben lassen. Wenns schließt, hat er, in blinder Nervensystem von schmerzlicher Erregbarkeit und keinerlei Un¬
2934 2491 3349 2567 Gefühl einer Unapp
151 2508 573 2570 von rasender Leiden¬
558 2524 3353 2601 Wut und giftiger Eisersucht und großer Liebe, den noch viel mittelbarkeit. Ihre Fähigkeit zur Selbstbeobachtung verwehrt überflüssig finden, da
151 2537 573 2609 selig und grauenhaft.
563 2559 3362 2651 jüngern Aigner totgeschossen, den sie erhört' hat — sei es aus ihnen die Hingabe an den Augenblick. Jede Empfindung geht Premiere — die Sch
141 2583 579 2665 as weniger trübselig
566 2594 2948 2686 Erinnerung an den Fall Korsakow. sei es aus Rache für die ihnen zuerst ins Hirn, wird da zersetzt und erreicht selten das
2934 2632 3357 2696 ich ja schließlich Pu
152 2640 582 2709 Trauer in ihm um
573 2637 2947 2733 Erna Wahl, sei es aus simpler Sehnsucht nach der Wärme Herz. Sie sind unersättlich neugierig auf sich selbst, fühlen sich
2927 2666 3357 2745 Publikum im Theats
143 2679 565 2749 dieser Schicht. Aber
563 2687 3350 2781 eines unverbrauchten und naiven Menschen. Zwischen Anfang fühlen oder eben nicht fühlen und haben eine helle Freude an deckt, die auch ich erst
148 2729 574 2793 Augen zu rollen und
573 2735 3352 2819 und Ende sieht man wenig Versuche der beiden, zu einander zu ihrer Ungreisbarkeit. Die Kühle ihres Naturells schafft all-werden, daß nicht da
177 2765 567 2834 Er will schon der
561 2777 2947 2864 kommen, und das ist nicht nur ein dramaturgischer Einwand, mählich einen Abgrund um sie, in den sie am Ende versinken.
2925 2795 3363 2871 Die Helferin des Di
144 2800 577 2876 er nicht mit priester¬
569 2821 2940 2903 sondern hat wahrscheinlich auch empfindliche Gemüter gegen Sala versinkt, und Hofreiter versinkt. Aber vorher hat Sala
2928 2843 3362 2917 nach so langer Zeit
141 2846 571 2922 igenen Unfehlbarkeit.
563 2864 2945 2948 das Ethos der Dichtung eingenommen. Die beiden Menschen, eine ganz andere Existenz gewonnen als Hofreiter dem ich ent¬
2920 2891 3363 2973 ihrer rührenden Gege
145 2896 571 2966 ierendem Verständnis
555 2909 3362 3004 kann man sagen, kämpfen nicht genug, um so leicht unterliegen weder die Glühlichterfabrikation oder seine Differenziertheit wenn sie nicht redet.
142 2935 573 3012 kltmännisch gelassener
557 2953 3361 3030 zu dürfen. Für mich ist es ausschließlich ein dramaturgischer glaube. Es handelt sich nicht um die Branche: da geht einfach von Schmerz umflossel
146 2988 3363 3044 chen kann, daß eine Einwand. Denn ihre Kämpfe liegen bei Beginn des Stückes nicht alles zusammen. „Hineinschauen in mich kannst du doch den müden Abwehrb
139 3047 3360 3120 m sich zu ihm abzu= hinter ihnen. Sie wissen um einander Bescheid. Sie sagen, nicht — das kann keiner“, versichert er seiner Frau. Bis auf darin liegt alles, was
524 3091 3343 3172 daß sie nichts mehr wünschen und nichts mehr hoffen, und tun den Dichter, versichern wir Schnitzlern, der es leider unterlassen wollen; daß wir imm
1713 3144 3363 3236 hat. Hofreiter wird für jeden undeutlich bleiben, der nicht die von Seele und Seele
