3436 4320
588 70 2014 166 Nichel hergeführt, auf deren Route Wien so oft nichts weiter als ein
590 117 2015 221 Einhalt Vorort zum Balkan und zu noch interessanteren Ländern ist.
629 173 2016 264 aber Sondern diesmal dürfte er nichts weiter als Städtebummler sein,
580 186 740 272 ligion.
757 233 2011 312 und diese unvorhergesehenen Tage der Muße will er hier ver¬
576 264 2010 358 Brößte, bringen, wohin ihn die Erinnerung eines bejubelten Gastspiels,
722 334 2005 399 der Ruhm des Burgtheaters und des kunsthistorischen Museums
558 358 2013 443 s Urteil. und die Meinung lockt, daß der Rhythmus unseres Lebens so
546 422 1759 497 mentraf. leicht und so beschwingt ist wie sonst nur in Paris.
528 445 746 521 ie Hand
842 480 2013 542 Herr Le Bargy ist der Don Juan der französischen Bühne.
743 496 2014 600 Die Abarten dieses Charakters, von dem legendentreuen des
619 543 740 618 sagte
512 553 627 617 u.“
744 552 2005 648 Molière bis zum kompleren, durchaus modernen Marquis de
515 599 736 665 Sie Ihren
746 613 2000 680 Priola von Lavedau, verkörpern sich dem französischen Theater¬
521 657 733 715 ner hier.
729 670 2010 735 besucher in der Gestalt des Herrn Le Bagy, in seiner Eleganz der
526 698 727 764 ich hinzu,
742 713 2008 777 großen spanischen Reverenz mit dem Federhut oder in seiner Art,
548 753 2010 838 Eminenz die letzte Mode zu individualisieren. Als strebender Schauspieler
719 788 2007 874 konnte sich Herr Le Bargy nicht in dem von hundert Fesseln
542 853 1795 928 ine Auf- der Tradition und der Rücksichten gehaltenen
1791 874 1994 939 Théätre¬
548 892 613 944 d
622 900 1197 962 mich Francais wohlfühlen.
1227 909 1847 985 Er wurde hier, wo er
1855 925 1994 988 seinen
547 932 719 1003 ebsamen
741 950 1209 1012 ganzen künstlerischen
1203 954 1833 1033 Weg durchschritten hat,
1864 976 2011 1035 rasch
567 990 725 1050 : Hand
730 1003 1989 1075 Alleinherrscher in seinem Fach, Regisseur und einer der Mit¬
584 1047 1992 1131 lassen bestimmer in der Theaterrepublik. Aber doch trat er bald zur Fronde
727 1096 2002 1164 über, die die klassische Bühne und ihr Direktor in Paris haben,
567 1130 2002 1231 meines und seine Kämpfe gegen das „Regime“, im Hause Molière sind
558 1191 1998 1262 fsuchte, nicht minder bekannt als seine schauspielerischen Erfolge. Die
548 1247 1998 1309 wiesen; Anzahl seiner Demissionen ist nicht mehr in Erinnerung der
537 1288 2001 1366 mlungen getreuesten Chronisten, nun soll es aber ernst werden. Wie es
523 1333 1982 1406 rschlossen das Reglement vorschreibt, erbat sich Herr Le Bargy vor sechs
542 1374 719 1441 Hliothek,
730 1375 1984 1469 Monaten wieder den Abschied, erneuerte das Gesuch zur rechten
544 1434 1993 1527 n galt. Zeit und wird in Kürze bald seine letzte Vorstellung auf der
546 1471 714 1534 nir die
710 1474 1225 1551 staatlichen Szene geben.
546 1521 711 1581 damals
829 1542 1985 1614 „Sonnenthal hatte mir seinerzeit versprochen,“ so erzählt
624 1572 714 1631 bei
713 1575 1976 1646 Herr Le Bargy im Rauchzimmer seines Hotels, „mitzuwirken,
551 1610 1971 1720 keiten, wenn ich von der Comedie=Francaise meinen Abschied nehme.
555 1660 1977 1743 froßen Bekanntlich hat man da das Recht, jeden Kollegen, den man
603 1721 1976 1808 ihn will, einzuladen. Und Sonnenthal, der ja das Wohlwollen in
583 1768 1976 1852 über Person war, wollte tatsächlich in französischer Sprache mitspielen.
553 1812 713 1883 onders
713 1826 1969 1912 Ich hätte ihn seinerzeit gewiß an sein Versprechen erinnert, und
558 1858 709 1926 ichtet,
707 1870 1968 1940 es wäre in Paris keine geringe Sensation gewesen, wenn er,
571 1910 708 1976 werde
705 1920 1968 2008 dessen Name dort einen guten Klang hat, eigens für meine Vor¬
594 1964 693 2028 ver¬
707 1967 1971 2048 stellung hingekommen wäre. Es gab mir einen Stich, als ich
695 2011 1966 2102 von seinem Tod erfuhr. Ich habe ihn nie auf der Bühne ge¬
557 2074 1978 2163 mehr- sehen, aber im Leben war er unendlich interessant und
547 2105 691 2170 Nann;
701 2109 845 2174 gütig.“
542 2153 701 2215 lauben
810 2167 1956 2255 Sonnenthal ist für Herrn Le Bargy und, wie er sagt, für
568 2202 701 2268 sein,
697 2210 1957 2287 alle Franzosen, der deutsche Schauspieler kat exochen gewesen.
599 2260 1655 2329 der Wenn man einen anderen Großen nennt,
1701 2279 1966 2342 fragt Herr
599 2309 1952 2393 der Le Bargy: „Ist er bedeutender als Sonnenthal?“ Ob Mitter¬
562 2349 1964 2444 festen wurzer bedeutender war als Sonnenthal, ob Kainz, die alle Herr
674 2398 1962 2497 Le Bargy nicht auf der Bühne gesehen hat, aber auf seinen
528 2438 1943 2519 Peccis Kreuz- und Querfahrten durch die Welt kennen lernte. Mitter¬
532 2502 1958 2585 is in wurzer sieht er ähnlich, hat man ihm versichert, und er verlangt
524 2547 1959 2634 utschen besonders eine genaue Beschreibung von Kainz, von seinem Aus¬
674 2596 1950 2687 sehen, welche Rollen er hatte, ob er Verse so gut sprach wie
539 2637 672 2699 Seine
685 2649 1952 2729 Prosa und in modernen Stücken so gut war wie im
537 2691 674 2751 voller
676 2693 1954 2783 klassischen Drama. Von Berliner Schauspielern weiß Herr
667 2749 1941 2833 Le Bargy nicht viel, von Matkowsky hat er nichts gehört. Aber
580 2784 1948 2887 Sie Bassermann kennt und bewundert er als einen der besten unserer
535 2838 1933 2914 Hand Generation. Es interessiert ihn, die Geschichte des Iffland¬
507 2900 1955 2971 m, weil Ringes zu hören, und um sie sich besser zu merken, notiert er
497 2949 1949 3008 egenheit sich die Reihe der Besitzer auf. Daß Bassermann die Ehre ver¬
497 2980 1952 3083 ienz zu dient, förmlich zum Haupte der deutschen Schauspieler ausgerufen
493 3025 675 3086 mit der
679 3040 1329 3096 zu sein, scheint ihm unzweifelhaft.
499 3075 679 3138 voraus¬
782 3089 1928 3165 „Und wem würden Sie den Ring geben, wenn ein solcher
509 3128 1907 3195 Seiner in Frankreich existierte und Sie über ihn zu bestimmen hätten?“
497 3171 679 3235 kuß mit
783 3187 1935 3262 Herr Le Bargy antwortet ohne die Verlegenheit, die bei
496 3231 1937 3308 t voll anderen bei so einer Frage an der Tagesordnung wäre: „Dem
498 3295 1925 3367 en Sie Schauspieler Guitry, dem Darsteller der Gewaltmenschen, wie sie
507 3312 1932 3408 nich in Henri Bernstein zeichnet. Man kennt ihn nicht genau im Aus¬
667 3367 1923 3453 land, weil er nur selten reist, wenigstens nicht in Europa. Aber
499 3410 1923 3515 tat des er ist ganz gewiß der Bedeutendste, den wir jetzt in Frankreich
504 3476 1928 3552 iligkeit haben, und derjenige, der die ursprünglichste Kraft repräsentiert.
516 3515 1915 3601 im die Die Bühne von heute hat ja nicht mehr die ganz großen Indivi¬
507 3577 1922 3657 Scaladualitäten, wenigstens unter den Jüngeren. Die ganz Großen
516 3619 1925 3701 ne be- werden ja in jedem Zeitalter immer durch eine Idee angezogen,
514 3663 1922 3721 geklei=fihr Gehirn wird vom ersten Gedanken an geradezu auf diese eine
509 3708 1908 3798 geführt Richtung fassoniert. Wer weiß, wic viele Bankdirektoren,
514 3762 1920 3845 Blatt Techniker und Aviatiker es heutzutage gibt, die in einer früheren
492 3801 1913 3890 assenen Epoche Romantiker oder Schauspieler oder Dichter geworden
516 3846 1923 3958 selbst wären! Aber Guitry ist eine Individualität, eine Eigenart, der
