<?xml version="1.0" encoding="UTF-8" standalone="yes"?>
<PcGts xmlns="http://schema.primaresearch.org/PAGE/gts/pagecontent/2013-07-15" xmlns:xsi="http://www.w3.org/2001/XMLSchema-instance" xsi:schemaLocation="http://schema.primaresearch.org/PAGE/gts/pagecontent/2013-07-15 http://schema.primaresearch.org/PAGE/gts/pagecontent/2013-07-15/pagecontent.xsd">
    <Metadata>
        <Creator>prov=University of Rostock/Institute of Mathematics/CITlab/Gundram Leifert/gundram.leifert@uni-rostock.de:name=ONB_Newseye_GT_M1+(htr_id=10810)::::v=2.4.2
prov=University of Rostock/Institute of Mathematics/CITlab/Tobias Gruening/tobias.gruening@uni-rostock.de:name=de.uros.citlab.module.baseline2polygon.B2PSeamMultiOriented:v=2.4.2
prov=University of Rostock/Institute of Mathematics/CITlab/Tobias Gruening/tobias.gruening@uni-rostock.de:name=/mnt/transkribus/LA/DEA/URO/LA_news_onb_att.pb:de.uros.citlab.segmentation.CITlab_LA_ML:v=2.4.2
Transkribus</Creator>
        <Created>2019-10-07T11:13:43.752+02:00</Created>
        <LastChange>2019-10-08T02:09:03.862+02:00</LastChange>
        <TranskribusMetadata docId="223964" pageId="9496275" pageNr="364" tsid="16496633" status="IN_PROGRESS" userId="40391" imgUrl="https://files.transkribus.eu/Get?id=DSZETPPSSFYBJSYWSVIROXEH&amp;fileType=view" xmlUrl="https://files.transkribus.eu/Get?id=YZJGJHZJTHLCPSVCDKVFWNMW" imageId="6186502"/>
    </Metadata>
    <Page imageFilename="223964_0364.jpeg" imageWidth="3436" imageHeight="4320">
        <ReadingOrder>
            <OrderedGroup id="ro_1711441757630" caption="Regions reading order">
                <RegionRefIndexed index="0" regionRef="r1"/>
                <RegionRefIndexed index="1" regionRef="r2"/>
                <RegionRefIndexed index="2" regionRef="r3"/>
            </OrderedGroup>
        </ReadingOrder>
        <TextRegion orientation="0.0" id="r1" custom="readingOrder {index:0;}">
            <Coords points="274,45 274,232 1217,232 1217,45"/>
            <TextLine id="r1l1" custom="readingOrder {index:0;}">
                <Coords points="266,180 353,154 504,193 1223,195 1224,168 1162,160 717,163 625,106 521,95 443,141 375,91 269,108"/>
                <Baseline points="274,145 321,150 368,154 415,159 462,162 509,165 556,168 604,171 651,173 698,174 745,176 792,177 839,178 886,179 934,180 981,180 1028,181 1075,181 1122,181 1169,181 1217,182"/>
                <TextEquiv>
                    <Unicode>24 . D i 3  e eesete eie dete te See e e e </Unicode>
                </TextEquiv>
            </TextLine>
            <TextEquiv>
                <Unicode>24 . D i 3  e eesete eie dete te See e e e </Unicode>
            </TextEquiv>
        </TextRegion>
        <TextRegion orientation="0.0" id="r2" custom="readingOrder {index:1;}">
            <Coords points="1390,63 1390,222 1785,222 1785,63"/>
            <TextLine id="r2l1" custom="readingOrder {index:0;}">
                <Coords points="1384,162 1447,182 1609,185 1625,174 1669,189 1717,173 1735,183 1758,162 1792,159 1793,121 1645,109 1573,142 1539,116 1385,114"/>
                <Baseline points="1390,164 1416,164 1442,163 1469,163 1495,163 1521,164 1548,165 1574,167 1600,168 1627,170 1653,170 1679,172 1706,172 1732,172 1758,172 1785,170"/>
                <TextEquiv>
                    <Unicode>box 29</Unicode>
                </TextEquiv>
            </TextLine>
            <TextEquiv>
                <Unicode>box 29</Unicode>
            </TextEquiv>
        </TextRegion>
        <TextRegion orientation="0.0" id="r3" custom="readingOrder {index:2;}">
            <Coords points="2062,208 2062,4155 3099,4155 3099,208"/>
            <TextLine id="r3l1" custom="readingOrder {index:0;}">
                <Coords points="2383,239 2596,247 2612,236 2656,252 2711,240 2738,250 2772,234 2772,192 2705,180 2681,202 2653,205 2624,193 2526,206 2494,195 2474,210 2437,197 2383,202"/>
                <Baseline points="2390,229 2415,230 2440,230 2465,230 2490,230 2515,230 2540,230 2565,229 2590,229 2615,229 2640,229 2665,228 2690,228 2715,228 2740,228 2766,229"/>
                <TextEquiv>
                    <Unicode>UlcaMD om. Wv4</Unicode>
                </TextEquiv>
            </TextLine>
            <TextLine id="r3l2" custom="readingOrder {index:1;}">
                <Coords points="2067,329 2100,316 2134,332 2181,318 2315,323 2338,310 2426,307 2425,280 2359,266 2312,275 2279,254 2213,274 2178,266 2115,280 2091,264 2066,278"/>
                <Baseline points="2073,311 2099,311 2126,311 2153,310 2179,309 2206,308 2233,307 2259,306 2286,306 2313,305 2339,305 2366,305 2393,306 2420,307"/>
                <TextEquiv>
                    <Unicode>Isschnitt aus:</Unicode>
                </TextEquiv>
            </TextLine>
            <TextLine id="r3l3" custom="readingOrder {index:2;}">
                <Coords points="2159,413 2217,402 2277,423 2354,404 2433,420 2469,400 2596,420 2621,413 2621,327 2476,340 2346,319 2243,341 2159,334"/>
                <Baseline points="2165,395 2190,396 2215,397 2240,398 2265,398 2290,399 2315,399 2340,399 2365,400 2390,400 2415,400 2440,399 2465,399 2490,399 2515,399 2540,398 2565,398 2590,397 2615,396"/>
                <TextEquiv>
                    <Unicode>17. ONTOSEN 19:7</Unicode>
                </TextEquiv>
            </TextLine>
            <TextLine id="r3l4" custom="readingOrder {index:3;}">
                <Coords points="2086,430 2093,428 2107,437 2117,430 2119,433 2140,433 2148,428 2155,432 2169,429 2168,396 2158,397 2152,393 2127,390 2118,392 2100,408 2084,408"/>
                <Baseline points="2091,427 2127,425 2163,423"/>
                <TextEquiv>
                    <Unicode>in:</Unicode>
                </TextEquiv>
            </TextLine>
            <TextLine id="r3l5" custom="readingOrder {index:4;}">
                <Coords points="2257,532 2378,556 2538,522 2645,553 2680,530 2746,553 2961,538 2961,515 2849,468 2811,485 2758,466 2572,483 2540,463 2495,486 2302,465 2258,481"/>
                <Baseline points="2263,535 2297,534 2332,534 2366,534 2401,533 2436,534 2470,534 2505,534 2539,534 2574,535 2609,535 2643,536 2678,536 2712,537 2747,538 2782,538 2816,539 2851,539 2885,539 2920,539 2955,540"/>
                <TextEquiv>
                    <Unicode>Theater und Musik.</Unicode>
                </TextEquiv>
            </TextLine>
            <TextLine id="r3l6" custom="readingOrder {index:5;}">
                <Coords points="2648,584 2739,606 2821,593 2847,604 3047,600 3046,543 3020,555 2986,542 2909,550 2883,570 2845,546 2807,566 2738,545 2675,543 2648,556"/>
                <Baseline points="2654,587 2679,589 2705,591 2731,592 2757,592 2783,593 2808,592 2834,591 2860,591 2886,590 2912,589 2937,589 2963,588 2989,588 3015,589 3041,590"/>
                <TextEquiv>
                    <Unicode>Leipzig, 15. Oktober.</Unicode>
                </TextEquiv>
            </TextLine>
            <TextLine id="r3l7" custom="readingOrder {index:6;}">
                <Coords points="2378,659 2464,650 2525,663 2588,644 2648,664 2827,654 2827,621 2770,602 2680,606 2614,591 2571,614 2490,589 2465,606 2433,591 2379,604"/>
                <Baseline points="2384,645 2409,644 2435,644 2460,643 2486,644 2512,644 2537,644 2563,645 2589,646 2614,646 2640,647 2666,648 2691,648 2717,649 2743,649 2768,650 2794,650 2820,650"/>
                <TextEquiv>
                    <Unicode>Neues Sheater.</Unicode>
                </TextEquiv>
            </TextLine>
            <TextLine id="r3l8" custom="readingOrder {index:7;}">
                <Coords points="2407,696 2456,705 2495,695 2508,708 2531,694 2605,707 2725,704 2769,676 2794,675 2794,663 2591,651 2525,663 2463,650 2407,681"/>
                <Baseline points="2414,692 2440,692 2467,691 2494,691 2520,691 2547,691 2574,691 2601,691 2627,691 2654,692 2681,692 2707,692 2734,693 2761,693 2788,693"/>
                <TextEquiv>
                    <Unicode>„Das weite Land“.</Unicode>
                </TextEquiv>
            </TextLine>
            <TextLine id="r3l9" custom="readingOrder {index:8;}">
                <Coords points="2175,723 2277,752 2743,741 2876,775 3041,761 3057,716 2175,709"/>
                <Baseline points="2180,735 2223,735 2267,736 2310,736 2354,736 2397,737 2441,737 2484,737 2528,738 2571,738 2615,739 2658,739 2702,740 2745,741 2789,742 2832,744 2876,745 2919,747 2963,749 3006,752 3050,755"/>
                <TextEquiv>
                    <Unicode>Tragikomödie von Arthur Schnißlet</Unicode>
                </TextEquiv>
            </TextLine>
            <TextLine id="r3l10" custom="readingOrder {index:9;}">
                <Coords points="2400,784 2796,787 2796,760 2757,742 2655,753 2616,739 2596,750 2584,739 2400,748"/>
                <Baseline points="2406,776 2431,778 2457,779 2482,780 2508,781 2534,781 2559,781 2585,781 2610,781 2636,781 2662,781 2687,780 2713,780 2738,780 2764,781 2790,781"/>
                <TextEquiv>
                    <Unicode>Uraufführung.</Unicode>
                </TextEquiv>
            </TextLine>
            <TextLine id="r3l11" custom="readingOrder {index:10;}">
                <Coords points="2163,813 2264,836 3105,825 3043,789 2164,779"/>
                <Baseline points="2169,815 2215,817 2262,818 2308,820 2355,821 2401,822 2448,824 2494,825 2541,826 2587,827 2634,827 2680,828 2727,828 2773,828 2820,828 2866,828 2913,828 2959,827 3006,826 3052,825 3099,824"/>
                <TextEquiv>
                    <Unicode>Gleichzeitige Uraufführungen desselben neuen</Unicode>
                </TextEquiv>
            </TextLine>
            <TextLine id="r3l12" custom="readingOrder {index:11;}">
                <Coords points="2113,862 3025,875 3087,872 3088,838 2114,827"/>
                <Baseline points="2119,858 2167,859 2215,859 2263,860 2311,861 2359,862 2407,862 2455,863 2503,864 2551,864 2600,865 2648,866 2696,866 2744,866 2792,867 2840,866 2888,866 2936,866 2984,865 3032,864 3081,862"/>
                <TextEquiv>
                    <Unicode>Stückes an mehreren namhaften Bühnen sind seit</Unicode>
                </TextEquiv>
            </TextLine>
            <TextLine id="r3l13" custom="readingOrder {index:12;}">
                <Coords points="2103,888 3104,906 3068,870 2913,861 2103,873"/>
                <Baseline points="2109,899 2158,899 2207,900 2257,900 2306,901 2356,902 2405,902 2455,903 2504,904 2554,904 2603,905 2652,905 2702,905 2751,905 2801,905 2850,904 2900,903 2949,903 2999,901 3048,899 3098,898"/>
                <TextEquiv>
                    <Unicode>Hermann Bahr stark in Mode gekommen. Schnitzlers</Unicode>
                </TextEquiv>
            </TextLine>
            <TextLine id="r3l14" custom="readingOrder {index:13;}">
                <Coords points="2108,936 3091,946 3056,907 2108,906"/>
                <Baseline points="2114,935 2162,936 2211,937 2259,938 2308,938 2356,939 2405,940 2453,941 2502,942 2550,943 2599,943 2647,944 2696,945 2744,945 2793,945 2841,945 2890,945 2938,945 2987,944 3035,944 3084,943"/>
                <TextEquiv>
                    <Unicode>neues Bühnenwerk, das auch zugleich an der Wiener</Unicode>
                </TextEquiv>
            </TextLine>
            <TextLine id="r3l15" custom="readingOrder {index:14;}">
                <Coords points="2102,973 3093,981 3093,952 3041,943 2102,946"/>
                <Baseline points="2108,973 2159,975 2211,977 2262,978 2314,979 2365,980 2417,981 2468,981 2520,982 2571,982 2623,982 2674,982 2726,982 2777,981 2829,981 2880,981 2932,981 2983,982 3035,982 3087,982"/>
                <TextEquiv>
                    <Unicode>Hofburg, am Prager Deutschen Landestheater, in</Unicode>
                </TextEquiv>
            </TextLine>
            <TextLine id="r3l16" custom="readingOrder {index:15;}">
                <Coords points="2103,1001 2911,1030 3072,1024 3093,983 2104,973"/>
                <Baseline points="2110,1014 2158,1014 2207,1014 2256,1015 2305,1015 2354,1016 2402,1017 2451,1017 2500,1018 2549,1019 2598,1019 2646,1020 2695,1020 2744,1020 2793,1020 2842,1020 2890,1020 2939,1020 2988,1019 3037,1019 3086,1017"/>
                <TextEquiv>
                    <Unicode>Berlin und anderswo erschien, lernten wir gestern in</Unicode>
                </TextEquiv>
            </TextLine>
            <TextLine id="r3l17" custom="readingOrder {index:16;}">
                <Coords points="2100,1044 3101,1053 3101,1022 3032,1018 2101,1018"/>
                <Baseline points="2106,1053 2155,1053 2204,1053 2254,1053 2303,1053 2353,1053 2402,1054 2451,1054 2501,1055 2550,1056 2600,1056 2649,1057 2698,1057 2748,1058 2797,1058 2847,1058 2896,1059 2945,1058 2995,1058 3044,1057 3094,1056"/>
                <TextEquiv>
                    <Unicode>einer interessanten und an sich wertvollen Aufführung</Unicode>
                </TextEquiv>
            </TextLine>
            <TextLine id="r3l18" custom="readingOrder {index:17;}">
                <Coords points="2099,1084 3086,1105 3044,1061 2100,1055"/>
                <Baseline points="2106,1090 2154,1090 2203,1091 2252,1091 2300,1092 2349,1092 2398,1092 2446,1093 2495,1093 2544,1094 2593,1094 2641,1094 2690,1095 2739,1095 2787,1096 2836,1096 2885,1097 2933,1097 2982,1097 3031,1098 3080,1098"/>
                <TextEquiv>
                    <Unicode>kennen, für die der Direktion Volkner Anerkennung</Unicode>
                </TextEquiv>
            </TextLine>
            <TextLine id="r3l19" custom="readingOrder {index:18;}">
                <Coords points="2100,1126 2717,1132 2770,1162 3095,1133 3095,1104 3039,1098 2100,1100"/>
                <Baseline points="2106,1128 2155,1128 2204,1129 2253,1129 2302,1129 2351,1130 2400,1130 2449,1131 2498,1131 2547,1132 2597,1132 2646,1133 2695,1133 2744,1134 2793,1134 2842,1135 2891,1135 2940,1135 2989,1136 3038,1136 3088,1136"/>
                <TextEquiv>
                    <Unicode>und aufmunternder Dank seitens der Theaterfreunde</Unicode>
                </TextEquiv>
            </TextLine>
            <TextLine id="r3l20" custom="readingOrder {index:19;}">
                <Coords points="2101,1167 2136,1178 2184,1167 2205,1168 2215,1177 2226,1170 2296,1167 2295,1151 2279,1154 2251,1132 2230,1136 2198,1125 2182,1134 2172,1128 2151,1139 2132,1134 2112,1156 2100,1156"/>
                <Baseline points="2107,1171 2133,1169 2159,1167 2185,1166 2211,1165 2237,1165 2263,1166 2289,1165"/>
                <TextEquiv>
                    <Unicode>gebührt.</Unicode>
                </TextEquiv>
            </TextLine>
            <TextLine id="r3l21" custom="readingOrder {index:20;}">
                <Coords points="2161,1201 2836,1206 2914,1229 3002,1223 3003,1150 2865,1179 2162,1177"/>
                <Baseline points="2168,1203 2209,1203 2250,1203 2292,1204 2333,1204 2375,1205 2416,1205 2457,1206 2499,1206 2540,1207 2582,1208 2623,1208 2664,1209 2706,1209 2747,1210 2789,1210 2830,1210 2871,1210 2913,1210 2954,1209 2996,1208"/>
                <TextEquiv>
                    <Unicode>Das Stück selbst verdient beides weit weniger.</Unicode>
                </TextEquiv>
            </TextLine>
            <TextLine id="r3l22" custom="readingOrder {index:21;}">
                <Coords points="2101,1256 2862,1257 2870,1231 2738,1209 2526,1208 2476,1233 2430,1209 2102,1212"/>
                <Baseline points="2108,1240 2145,1241 2183,1242 2221,1243 2259,1244 2296,1245 2334,1246 2372,1247 2410,1248 2447,1249 2485,1249 2523,1250 2561,1250 2598,1250 2636,1251 2674,1251 2712,1250 2749,1250 2787,1250 2825,1249 2863,1248"/>
                <TextEquiv>
                    <Unicode>heißt da einmal: „Das Natürliche.</Unicode>
                </TextEquiv>
            </TextLine>
            <TextLine id="r3l23" custom="readingOrder {index:22;}">
                <Coords points="2107,1284 2885,1293 2931,1257 3104,1243 3103,1197 2854,1258 2106,1252"/>
                <Baseline points="2113,1283 2162,1282 2211,1282 2260,1283 2309,1284 2359,1285 2408,1287 2457,1288 2506,1289 2555,1290 2605,1291 2654,1291 2703,1290 2752,1288 2801,1285 2851,1281 2900,1276 2949,1270 2998,1261 3047,1251 3097,1239"/>
                <TextEquiv>
                    <Unicode>Chaos. Ja, mein guter Hofreiter, die Seele</Unicode>
                </TextEquiv>
            </TextLine>
            <TextLine id="r3l24" custom="readingOrder {index:23;}">
                <Coords points="2099,1304 2283,1336 3086,1326 3086,1299 2963,1285 2099,1288"/>
                <Baseline points="2105,1321 2153,1321 2202,1321 2251,1322 2300,1322 2348,1323 2397,1323 2446,1324 2495,1325 2543,1325 2592,1326 2641,1326 2690,1326 2738,1327 2787,1326 2836,1326 2885,1326 2933,1325 2982,1324 3031,1322 3080,1320"/>
                <TextEquiv>
                    <Unicode>ein weites Land, wie ein Dichter es einmal aus¬</Unicode>
                </TextEquiv>
            </TextLine>
            <TextLine id="r3l25" custom="readingOrder {index:24;}">
                <Coords points="2107,1358 2191,1367 2218,1358 2268,1364 2267,1340 2248,1332 2237,1337 2198,1316 2187,1323 2156,1320 2135,1325 2123,1317 2106,1322"/>
                <Baseline points="2113,1361 2142,1358 2172,1356 2201,1356 2231,1356 2261,1357"/>
                <TextEquiv>
                    <Unicode>drückt..</Unicode>
                </TextEquiv>
            </TextLine>
            <TextLine id="r3l26" custom="readingOrder {index:25;}">
                <Coords points="2366,1365 3093,1361 3082,1330 2979,1324 2367,1327"/>
                <Baseline points="2373,1359 2408,1360 2444,1361 2480,1362 2515,1362 2551,1363 2587,1363 2622,1363 2658,1364 2694,1364 2730,1364 2765,1364 2801,1364 2837,1364 2872,1364 2908,1364 2944,1364 2979,1365 3015,1365 3051,1366 3087,1366"/>
                <TextEquiv>
                    <Unicode>s kann übrigens auch ein Hoteldirektor</Unicode>
                </TextEquiv>
            </TextLine>
            <TextLine id="r3l27" custom="readingOrder {index:26;}">
                <Coords points="2097,1393 3084,1403 3050,1366 2097,1364"/>
                <Baseline points="2103,1400 2151,1398 2200,1397 2249,1396 2297,1396 2346,1396 2395,1397 2443,1397 2492,1398 2541,1399 2590,1401 2638,1401 2687,1402 2736,1403 2784,1404 2833,1404 2882,1404 2930,1403 2979,1402 3028,1400 3077,1398"/>
                <TextEquiv>
                    <Unicode>gewesen sein. Nun, ich bin überzeugt, es war ein</Unicode>
                </TextEquiv>
            </TextLine>
            <TextLine id="r3l28" custom="readingOrder {index:27;}">
                <Coords points="2103,1433 3086,1454 3086,1419 2997,1400 2104,1401"/>
                <Baseline points="2110,1437 2158,1435 2207,1433 2255,1432 2304,1432 2352,1432 2401,1433 2449,1434 2498,1435 2546,1436 2595,1437 2643,1439 2692,1440 2740,1441 2789,1442 2837,1443 2886,1443 2934,1443 2983,1442 3031,1441 3080,1439"/>
                <TextEquiv>
                    <Unicode>Hoteldirektor. — Und an anderer Stelle, zu Anfang,</Unicode>
                </TextEquiv>
            </TextLine>
            <TextLine id="r3l29" custom="readingOrder {index:28;}">
                <Coords points="2098,1471 3080,1477 3080,1446 2981,1442 2099,1447"/>
                <Baseline points="2104,1469 2152,1469 2201,1470 2249,1471 2298,1471 2346,1472 2395,1473 2443,1474 2492,1474 2540,1475 2589,1476 2637,1477 2686,1477 2734,1478 2783,1478 2831,1478 2880,1478 2928,1478 2977,1478 3025,1477 3074,1477"/>
                <TextEquiv>
                    <Unicode>ist die Rede von „Produktionen auf dem</Unicode>
                </TextEquiv>
            </TextLine>
            <TextLine id="r3l30" custom="readingOrder {index:29;}">
                <Coords points="2100,1507 2179,1520 2310,1512 2336,1527 2370,1510 2524,1518 2554,1516 2555,1483 2527,1472 2494,1497 2460,1476 2431,1491 2415,1474 2362,1468 2323,1485 2157,1470 2100,1489"/>
                <Baseline points="2106,1506 2132,1507 2158,1507 2184,1507 2210,1508 2236,1508 2262,1508 2288,1508 2314,1509 2340,1509 2366,1509 2392,1509 2418,1509 2444,1509 2470,1509 2496,1509 2522,1509 2548,1509"/>
                <TextEquiv>
                    <Unicode>psychologischen S</Unicode>
                </TextEquiv>
            </TextLine>
            <TextLine id="r3l31" custom="readingOrder {index:30;}">
                <Coords points="2677,1520 2763,1510 2790,1525 2848,1512 2932,1525 2950,1513 3028,1528 3081,1516 3081,1478 3049,1491 2972,1477 2937,1489 2925,1478 2799,1489 2778,1474 2677,1485"/>
                <Baseline points="2683,1515 2709,1514 2735,1513 2761,1513 2787,1513 2813,1514 2839,1514 2865,1515 2892,1516 2918,1518 2944,1518 2970,1518 2996,1518 3022,1517 3048,1516 3075,1513"/>
                <TextEquiv>
                    <Unicode>In der Tat, dieses</Unicode>
                </TextEquiv>
            </TextLine>
            <TextLine id="r3l32" custom="readingOrder {index:31;}">
                <Coords points="2096,1551 3074,1568 3075,1520 2951,1513 2097,1515"/>
                <Baseline points="2103,1545 2151,1544 2199,1544 2247,1544 2296,1545 2344,1545 2392,1546 2440,1547 2489,1548 2537,1549 2585,1550 2633,1551 2682,1552 2730,1553 2778,1554 2826,1555 2875,1556 2923,1556 2971,1557 3019,1557 3068,1557"/>
                <TextEquiv>
                    <Unicode>Werturteil Schnitzlers über Schnitzler trifft den Kern</Unicode>
                </TextEquiv>
            </TextLine>
            <TextLine id="r3l33" custom="readingOrder {index:32;}">
                <Coords points="2104,1582 2316,1596 2349,1577 2372,1591 2499,1599 2561,1588 2531,1556 2487,1551 2426,1566 2404,1554 2237,1558 2208,1546 2180,1563 2104,1552"/>
                <Baseline points="2110,1581 2136,1583 2162,1583 2188,1584 2214,1584 2240,1585 2267,1586 2293,1586 2319,1586 2345,1587 2371,1587 2397,1587 2424,1588 2450,1588 2476,1588 2502,1589 2528,1589 2555,1590"/>
                <TextEquiv>
                    <Unicode>des Dramas im besten.</Unicode>
                </TextEquiv>
            </TextLine>
            <TextLine id="r3l34" custom="readingOrder {index:33;}">
                <Coords points="2153,1625 2991,1646 3073,1635 3074,1589 2153,1589"/>
                <Baseline points="2159,1620 2204,1621 2249,1622 2295,1623 2340,1624 2386,1624 2431,1625 2476,1626 2522,1627 2567,1627 2613,1628 2658,1629 2703,1629 2749,1630 2794,1630 2840,1631 2885,1631 2930,1631 2976,1631 3021,1631 3067,1631"/>
                <TextEquiv>
                    <Unicode>Der Fabrikant Friedrich Hofreiter betrügt seine</Unicode>
                </TextEquiv>
            </TextLine>
            <TextLine id="r3l35" custom="readingOrder {index:34;}">
                <Coords points="2090,1651 3082,1675 3071,1631 2091,1612"/>
                <Baseline points="2097,1659 2145,1659 2194,1659 2243,1660 2292,1661 2341,1662 2390,1663 2439,1664 2488,1665 2537,1666 2586,1668 2634,1669 2683,1670 2732,1671 2781,1672 2830,1672 2879,1672 2928,1672 2977,1672 3026,1671 3075,1670"/>
                <TextEquiv>
                    <Unicode>kluge, schöne und temperamentvolle Frau Genia selt</Unicode>
                </TextEquiv>
            </TextLine>
            <TextLine id="r3l36" custom="readingOrder {index:35;}">
                <Coords points="2097,1699 3064,1722 3087,1680 2098,1649"/>
                <Baseline points="2104,1697 2152,1698 2201,1698 2250,1699 2299,1700 2348,1701 2396,1702 2445,1703 2494,1704 2543,1706 2592,1706 2640,1707 2689,1708 2738,1708 2787,1709 2836,1709 2884,1709 2933,1708 2982,1708 3031,1707 3080,1705"/>
                <TextEquiv>
                    <Unicode>Jahren mit Frauen aus Ihrem Kreise so unermüdlich</Unicode>
                </TextEquiv>
            </TextLine>
            <TextLine id="r3l37" custom="readingOrder {index:36;}">
                <Coords points="2110,1741 3074,1750 3074,1723 3006,1709 2110,1707"/>
                <Baseline points="2116,1736 2163,1736 2211,1736 2258,1737 2306,1738 2354,1738 2401,1739 2449,1740 2496,1741 2544,1742 2592,1743 2639,1744 2687,1744 2734,1745 2782,1746 2830,1747 2877,1747 2925,1748 2972,1748 3020,1749 3068,1749"/>
                <TextEquiv>
                    <Unicode>und unyerhohlen, daß ihm imponderabile Grenz¬</Unicode>
                </TextEquiv>
            </TextLine>
            <TextLine id="r3l38" custom="readingOrder {index:37;}">
                <Coords points="2096,1776 2888,1801 3062,1795 3083,1756 2096,1751"/>
                <Baseline points="2102,1775 2150,1775 2199,1775 2248,1776 2296,1776 2345,1777 2394,1777 2442,1778 2491,1778 2540,1779 2589,1780 2637,1781 2686,1782 2735,1782 2783,1783 2832,1784 2881,1785 2929,1785 2978,1786 3027,1786 3076,1787"/>
                <TextEquiv>
                    <Unicode>begriffe die Ehe und Ehre fast abhanden gekommen,</Unicode>
                </TextEquiv>
            </TextLine>
            <TextLine id="r3l39" custom="readingOrder {index:38;}">
                <Coords points="2104,1819 2936,1839 3080,1807 2104,1782"/>
                <Baseline points="2110,1814 2158,1814 2206,1814 2254,1814 2302,1815 2350,1815 2398,1816 2447,1817 2495,1818 2543,1819 2591,1819 2639,1820 2687,1821 2735,1821 2784,1822 2832,1822 2880,1822 2928,1822 2976,1821 3024,1821 3073,1820"/>
                <TextEquiv>
                    <Unicode>zum mindesten stark verwischt sind. Aber als eines</Unicode>
                </TextEquiv>
            </TextLine>
            <TextLine id="r3l40" custom="readingOrder {index:39;}">
                <Coords points="2094,1861 2121,1853 2146,1859 2154,1854 2167,1864 2178,1865 2199,1856 2233,1860 2233,1821 2218,1823 2204,1815 2189,1824 2171,1818 2158,1825 2151,1818 2122,1815 2094,1828"/>
                <Baseline points="2100,1854 2125,1851 2150,1851 2176,1851 2201,1852 2227,1851"/>
                <TextEquiv>
                    <Unicode>Tages</Unicode>
                </TextEquiv>
            </TextLine>
            <TextLine id="r3l41" custom="readingOrder {index:40;}">
                <Coords points="2239,1860 3012,1874 3088,1833 2878,1822 2823,1847 2771,1818 2677,1837 2389,1815 2321,1839 2277,1815 2239,1836"/>
                <Baseline points="2245,1853 2286,1854 2328,1855 2370,1856 2412,1856 2454,1857 2495,1858 2537,1858 2579,1858 2621,1859 2663,1859 2704,1859 2746,1859 2788,1859 2830,1860 2872,1860 2913,1860 2955,1861 2997,1861 3039,1861 3081,1862"/>
                <TextEquiv>
                    <Unicode>ein guter Freund des Hauses, ein junger</Unicode>
                </TextEquiv>
            </TextLine>
            <TextLine id="r3l42" custom="readingOrder {index:41;}">
                <Coords points="2102,1889 3061,1911 3083,1870 2102,1858"/>
                <Baseline points="2108,1888 2156,1888 2204,1889 2253,1890 2301,1890 2350,1891 2398,1892 2446,1893 2495,1894 2543,1895 2592,1896 2640,1896 2688,1897 2737,1898 2785,1898 2834,1898 2882,1898 2930,1898 2979,1898 3027,1898 3076,1897"/>
                <TextEquiv>
                    <Unicode>Klaviervirtuose, sich erschießt, weil ihn Frau Genia</Unicode>
                </TextEquiv>
            </TextLine>
            <TextLine id="r3l43" custom="readingOrder {index:42;}">
                <Coords points="2102,1932 3080,1937 3080,1909 3005,1903 2103,1902"/>
                <Baseline points="2108,1928 2156,1928 2204,1929 2252,1930 2301,1930 2349,1931 2397,1932 2446,1932 2494,1933 2542,1934 2591,1934 2639,1935 2687,1936 2735,1936 2784,1937 2832,1937 2880,1937 2929,1938 2977,1938 3025,1938 3074,1938"/>
                <TextEquiv>
                    <Unicode>nicht erhörte, bringt diese Tugendhaftigkeit seiner</Unicode>
                </TextEquiv>
            </TextLine>
            <TextLine id="r3l44" custom="readingOrder {index:43;}">
                <Coords points="2105,1970 3075,1983 3075,1948 2990,1939 2106,1934"/>
                <Baseline points="2112,1965 2159,1966 2207,1966 2255,1967 2303,1968 2351,1968 2399,1969 2446,1969 2494,1970 2542,1971 2590,1972 2638,1972 2686,1973 2734,1973 2781,1974 2829,1974 2877,1974 2925,1974 2973,1974 3021,1974 3069,1974"/>
                <TextEquiv>
                    <Unicode>Frau den leichtherzigen Hofreiter in nicht geringe</Unicode>
                </TextEquiv>
            </TextLine>
            <TextLine id="r3l45" custom="readingOrder {index:44;}">
                <Coords points="2106,2007 3079,2024 3019,1979 2107,1971"/>
                <Baseline points="2112,1998 2160,2001 2208,2002 2256,2005 2304,2006 2352,2007 2400,2008 2448,2009 2496,2010 2544,2011 2592,2011 2640,2012 2688,2012 2736,2013 2784,2013 2832,2014 2880,2014 2928,2014 2976,2015 3024,2015 3073,2016"/>
                <TextEquiv>
                    <Unicode>Verlegenheit. Er fuhlt sich unbehaglich neben ihr,</Unicode>
                </TextEquiv>
            </TextLine>
            <TextLine id="r3l46" custom="readingOrder {index:45;}">
                <Coords points="2092,2047 2923,2067 3084,2039 2862,2010 2093,2019"/>
                <Baseline points="2099,2041 2150,2041 2202,2042 2253,2043 2305,2043 2356,2044 2408,2045 2459,2046 2511,2047 2562,2047 2614,2048 2665,2049 2717,2050 2768,2050 2820,2051 2871,2051 2923,2052 2974,2052 3026,2052 3078,2051"/>
                <TextEquiv>
                    <Unicode>flieht ihre Nähe und fängt auf einem Abstecher in</Unicode>
                </TextEquiv>
            </TextLine>
            <TextLine id="r3l47" custom="readingOrder {index:46;}">
                <Coords points="2101,2084 3079,2087 3017,2051 2101,2047"/>
                <Baseline points="2107,2080 2155,2080 2203,2080 2251,2080 2300,2081 2348,2081 2396,2082 2445,2083 2493,2084 2541,2084 2590,2085 2638,2086 2686,2087 2734,2088 2783,2088 2831,2088 2879,2088 2928,2088 2976,2088 3024,2088 3073,2087"/>
                <TextEquiv>
                    <Unicode>die Schweiz schleunigst eine neue Liebschaft an, die</Unicode>
                </TextEquiv>
            </TextLine>
            <TextLine id="r3l48" custom="readingOrder {index:47;}">
                <Coords points="2099,2124 3075,2135 3075,2097 2992,2089 2100,2089"/>
                <Baseline points="2106,2117 2154,2117 2202,2118 2250,2119 2298,2120 2346,2121 2394,2122 2443,2122 2491,2123 2539,2124 2587,2125 2635,2126 2683,2127 2731,2128 2780,2128 2828,2129 2876,2129 2924,2130 2972,2130 3020,2130 3069,2130"/>
                <TextEquiv>
                    <Unicode>nach seinem Willen sogar zur Ehe führen soll. Frau</Unicode>
                </TextEquiv>
            </TextLine>
            <TextLine id="r3l49" custom="readingOrder {index:48;}">
                <Coords points="2102,2157 3075,2165 3075,2135 3012,2130 2102,2125"/>
                <Baseline points="2108,2155 2156,2156 2204,2156 2252,2157 2300,2158 2348,2159 2396,2160 2444,2160 2492,2161 2540,2162 2588,2162 2636,2163 2684,2164 2732,2164 2780,2165 2828,2165 2876,2165 2924,2165 2972,2164 3020,2164 3068,2163"/>
                <TextEquiv>
                    <Unicode>Genia, von ihrem Gatten so oft durch Untreue be¬</Unicode>
                </TextEquiv>
            </TextLine>
            <TextLine id="r3l50" custom="readingOrder {index:49;}">
                <Coords points="2094,2199 2970,2217 3082,2201 3082,2158 2094,2161"/>
                <Baseline points="2100,2195 2148,2195 2197,2195 2246,2195 2295,2195 2343,2196 2392,2196 2441,2197 2490,2198 2538,2199 2587,2199 2636,2200 2685,2201 2733,2201 2782,2202 2831,2202 2880,2202 2928,2202 2977,2201 3026,2201 3075,2200"/>
                <TextEquiv>
                    <Unicode>leidigt, fängt unterdes daheim nun auch eine Lieb¬</Unicode>
                </TextEquiv>
            </TextLine>
            <TextLine id="r3l51" custom="readingOrder {index:50;}">
                <Coords points="2100,2238 2565,2226 2830,2258 3066,2247 3067,2210 2100,2199"/>
                <Baseline points="2106,2233 2153,2233 2201,2233 2249,2233 2296,2234 2344,2234 2392,2235 2439,2236 2487,2236 2535,2237 2583,2238 2630,2238 2678,2239 2726,2240 2773,2240 2821,2240 2869,2240 2916,2240 2964,2239 3012,2238 3060,2237"/>
                <TextEquiv>
                    <Unicode>schaft mit einem grünen Jungen an, einem Marine¬</Unicode>
                </TextEquiv>
            </TextLine>
            <TextLine id="r3l52" custom="readingOrder {index:51;}">
                <Coords points="2090,2271 3062,2293 3075,2249 2091,2246"/>
                <Baseline points="2096,2271 2144,2271 2193,2272 2241,2273 2290,2273 2339,2274 2387,2274 2436,2275 2484,2275 2533,2276 2582,2276 2630,2277 2679,2277 2727,2278 2776,2278 2825,2278 2873,2278 2922,2278 2970,2278 3019,2278 3068,2278"/>
                <TextEquiv>
                    <Unicode>fähnrich. Hofreiter, kopflos geworden durch seine</Unicode>
                </TextEquiv>
            </TextLine>
            <TextLine id="r3l53" custom="readingOrder {index:52;}">
                <Coords points="2097,2312 2758,2332 2857,2307 2962,2333 3078,2321 3079,2297 2097,2270"/>
                <Baseline points="2103,2311 2151,2310 2199,2309 2248,2309 2296,2309 2345,2309 2393,2309 2442,2310 2490,2311 2539,2311 2587,2312 2635,2313 2684,2314 2732,2315 2781,2315 2829,2316 2878,2317 2926,2317 2975,2317 3023,2317 3072,2316"/>
                <TextEquiv>
                    <Unicode>jüngste Aventiure, kehrt heim und gerät völlig aus</Unicode>
                </TextEquiv>
            </TextLine>
            <TextLine id="r3l54" custom="readingOrder {index:53;}">
                <Coords points="2094,2355 2980,2369 3055,2365 3066,2337 2094,2315"/>
                <Baseline points="2100,2349 2150,2349 2200,2349 2251,2349 2301,2350 2352,2350 2402,2350 2453,2350 2503,2351 2554,2351 2604,2351 2655,2352 2705,2352 2756,2353 2806,2354 2857,2354 2907,2355 2958,2356 3008,2357 3059,2358"/>
                <TextEquiv>
                    <Unicode>dem Gleichgewicht seiner gewohnten Gleichgültigkeit,</Unicode>
                </TextEquiv>
            </TextLine>
            <TextLine id="r3l55" custom="readingOrder {index:54;}">
                <Coords points="2092,2387 3069,2408 3069,2365 2997,2357 2093,2363"/>
                <Baseline points="2099,2386 2147,2387 2195,2388 2243,2388 2291,2389 2340,2389 2388,2390 2436,2390 2484,2390 2532,2391 2581,2391 2629,2391 2677,2391 2725,2392 2773,2392 2822,2392 2870,2392 2918,2393 2966,2393 3014,2393 3063,2394"/>
                <TextEquiv>
                    <Unicode>wo er doch — nach seinem Sittenkodex — zufrieden</Unicode>
                </TextEquiv>
            </TextLine>
            <TextLine id="r3l56" custom="readingOrder {index:55;}">
                <Coords points="2081,2433 3074,2438 3074,2402 3041,2398 2082,2392"/>
                <Baseline points="2088,2424 2137,2424 2186,2424 2235,2425 2284,2425 2333,2425 2382,2426 2431,2426 2480,2427 2529,2427 2578,2428 2627,2428 2676,2429 2725,2429 2774,2430 2823,2431 2872,2431 2921,2432 2970,2432 3019,2433 3068,2433"/>
                <TextEquiv>
                    <Unicode>sein könnte, daß Frau Genia sich endlich revanchiert</Unicode>
                </TextEquiv>
            </TextLine>
            <TextLine id="r3l57" custom="readingOrder {index:56;}">
                <Coords points="2090,2464 3078,2467 3078,2439 3035,2435 2091,2435"/>
                <Baseline points="2096,2465 2144,2465 2193,2465 2242,2465 2291,2465 2340,2465 2388,2466 2437,2466 2486,2467 2535,2467 2584,2468 2632,2468 2681,2469 2730,2469 2779,2470 2828,2470 2876,2470 2925,2471 2974,2471 3023,2471 3072,2471"/>
                <TextEquiv>
                    <Unicode>und ihn nicht mehr beschämt derch ihre Tugend und</Unicode>
                </TextEquiv>
            </TextLine>
            <TextLine id="r3l58" custom="readingOrder {index:57;}">
                <Coords points="2088,2501 2726,2527 2934,2504 3000,2533 3069,2529 3070,2474 2088,2467"/>
                <Baseline points="2094,2504 2142,2504 2190,2503 2239,2503 2287,2503 2336,2504 2384,2504 2433,2504 2481,2505 2530,2506 2578,2506 2626,2507 2675,2508 2723,2508 2772,2509 2820,2509 2869,2510 2917,2510 2966,2511 3014,2511 3063,2511"/>
                <TextEquiv>
                    <Unicode>Treue. Er fordert den Fähnrich heraus und schießt</Unicode>
                </TextEquiv>
            </TextLine>
            <TextLine id="r3l59" custom="readingOrder {index:58;}">
                <Coords points="2093,2548 2935,2557 3060,2525 2093,2501"/>
                <Baseline points="2099,2538 2146,2538 2194,2538 2242,2539 2289,2539 2337,2540 2385,2541 2432,2542 2480,2543 2528,2544 2576,2545 2623,2546 2671,2547 2719,2547 2766,2548 2814,2548 2862,2548 2909,2548 2957,2547 3005,2546 3053,2545"/>
                <TextEquiv>
                    <Unicode>ihn über den Haufen. „Wenn es Haß wäre —</Unicode>
                </TextEquiv>
            </TextLine>
            <TextLine id="r3l60" custom="readingOrder {index:59;}">
                <Coords points="2092,2578 2170,2587 2241,2572 2260,2587 2391,2593 2421,2577 2493,2590 2597,2580 2597,2548 2549,2541 2428,2560 2387,2539 2360,2557 2303,2537 2230,2560 2172,2540 2092,2548"/>
                <Baseline points="2099,2574 2124,2574 2150,2574 2176,2574 2202,2574 2228,2575 2254,2575 2279,2576 2305,2576 2331,2577 2357,2577 2383,2578 2409,2578 2434,2578 2460,2578 2486,2578 2512,2578 2538,2578 2564,2577 2590,2576"/>
                <TextEquiv>
                    <Unicode>Wut — Eisersucht — Liebe.“</Unicode>
                </TextEquiv>
            </TextLine>
            <TextLine id="r3l61" custom="readingOrder {index:60;}">
                <Coords points="2596,2585 2748,2584 2767,2601 2806,2584 2886,2598 2915,2587 2973,2604 3071,2582 3071,2556 2799,2558 2710,2543 2660,2559 2597,2545"/>
                <Baseline points="2603,2581 2628,2582 2654,2583 2680,2584 2705,2584 2731,2585 2757,2585 2782,2585 2808,2586 2834,2586 2859,2586 2885,2586 2911,2585 2936,2585 2962,2585 2988,2584 3013,2584 3039,2583 3065,2582"/>
                <TextEquiv>
                    <Unicode>— „Na ja, von dem ver¬</Unicode>
                </TextEquiv>
            </TextLine>
            <TextLine id="r3l62" custom="readingOrder {index:61;}">
                <Coords points="2087,2621 3077,2636 3078,2579 2879,2603 2088,2583"/>
                <Baseline points="2093,2614 2141,2613 2190,2612 2239,2612 2288,2612 2337,2612 2386,2613 2435,2614 2484,2615 2533,2616 2582,2618 2630,2619 2679,2621 2728,2622 2777,2623 2826,2624 2875,2624 2924,2624 2973,2624 3022,2624 3071,2623"/>
                <TextEquiv>
                    <Unicode>spür' ich allerdings verdammt wenig. Aber man will</Unicode>
                </TextEquiv>
            </TextLine>
            <TextLine id="r3l63" custom="readingOrder {index:62;}">
                <Coords points="2090,2655 3047,2663 3047,2628 2973,2623 2091,2623"/>
                <Baseline points="2097,2654 2144,2654 2191,2654 2238,2654 2285,2655 2333,2655 2380,2656 2427,2656 2474,2657 2521,2657 2569,2658 2616,2658 2663,2658 2710,2659 2757,2659 2805,2659 2852,2659 2899,2659 2946,2658 2993,2658 3041,2657"/>
                <TextEquiv>
                    <Unicode>doch nicht der Tropf sein.“ Genia flieht den „Mörder“.</Unicode>
                </TextEquiv>
            </TextLine>
            <TextLine id="r3l64" custom="readingOrder {index:63;}">
                <Coords points="2147,2706 3075,2703 3075,2666 2147,2662"/>
                <Baseline points="2153,2692 2198,2692 2244,2693 2290,2693 2336,2694 2382,2694 2427,2695 2473,2696 2519,2696 2565,2697 2611,2697 2656,2698 2702,2698 2748,2699 2794,2699 2840,2700 2885,2700 2931,2700 2977,2700 3023,2700 3069,2700"/>
                <TextEquiv>
                    <Unicode>Ein unentwegter Schildträger Schnitzlers hat vor</Unicode>
                </TextEquiv>
            </TextLine>
            <TextLine id="r3l65" custom="readingOrder {index:64;}">
                <Coords points="2174,2732 3074,2731 3074,2702 2982,2697 2175,2701"/>
                <Baseline points="2180,2732 2224,2731 2268,2731 2313,2731 2357,2731 2402,2731 2446,2732 2490,2732 2535,2733 2579,2734 2624,2734 2668,2735 2712,2736 2757,2736 2801,2737 2846,2738 2890,2738 2934,2738 2979,2738 3023,2738 3068,2738"/>
                <TextEquiv>
                    <Unicode>paar Tagen in einem Blatte diese fünf Akte</Unicode>
                </TextEquiv>
            </TextLine>
            <TextLine id="r3l66" custom="readingOrder {index:65;}">
                <Coords points="2078,2759 2143,2784 3067,2785 3068,2748 2962,2733 2079,2739"/>
                <Baseline points="2085,2766 2133,2766 2182,2767 2231,2768 2280,2768 2329,2769 2377,2770 2426,2771 2475,2772 2524,2773 2573,2774 2621,2774 2670,2775 2719,2775 2768,2775 2817,2776 2865,2775 2914,2775 2963,2774 3012,2773 3061,2772"/>
                <TextEquiv>
                    <Unicode>schlechter psychologischer Parterregymnastik mit Ibsen</Unicode>
                </TextEquiv>
            </TextLine>
            <TextLine id="r3l67" custom="readingOrder {index:66;}">
                <Coords points="2081,2799 3076,2830 3077,2776 2082,2769"/>
                <Baseline points="2088,2805 2137,2806 2186,2806 2235,2807 2284,2808 2333,2809 2382,2809 2431,2810 2480,2811 2529,2811 2579,2812 2628,2813 2677,2813 2726,2814 2775,2814 2824,2814 2873,2815 2922,2815 2971,2815 3020,2815 3070,2815"/>
                <TextEquiv>
                    <Unicode>in einem Atem genannt. Mir scheint, ein Vergleich</Unicode>
                </TextEquiv>
            </TextLine>
            <TextLine id="r3l68" custom="readingOrder {index:67;}">
                <Coords points="2079,2853 2961,2870 3079,2861 3080,2832 2079,2816"/>
                <Baseline points="2086,2846 2135,2846 2184,2847 2234,2847 2283,2847 2332,2848 2382,2848 2431,2849 2480,2849 2530,2849 2579,2850 2628,2850 2678,2851 2727,2851 2776,2852 2826,2852 2875,2853 2924,2853 2974,2854 3023,2854 3073,2855"/>
                <TextEquiv>
                    <Unicode>mit der Gott sei Dank! überwundenen Dänin</Unicode>
                </TextEquiv>
            </TextLine>
            <TextLine id="r3l69" custom="readingOrder {index:68;}">
                <Coords points="2085,2889 3059,2887 3059,2851 2085,2851"/>
                <Baseline points="2091,2884 2139,2883 2187,2883 2235,2882 2283,2882 2331,2882 2379,2883 2427,2883 2475,2883 2523,2884 2572,2885 2620,2886 2668,2886 2716,2887 2764,2888 2812,2889 2860,2889 2908,2890 2956,2890 3004,2890 3053,2890"/>
                <TextEquiv>
                    <Unicode>Karin Michaelis liegt beträchtlich näher. Die</Unicode>
                </TextEquiv>
            </TextLine>
            <TextLine id="r3l70" custom="readingOrder {index:69;}">
                <Coords points="2086,2924 3073,2937 3062,2892 2086,2890"/>
                <Baseline points="2092,2922 2140,2922 2189,2922 2238,2922 2286,2922 2335,2923 2384,2923 2432,2924 2481,2925 2530,2926 2579,2927 2627,2927 2676,2928 2725,2929 2773,2929 2822,2930 2871,2930 2919,2930 2968,2929 3017,2929 3066,2928"/>
                <TextEquiv>
                    <Unicode>Seele ein weites Land? Von der „Seele“ kann doch</Unicode>
                </TextEquiv>
            </TextLine>
            <TextLine id="r3l71" custom="readingOrder {index:70;}">
                <Coords points="2089,2964 3066,2970 3066,2943 2993,2931 2090,2923"/>
                <Baseline points="2096,2959 2144,2960 2192,2960 2240,2961 2288,2961 2336,2962 2384,2962 2433,2963 2481,2963 2529,2963 2577,2964 2625,2964 2673,2965 2721,2965 2770,2965 2818,2966 2866,2966 2914,2967 2962,2967 3010,2967 3059,2968"/>
                <TextEquiv>
                    <Unicode>hier nur die Rede sein als von dem Oedland in der</Unicode>
                </TextEquiv>
            </TextLine>
            <TextLine id="r3l72" custom="readingOrder {index:71;}">
                <Coords points="2083,2987 2813,3025 2869,3001 3049,3021 3062,2980 2083,2962"/>
                <Baseline points="2089,2997 2137,2997 2185,2998 2233,2998 2282,2999 2330,2999 2378,2999 2427,3000 2475,3000 2523,3000 2572,3001 2620,3001 2668,3002 2716,3002 2765,3003 2813,3004 2861,3005 2910,3006 2958,3007 3006,3008 3055,3009"/>
                <TextEquiv>
                    <Unicode>Brust eines sittlich entarteten Genüßlings. Und auch</Unicode>
                </TextEquiv>
            </TextLine>
            <TextLine id="r3l73" custom="readingOrder {index:72;}">
                <Coords points="2083,3045 3069,3039 3069,3013 2870,3000 2812,3024 2084,2997"/>
                <Baseline points="2089,3036 2137,3037 2186,3037 2234,3037 2283,3038 2332,3038 2380,3039 2429,3040 2478,3040 2526,3041 2575,3041 2624,3042 2672,3042 2721,3042 2770,3043 2818,3043 2867,3043 2916,3044 2964,3044 3013,3044 3062,3043"/>
                <TextEquiv>
                    <Unicode>die semme de treute ans, Frau Genia, scheint ihre</Unicode>
                </TextEquiv>
            </TextLine>
            <TextLine id="r3l74" custom="readingOrder {index:73;}">
                <Coords points="2073,3076 3076,3085 3026,3046 2830,3039 2073,3054"/>
                <Baseline points="2079,3077 2128,3076 2178,3075 2227,3075 2277,3075 2326,3075 2376,3076 2425,3076 2475,3076 2524,3077 2574,3078 2624,3078 2673,3079 2723,3079 2772,3080 2822,3080 2871,3081 2921,3081 2970,3081 3020,3080 3070,3080"/>
                <TextEquiv>
                    <Unicode>eheliche Treue neben einem Hofreiter mehr als einen</Unicode>
                </TextEquiv>
            </TextLine>
            <TextLine id="r3l75" custom="readingOrder {index:74;}">
                <Coords points="2076,3104 3075,3127 3074,3085 2943,3079 2837,3107 2769,3078 2076,3089"/>
                <Baseline points="2082,3115 2131,3114 2180,3114 2229,3113 2279,3113 2328,3113 2377,3114 2427,3114 2476,3115 2525,3115 2575,3116 2624,3117 2673,3118 2722,3118 2772,3119 2821,3120 2870,3120 2920,3121 2969,3121 3018,3121 3068,3121"/>
                <TextEquiv>
                    <Unicode>interessanten Sport angesehen zu haben. Sie weit</Unicode>
                </TextEquiv>
            </TextLine>
            <TextLine id="r3l76" custom="readingOrder {index:75;}">
                <Coords points="2077,3146 3075,3163 3075,3127 2865,3114 2078,3120"/>
                <Baseline points="2084,3153 2133,3152 2182,3152 2231,3152 2281,3152 2330,3152 2379,3152 2428,3153 2478,3153 2527,3154 2576,3155 2625,3155 2675,3156 2724,3157 2773,3157 2822,3158 2872,3158 2921,3158 2970,3158 3019,3158 3069,3158"/>
                <TextEquiv>
                    <Unicode>durch den Freund und Hausarzt von allen Lieb¬</Unicode>
                </TextEquiv>
            </TextLine>
            <TextLine id="r3l77" custom="readingOrder {index:76;}">
                <Coords points="2064,3190 3066,3204 3045,3158 2065,3144"/>
                <Baseline points="2071,3189 2120,3188 2169,3187 2219,3187 2268,3187 2318,3187 2367,3188 2416,3189 2466,3190 2515,3191 2565,3192 2614,3193 2663,3194 2713,3195 2762,3195 2812,3196 2861,3196 2910,3196 2960,3195 3009,3194 3059,3193"/>
                <TextEquiv>
                    <Unicode>schaften ihres Mannes, geht sogar mit seinen Ge¬</Unicode>
                </TextEquiv>
            </TextLine>
            <TextLine id="r3l78" custom="readingOrder {index:77;}">
                <Coords points="2077,3220 2200,3246 3005,3244 3069,3203 2077,3192"/>
                <Baseline points="2083,3224 2134,3225 2186,3226 2237,3227 2289,3228 2340,3229 2392,3229 2443,3230 2495,3231 2546,3231 2598,3231 2649,3232 2701,3232 2752,3232 2804,3232 2855,3232 2907,3232 2958,3232 3010,3232 3062,3231"/>
                <TextEquiv>
                    <Unicode>liebten gesellschaftlich um. Kann man da noch von</Unicode>
                </TextEquiv>
            </TextLine>
            <TextLine id="r3l79" custom="readingOrder {index:78;}">
                <Coords points="2066,3273 2881,3284 3065,3259 2959,3230 2066,3233"/>
                <Baseline points="2072,3262 2121,3263 2170,3264 2220,3265 2269,3266 2318,3267 2368,3267 2417,3268 2466,3268 2516,3268 2565,3269 2614,3269 2664,3269 2713,3269 2762,3270 2812,3270 2861,3270 2910,3270 2960,3270 3009,3271 3059,3271"/>
                <TextEquiv>
                    <Unicode>Seele reden? Ja, weitherzig sind diese beiden</Unicode>
                </TextEquiv>
            </TextLine>
            <TextLine id="r3l80" custom="readingOrder {index:79;}">
                <Coords points="2062,3307 3069,3298 3062,3256 2775,3287 2063,3272"/>
                <Baseline points="2069,3301 2118,3301 2168,3301 2217,3301 2267,3302 2317,3303 2366,3303 2416,3304 2466,3305 2515,3306 2565,3306 2615,3307 2664,3308 2714,3308 2764,3309 2813,3309 2863,3309 2913,3309 2962,3309 3012,3308 3062,3307"/>
                <TextEquiv>
                    <Unicode>Leute und von einem fast pervers zu nennenden</Unicode>
                </TextEquiv>
            </TextLine>
            <TextLine id="r3l81" custom="readingOrder {index:80;}">
                <Coords points="2069,3344 3057,3361 3066,3321 2069,3300"/>
                <Baseline points="2075,3340 2124,3340 2173,3341 2222,3341 2271,3341 2321,3342 2370,3342 2419,3343 2468,3343 2517,3343 2567,3344 2616,3344 2665,3345 2714,3345 2763,3346 2813,3346 2862,3346 2911,3347 2960,3347 3009,3348 3059,3348"/>
                <TextEquiv>
                    <Unicode>Empfinden. Wie gesagt: Produktionen auf dem</Unicode>
                </TextEquiv>
            </TextLine>
            <TextLine id="r3l82" custom="readingOrder {index:81;}">
                <Coords points="2066,3398 2837,3380 2996,3409 3064,3384 2864,3340 2067,3344"/>
                <Baseline points="2073,3382 2122,3381 2171,3380 2220,3380 2270,3380 2319,3379 2368,3379 2417,3380 2467,3380 2516,3380 2565,3381 2614,3381 2664,3382 2713,3382 2762,3383 2811,3383 2861,3384 2910,3384 2959,3384 3008,3384 3058,3384"/>
                <TextEquiv>
                    <Unicode>pfychologischen, nein pathologischen Seil. Ein</Unicode>
                </TextEquiv>
            </TextLine>
            <TextLine id="r3l83" custom="readingOrder {index:82;}">
                <Coords points="2073,3422 2918,3428 2918,3403 2833,3380 2813,3400 2495,3378 2392,3401 2073,3393"/>
                <Baseline points="2080,3420 2121,3420 2163,3419 2204,3419 2246,3419 2288,3418 2329,3418 2371,3418 2412,3419 2454,3419 2496,3419 2537,3419 2579,3419 2620,3420 2662,3421 2704,3421 2745,3422 2787,3422 2828,3423 2870,3424 2912,3425"/>
                <TextEquiv>
                    <Unicode>gesunder Magen erbricht sich an solcher Kost.</Unicode>
                </TextEquiv>
            </TextLine>
            <TextLine id="r3l84" custom="readingOrder {index:83;}">
                <Coords points="2123,3449 3053,3467 3053,3428 2957,3420 2124,3426"/>
                <Baseline points="2129,3456 2174,3456 2220,3455 2266,3455 2312,3455 2358,3455 2404,3456 2450,3456 2496,3457 2542,3457 2588,3458 2633,3459 2679,3459 2725,3460 2771,3460 2817,3461 2863,3461 2909,3462 2955,3462 3001,3462 3047,3462"/>
                <TextEquiv>
                    <Unicode>Obendrein ist das Ganze noch langweilig. Es ist</Unicode>
                </TextEquiv>
            </TextLine>
            <TextLine id="r3l85" custom="readingOrder {index:84;}">
                <Coords points="2070,3488 3060,3508 3060,3467 2994,3457 2764,3481 2687,3454 2070,3456"/>
                <Baseline points="2076,3493 2124,3493 2173,3494 2222,3494 2271,3494 2320,3495 2369,3495 2418,3496 2467,3496 2516,3497 2565,3498 2613,3498 2662,3499 2711,3499 2760,3500 2809,3500 2858,3501 2907,3501 2956,3501 3005,3501 3054,3501"/>
                <TextEquiv>
                    <Unicode>charakteristisch genug für Schnitzler, daß er selber</Unicode>
                </TextEquiv>
            </TextLine>
            <TextLine id="r3l86" custom="readingOrder {index:85;}">
                <Coords points="2066,3549 2197,3524 3057,3542 3024,3503 2067,3487"/>
                <Baseline points="2073,3532 2121,3532 2170,3531 2219,3531 2268,3531 2317,3531 2366,3532 2415,3532 2464,3533 2513,3533 2562,3534 2610,3535 2659,3536 2708,3537 2757,3538 2806,3539 2855,3540 2904,3541 2953,3541 3002,3542 3051,3543"/>
                <TextEquiv>
                    <Unicode>dieses Stück unter das Zeichen des Tennisspiels und</Unicode>
                </TextEquiv>
            </TextLine>
            <TextLine id="r3l87" custom="readingOrder {index:86;}">
                <Coords points="2073,3571 3065,3584 3065,3551 3007,3542 2582,3556 2413,3527 2338,3557 2074,3524"/>
                <Baseline points="2079,3569 2128,3569 2177,3569 2226,3570 2275,3570 2324,3570 2373,3571 2422,3572 2471,3572 2520,3573 2569,3574 2618,3574 2667,3575 2716,3576 2765,3576 2814,3577 2863,3577 2912,3577 2961,3578 3010,3578 3059,3577"/>
                <TextEquiv>
                    <Unicode>Bergkraxelns gestellt hat. Und obendrein ist ein</Unicode>
                </TextEquiv>
            </TextLine>
            <TextLine id="r3l88" custom="readingOrder {index:87;}">
                <Coords points="2081,3603 3055,3618 3055,3584 2956,3575 2508,3592 2332,3567 2225,3594 2081,3566"/>
                <Baseline points="2087,3607 2135,3607 2183,3607 2231,3608 2279,3608 2327,3608 2375,3609 2423,3609 2471,3610 2519,3610 2568,3611 2616,3612 2664,3612 2712,3613 2760,3614 2808,3614 2856,3615 2904,3616 2952,3616 3000,3617 3049,3618"/>
                <TextEquiv>
                    <Unicode>lässiger Wiener Ton darin, der uns ernsteren</Unicode>
                </TextEquiv>
            </TextLine>
            <TextLine id="r3l89" custom="readingOrder {index:88;}">
                <Coords points="2069,3640 3062,3656 3062,3620 2266,3624 2070,3593"/>
                <Baseline points="2076,3639 2125,3641 2174,3642 2223,3644 2272,3645 2321,3646 2370,3647 2419,3648 2468,3648 2517,3649 2566,3650 2615,3650 2664,3651 2713,3651 2762,3652 2811,3652 2860,3653 2909,3653 2958,3654 3007,3655 3056,3655"/>
                <TextEquiv>
                    <Unicode>Deutschen nicht behagen kann. Einzelne Akte sind</Unicode>
                </TextEquiv>
            </TextLine>
            <TextLine id="r3l90" custom="readingOrder {index:89;}">
                <Coords points="2069,3677 2169,3701 3056,3692 2925,3655 2372,3641 2299,3667 2070,3641"/>
                <Baseline points="2075,3678 2123,3679 2172,3681 2221,3682 2269,3683 2318,3684 2367,3685 2415,3686 2464,3686 2513,3687 2562,3688 2610,3688 2659,3689 2708,3690 2756,3691 2805,3691 2854,3692 2902,3693 2951,3694 3000,3696 3049,3697"/>
                <TextEquiv>
                    <Unicode>dürftig und gehaltlos, unsicher in der Linienführung.</Unicode>
                </TextEquiv>
            </TextLine>
            <TextLine id="r3l91" custom="readingOrder {index:90;}">
                <Coords points="2057,3732 2452,3713 3062,3752 3063,3707 2058,3686"/>
                <Baseline points="2064,3715 2113,3717 2163,3718 2212,3720 2262,3721 2312,3722 2361,3723 2411,3724 2460,3724 2510,3725 2560,3726 2609,3727 2659,3727 2708,3728 2758,3729 2808,3729 2857,3730 2907,3731 2956,3731 3006,3732 3056,3733"/>
                <TextEquiv>
                    <Unicode>Der zweite wirkt rein expositionell, der dritte</Unicode>
                </TextEquiv>
            </TextLine>
            <TextLine id="r3l92" custom="readingOrder {index:91;}">
                <Coords points="2055,3770 3052,3785 3052,3747 2949,3755 2917,3726 2056,3731"/>
                <Baseline points="2062,3758 2111,3759 2160,3759 2209,3759 2258,3760 2308,3761 2357,3761 2406,3762 2455,3762 2504,3763 2554,3764 2603,3765 2652,3765 2701,3766 2750,3766 2800,3767 2849,3767 2898,3768 2947,3768 2996,3768 3046,3768"/>
                <TextEquiv>
                    <Unicode>will sich humorist'sch aeben, bleibt aber kläglich. Der</Unicode>
                </TextEquiv>
            </TextLine>
            <TextLine id="r3l93" custom="readingOrder {index:92;}">
                <Coords points="2060,3796 3058,3814 3058,3778 2960,3769 2060,3764"/>
                <Baseline points="2066,3799 2115,3798 2164,3798 2213,3798 2263,3799 2312,3799 2361,3800 2411,3800 2460,3801 2509,3802 2559,3803 2608,3803 2657,3804 2706,3805 2756,3806 2805,3806 2854,3807 2904,3807 2953,3807 3002,3807 3052,3806"/>
                <TextEquiv>
                    <Unicode>lvierte ist em wertvollsten, könnte aber gleich an den</Unicode>
                </TextEquiv>
            </TextLine>
            <TextLine id="r3l94" custom="readingOrder {index:93;}">
                <Coords points="2062,3841 3055,3840 3009,3808 2063,3795"/>
                <Baseline points="2069,3836 2118,3836 2167,3836 2216,3837 2265,3837 2314,3838 2363,3839 2412,3840 2461,3841 2510,3841 2559,3842 2608,3843 2657,3844 2706,3844 2755,3845 2804,3845 2853,3845 2902,3845 2951,3845 3000,3845 3049,3844"/>
                <TextEquiv>
                    <Unicode>zweiten antnüpfen. Der Schlußakt ist für die Ab¬</Unicode>
                </TextEquiv>
            </TextLine>
            <TextLine id="r3l95" custom="readingOrder {index:94;}">
                <Coords points="2057,3871 3041,3891 3041,3852 2945,3838 2687,3863 2057,3843"/>
                <Baseline points="2063,3876 2111,3875 2160,3875 2208,3875 2257,3875 2306,3875 2354,3876 2403,3876 2451,3877 2500,3878 2549,3879 2597,3879 2646,3880 2694,3881 2743,3881 2792,3882 2840,3882 2889,3882 2937,3881 2986,3880 3035,3879"/>
                <TextEquiv>
                    <Unicode>frechnung kurz und schwer genug. Ausschließlic in</Unicode>
                </TextEquiv>
            </TextLine>
            <TextLine id="r3l96" custom="readingOrder {index:95;}">
                <Coords points="2058,3920 3039,3930 3052,3888 2059,3877"/>
                <Baseline points="2065,3912 2114,3911 2163,3911 2212,3911 2261,3911 2310,3912 2359,3912 2408,3913 2457,3914 2506,3914 2555,3915 2604,3916 2653,3917 2702,3918 2751,3919 2800,3919 2849,3919 2898,3920 2947,3920 2996,3920 3045,3920"/>
                <TextEquiv>
                    <Unicode>diesen beiden letzten Akten erkennen wir den klugen</Unicode>
                </TextEquiv>
            </TextLine>
            <TextLine id="r3l97" custom="readingOrder {index:96;}">
                <Coords points="2072,3952 3057,3967 3057,3933 2914,3916 2072,3918"/>
                <Baseline points="2078,3949 2126,3949 2175,3950 2223,3951 2272,3952 2321,3952 2369,3953 2418,3953 2467,3954 2515,3954 2564,3955 2613,3955 2661,3956 2710,3956 2759,3957 2807,3957 2856,3958 2905,3959 2953,3959 3002,3960 3051,3961"/>
                <TextEquiv>
                    <Unicode>und berufenen Schöpser früherer Werke in Schnitzler</Unicode>
                </TextEquiv>
            </TextLine>
            <TextLine id="r3l98" custom="readingOrder {index:97;}">
                <Coords points="2060,4008 2112,3990 2120,3998 2158,3989 2167,3980 2219,3998 2321,3983 2321,3967 2293,3957 2233,3958 2221,3950 2169,3962 2148,3952 2105,3956 2060,3945"/>
                <Baseline points="2067,3989 2094,3987 2122,3986 2149,3986 2177,3986 2204,3986 2232,3987 2259,3986 2287,3985 2315,3983"/>
                <TextEquiv>
                    <Unicode>gern wieder.</Unicode>
                </TextEquiv>
            </TextLine>
            <TextLine id="r3l99" custom="readingOrder {index:98;}">
                <Coords points="2115,4020 2963,4048 3041,4035 3042,3999 2115,3995"/>
                <Baseline points="2121,4022 2166,4022 2212,4022 2258,4022 2303,4023 2349,4024 2395,4025 2440,4026 2486,4026 2532,4027 2578,4029 2623,4030 2669,4030 2715,4031 2760,4032 2806,4032 2852,4032 2897,4032 2943,4032 2989,4031 3035,4030"/>
                <TextEquiv>
                    <Unicode>Das Stück wirkt notgedrungen unsympathisch</Unicode>
                </TextEquiv>
            </TextLine>
            <TextLine id="r3l100" custom="readingOrder {index:99;}">
                <Coords points="2056,4063 3015,4080 3038,4037 2056,4036"/>
                <Baseline points="2062,4060 2110,4059 2158,4060 2207,4060 2255,4061 2304,4062 2352,4063 2401,4065 2449,4066 2498,4067 2546,4068 2594,4070 2643,4070 2691,4071 2740,4072 2788,4072 2837,4072 2885,4072 2934,4071 2982,4069 3031,4068"/>
                <TextEquiv>
                    <Unicode>und ruft bei allen anständig Empfindenden ein</Unicode>
                </TextEquiv>
            </TextLine>
            <TextLine id="r3l101" custom="readingOrder {index:100;}">
                <Coords points="2061,4110 3038,4109 2963,4068 2062,4069"/>
                <Baseline points="2068,4098 2116,4098 2164,4097 2212,4098 2260,4098 2309,4099 2357,4101 2405,4102 2453,4103 2501,4105 2550,4106 2598,4108 2646,4109 2694,4110 2742,4110 2791,4111 2839,4110 2887,4110 2935,4108 2983,4106 3032,4104"/>
                <TextEquiv>
                    <Unicode>Istarkes Befremden, ja Widerwillen hervor, den</Unicode>
                </TextEquiv>
            </TextLine>
            <TextLine id="r3l102" custom="readingOrder {index:101;}">
                <Coords points="2056,4136 2689,4136 2689,4116 2611,4105 2528,4119 2380,4099 2057,4103"/>
                <Baseline points="2063,4130 2094,4131 2125,4132 2156,4133 2187,4134 2218,4135 2249,4136 2280,4136 2311,4137 2342,4138 2373,4139 2404,4139 2435,4140 2466,4140 2497,4141 2528,4141 2559,4142 2590,4142 2621,4142 2652,4142 2683,4142"/>
                <TextEquiv>
                    <Unicode>keine aute Wiedergabe dieses</Unicode>
                </TextEquiv>
            </TextLine>
            <TextLine id="r3l103" custom="readingOrder {index:102;}">
                <Coords points="2768,4148 2862,4144 2871,4152 2934,4147 2949,4154 3043,4141 3043,4109 2979,4116 2946,4105 2922,4116 2876,4107 2853,4118 2828,4109 2806,4118 2768,4109"/>
                <Baseline points="2774,4141 2800,4143 2826,4144 2852,4145 2879,4145 2905,4145 2931,4144 2958,4143 2984,4143 3010,4143 3037,4144"/>
                <TextEquiv>
                    <Unicode>drei Fünfteln</Unicode>
                </TextEquiv>
            </TextLine>
            <TextEquiv>
                <Unicode>UlcaMD om. Wv4
Isschnitt aus:
17. ONTOSEN 19:7
in:
Theater und Musik.
Leipzig, 15. Oktober.
Neues Sheater.
„Das weite Land“.
Tragikomödie von Arthur Schnißlet
Uraufführung.
Gleichzeitige Uraufführungen desselben neuen
Stückes an mehreren namhaften Bühnen sind seit
Hermann Bahr stark in Mode gekommen. Schnitzlers
neues Bühnenwerk, das auch zugleich an der Wiener
Hofburg, am Prager Deutschen Landestheater, in
Berlin und anderswo erschien, lernten wir gestern in
einer interessanten und an sich wertvollen Aufführung
kennen, für die der Direktion Volkner Anerkennung
und aufmunternder Dank seitens der Theaterfreunde
gebührt.
Das Stück selbst verdient beides weit weniger.
heißt da einmal: „Das Natürliche.
Chaos. Ja, mein guter Hofreiter, die Seele
ein weites Land, wie ein Dichter es einmal aus¬
drückt..
s kann übrigens auch ein Hoteldirektor
gewesen sein. Nun, ich bin überzeugt, es war ein
Hoteldirektor. — Und an anderer Stelle, zu Anfang,
ist die Rede von „Produktionen auf dem
psychologischen S
In der Tat, dieses
Werturteil Schnitzlers über Schnitzler trifft den Kern
des Dramas im besten.
Der Fabrikant Friedrich Hofreiter betrügt seine
kluge, schöne und temperamentvolle Frau Genia selt
Jahren mit Frauen aus Ihrem Kreise so unermüdlich
und unyerhohlen, daß ihm imponderabile Grenz¬
begriffe die Ehe und Ehre fast abhanden gekommen,
zum mindesten stark verwischt sind. Aber als eines
Tages
ein guter Freund des Hauses, ein junger
Klaviervirtuose, sich erschießt, weil ihn Frau Genia
nicht erhörte, bringt diese Tugendhaftigkeit seiner
Frau den leichtherzigen Hofreiter in nicht geringe
Verlegenheit. Er fuhlt sich unbehaglich neben ihr,
flieht ihre Nähe und fängt auf einem Abstecher in
die Schweiz schleunigst eine neue Liebschaft an, die
nach seinem Willen sogar zur Ehe führen soll. Frau
Genia, von ihrem Gatten so oft durch Untreue be¬
leidigt, fängt unterdes daheim nun auch eine Lieb¬
schaft mit einem grünen Jungen an, einem Marine¬
fähnrich. Hofreiter, kopflos geworden durch seine
jüngste Aventiure, kehrt heim und gerät völlig aus
dem Gleichgewicht seiner gewohnten Gleichgültigkeit,
wo er doch — nach seinem Sittenkodex — zufrieden
sein könnte, daß Frau Genia sich endlich revanchiert
und ihn nicht mehr beschämt derch ihre Tugend und
Treue. Er fordert den Fähnrich heraus und schießt
ihn über den Haufen. „Wenn es Haß wäre —
Wut — Eisersucht — Liebe.“
— „Na ja, von dem ver¬
spür' ich allerdings verdammt wenig. Aber man will
doch nicht der Tropf sein.“ Genia flieht den „Mörder“.
Ein unentwegter Schildträger Schnitzlers hat vor
paar Tagen in einem Blatte diese fünf Akte
schlechter psychologischer Parterregymnastik mit Ibsen
in einem Atem genannt. Mir scheint, ein Vergleich
mit der Gott sei Dank! überwundenen Dänin
Karin Michaelis liegt beträchtlich näher. Die
Seele ein weites Land? Von der „Seele“ kann doch
hier nur die Rede sein als von dem Oedland in der
Brust eines sittlich entarteten Genüßlings. Und auch
die semme de treute ans, Frau Genia, scheint ihre
eheliche Treue neben einem Hofreiter mehr als einen
interessanten Sport angesehen zu haben. Sie weit
durch den Freund und Hausarzt von allen Lieb¬
schaften ihres Mannes, geht sogar mit seinen Ge¬
liebten gesellschaftlich um. Kann man da noch von
Seele reden? Ja, weitherzig sind diese beiden
Leute und von einem fast pervers zu nennenden
Empfinden. Wie gesagt: Produktionen auf dem
pfychologischen, nein pathologischen Seil. Ein
gesunder Magen erbricht sich an solcher Kost.
Obendrein ist das Ganze noch langweilig. Es ist
charakteristisch genug für Schnitzler, daß er selber
dieses Stück unter das Zeichen des Tennisspiels und
Bergkraxelns gestellt hat. Und obendrein ist ein
lässiger Wiener Ton darin, der uns ernsteren
Deutschen nicht behagen kann. Einzelne Akte sind
dürftig und gehaltlos, unsicher in der Linienführung.
Der zweite wirkt rein expositionell, der dritte
will sich humorist'sch aeben, bleibt aber kläglich. Der
lvierte ist em wertvollsten, könnte aber gleich an den
zweiten antnüpfen. Der Schlußakt ist für die Ab¬
frechnung kurz und schwer genug. Ausschließlic in
diesen beiden letzten Akten erkennen wir den klugen
und berufenen Schöpser früherer Werke in Schnitzler
gern wieder.
Das Stück wirkt notgedrungen unsympathisch
und ruft bei allen anständig Empfindenden ein
Istarkes Befremden, ja Widerwillen hervor, den
keine aute Wiedergabe dieses
drei Fünfteln</Unicode>
            </TextEquiv>
        </TextRegion>
    </Page>
</PcGts>
