3392 4352
223 227 1185 331 24. Das veite Land
1349 241 1795 341 box 29/2
423 1528 781 1616 S
222 1633 1077 1700 Dichters zu geben (das ist es trotz allem doch).
213 1588 3094 1713 andeutende Notizen über dieses Werk eines genialen= ist. Bis dahin läuft alles novellistisch durcheinander, wie oben erwähnt, an Hilde Wangel erinnert —
259 1672 1182 1756 Der Fabrikant Hofreiter steht im Mittelpunkt,
1195 1669 2175 1778 Feine Szenen und Szenchen, spielende Lichter eines
210 1694 1197 1781 ein Mann, der ohne Zweifel komplizierter ist, als die
1193 1694 2161 1808 sonverainen Humors, aber alles Dinge, die man im
2155 1711 3157 1805 konnte nicht überzeugen. Herr Kökert übertrieb
215 1753 1184 1841 Mehrzahl unserer Fabrikanten. Charmeur, Wiener,
1176 1742 2156 1841 Grunde lieber in einem Roman lesen würde. Frei¬
2158 1756 3144 1851 einen Tennisblödian mehr als billig und Herr
208 1794 1187 1878 Frauenliebling, Weltmann und im Grunde viel¬
1188 1791 2156 1890 lich gibt es dafür im vierten Akt und auch im fünsten
2151 1795 3148 1883 Läutner fand zwar diesmal besser den Weg von
89 1806 205 1870 send
205 1830 1181 1905 leicht doch ein kleiner feiger Spießbürger, der sich ein
1182 1828 2158 1919 Szenen von einer bohrenden und zugleich drama¬
2151 1837 3145 1924 der Operette zum Schauspiel, seine Art, jede Pointe
86 1855 207 1916 nder
204 1873 1176 1952 Eheglück selbst in Stücke reißt und es doch so gerne
1177 1868 2160 1967 tisch wirkenden Pkychologie, die dafür entschädigen.
2145 1863 3143 1961 und jedes Witzwort ins Publikum zu schleudern, ist
85 1896 197 1954 eine
198 1901 1184 1994 halten möchte. Genia, seine Frau, die ist vielleicht
1184 1908 2153 2004 Die z. B., in der sich der Banhier Natter und der
2148 1908 3145 1992 aber gerade in einem Schnitzlerschen Stuck ganz fehl
209 1949 1174 2034 noch rätselvoller als er. Man kann nicht gut schil¬
1167 1940 2154 2048 Fabrikant Hofreiter gegenüberstehen, zwei Betrogene
2145 1969 3135 2044 am Ort. Die Regie (Direktor Balder) hatte eine
76 1939 194 2029 Keuse
202 1987 1170 2079 dern, was in dieser Frau alles zusammen liegt.
1169 1989 2148 2079 und zwei bittere Feinde und in der aus konventio¬
2142 1992 3136 2088 Gartenszenerie und eine Hotelhalle geschaffen, die in
1159 2019 2151 2117 neller Liobenswürdigkeit plötzlich so viel bitterer Haß
189 2012 1180 2115 Sehnsucht nach ihrem Gatten und Haß gegen ihn,
2149 2031 3142 2123 vielem über das hinausgingen, was man sonst an
79 2024 206 2111 zon
194 2069 1177 2170 unendlich viel Güte und dazwischen wie die Krallen
1176 2067 2142 2157 aufsprüht Aber solche Szenen sind leider in der
2135 2077 3136 2165 Inszenierung bei uns zu sehen bekommt. Freilich
205 2119 1170 2193 eines Raubtieres, die unter einem Rosenbusch vor¬
1171 2107 2152 2199 Minderheit und als Theaterstück muß man das Werk
2139 2107 3131 2191 wirkten im dritten Akt die Hotelgäste, die es da in
200 2150 1176 2241 lugen, Dämonie und das Verlangen, die Männer in
1166 2138 2142 2238 ablehnen, das man als Dichterwerk schon darum lie¬
2137 2148 3155 2253 der Halle eines vornehmen Dolomitenhotels zu sehen !
69 2051 200 2241 r
2120 2186 2688 2268 gab, mehr als deprimierend.
186 2189 1168 2274 bunt verwirrte Abenteuer hineinzuhetzen. Er erlebt
1159 2186 2144 2280 ben muß, weil es Arthur Schnitzler geschrieben hat.
193 2232 1166 2331 sein Abenteuer mit einem Mädchen, das freilich etwas
1214 2228 2141 2315 Das Stadttheater verdient Dank, daß es das Werk
197 2271 1158 2352 sehr nahe mit Ibsens Hilde Wangel verwandt ist.
1165 2247 2146 2356 herausbrachte, bei dem auf einen Publikumerfolg nicht
1161 2311 2148 2391 zu rechnen war, aber ich kann die Darstellung leider
190 2307 1165 2397 Im Hochgebirge finden sie sich und inzwischen läßt
184 2339 1170 2421 Genia zuhause einen jungen Fähnrich in ihr Zim¬
1164 2358 2157 2437 nicht so loben, wie ich es gerne möchte. Herr Har¬
1163 2388 2142 2475 del blieb dem Hofreiter sehr viel schuldig. Er ist im
186 2386 1158 2470 mer steigen. All seine leidenschaftliche Inbrunst für
62 2403 157 2470 am
1162 2421 2148 2516 Rahmen seiner Fähigkeiten ein sehr guter Darsteller
185 2431 1161 2507 jenes Mädchen kann Hofreiter nicht hindern, den
64 2458 187 2525 ter¬
1209 2468 2138 2559 ich habe das an dieser Stelle oft betont: aber der
184 2473 1160 2554 Fähnrich zum Duell zu fordern und ihn über den
73 2496 184 2552 da¬
1151 2497 2145 2595 Hofreiter liegt nicht im Rahmen seiner Fähigkeiten.
185 2498 1161 2586 Haufen zu schießen, denn im letzten Grunde ist es
66 2542 196 2602 agen
1155 2552 2140 2623 Daß er kein Wiener ist, darf mun ihm nicht zum
176 2541 1162 2639 wohl doch seine Frau, die er liebt und für die er dem
81 2573 165 2633 ein
1155 2587 2140 2674 Vorwurf machen; der Charmeur Hofreiter gelang ihm
179 2594 1162 2675 Fähnrich die Brust bot. Denn die Seele ist ein weites
1150 2626 2136 2716 trotzdem noch am besten. Von all dem tiefen Seelen¬
170 2622 1149 2703 Land und seltsame Dinge wohnen in ihr nebenein¬
1143 2657 2136 2755 leid dieses Mannes, von der Angst, der Bitterkeit sei¬
176 2669 1154 2749 ander. Das wird auch noch an einem halben Dutzend
70 2693 185 2755 ohl
1143 2702 2141 2796 nes Inneren und von der Eiseskälte, die er um sich
180 2712 1159 2802 anderer Personen bewiesen. An der Schauspielerin
1148 2750 2141 2816 fühlt, spiegelte sich in der Darstellung fast nichts. Auch
181 2751 1158 2848 Meinhold=Aigner z. B. und an ihrem Gatten, dem
70 2777 167 2839 gen,
1139 2780 2133 2881 Frl. Weidlichs Anna Meinhold tat fast nichts,
180 2791 1138 2879 Hoteldirektor v. Aigner, die seit zwanzig Jahren ge¬
65 2816 173 2873 selt¬
1145 2827 2132 2915 um des Dichters Absichten sinnfällig zu machen. Am
166 2832 1147 2916 schieden sind und von denen jeder gesteht, daß er in¬
59 2856 160 2916 ier
1138 2865 2132 2950 besten war noch Frl. Bolthenv, namentlich in den
169 2875 1151 2959 zwischen keiner anderen wahrhaften Liebe mehr fähig
1138 2902 2124 2996 letzten Akten. Sie blieb nur das Dämonische schuldig,
171 2908 1147 2999 war. An dem Banhier Natter, der weiß, daß ihn
1141 2930 2127 3037 von dem die Genia ohne Zweisel unmittert ist, im
176 2951 1148 3040 seine Fran betrügt und der doch alles still hinunter¬
50 2981 134 3046 ue
1137 2984 2127 3080 übrigen kam der seltsame Charakter dieser Frau in
171 2989 1147 3081 schluckt, da er nie von ihr loskommen kann.
67 3020 172 3075 ver¬
1140 3029 1950 3106 ihrer Darstellung ziemlich zum Ausdruck.
161 3028 1148 3125 Man sieht, es ist sehr viel tieses und seines
1971 3057 2122 3115 Herr
70 3066 158 3118 sich
1144 3062 2127 3162 Fanger war für den Frauenhelden und Herzbe¬
162 3063 1137 3153 in diesem Stück, denn man weiß, mit welch seelen¬
51 3099 148 3166 iner
1128 3102 2122 3205 zwinger Aigner etwas zu trocken, Herr v. Falken¬
172 3114 1140 3201 kundiger Zartheit Schnitzler solche Tinge behandel!;
58 3144 127 3195 licht
1128 3146 1954 3225 hausen als Fähnrich recht überzeugend.
150 3131 1151 3237 als heaterstück freilich scheint es mir voll und ganz
59 3186 163 3244 rum
1129 3183 2116 3277 Kautsky fand für den Doktor Mauer ruhige und
152 3192 1150 3267 verfehlt. Drei volle Akte braucht die Handlung. bis
1126 3228 2124 3299 sichere Haltung. Sonst ist beim besten Willen nicht
62 3228 2138 3354 #ig#### üd darauf beünnt. daß sie eine Theaterhanstung! mehr viel gutes zu sagen. Frl. Kochs Erna — die ##
