3344 4352
716 154 776 207 WV
290 141 1244 242 24. Das
621 1100 1462 1172 Eine Hand strich ihr übers Haar — ein
555 1157 1001 1221 andere hob ihr Gesicht
618 1189 1453 1247 Der Ernst ihres Lebens stand vor ihr und
554 1234 765 1306 lachte
559 1339 1054 1451 Direktion Rotter
914 1445 1452 1534 im Lessinglheater.
704 1539 1315 1602 Schnitzlers „Weites Land“
609 1588 1443 1677 Es ist Ende November geworden, bis jetzt
553 1656 1457 1712 an einer der wichtigsten und traditionsreichsten
559 1704 1444 1755 Berliner Schauspielbühnen die Schauspielsaison
550 1752 1442 1800 begonnen hat. Die Direktion Rotter eröffne#
559 1782 1450 1841 das Lessingtheater. Wieder nur als Provisorium
562 1837 1444 1876 eines Jahres. Und mit Schnitzlers „Weitem
557 1878 1444 1920 Land“, einer Aufführung, die sie im Residenz¬
554 1918 1463 1981 theater längst verwertet hat, bis an die Grenzen
554 1956 1048 2025 des Steuerkartensystems.
606 2013 1447 2072 Diese Tragikomödie von 1910 müßte gegeben
566 2062 1454 2111 werden, so wie wohl ihr Dichter sie heute sieht¬
568 2103 1454 2162 lyrisch, mit allen seelischen Untertönen, dämmer¬
565 2143 1455 2206 dunkel, resigniert=zerrissen. Wie, mit Basser¬
569 2196 1441 2252 mann, der „Einsame Weg“ war und ist. (Denn
569 2232 1433 2292 mit nichten ist Schnitzlers Welt verblaßt. Das
567 2287 1447 2336 weiß, wer den Erzähler Schnitzler kennt und
561 2327 1446 2388 den großen, den ewigen, doppelten Schauer der
561 2365 1440 2423 Todesgegenwart darin fühlt und der Liebes¬
554 2408 1436 2469 verstrickung.) Das Lessingtheater hat zum Re¬
554 2453 1440 2511 gisseur Herrn Kanehl. Schriftstellerisch (und
560 2501 1435 2555 politisch) Exponent einer jungen Generation,
552 2536 1444 2602 hält er sich als Bühnenmann an die Oberfläche,
553 2579 1437 2650 an das Konversationsstück, an das Theater von
553 2628 1443 2693 vorgestern, das süßliche und glatte. Oder er
552 2679 1444 2733 zeigt nicht Persönlichkeit genug, um gegen die
556 2715 1432 2786 Routine seine eigene Auffassung zu erzwingen.
593 2760 1422 2830 Das Ensemble ist von innen überaltert. Was
536 2819 1439 2872 dazwischen neu sichtbar wird, rechnet nicht. Die
548 2847 1439 2916 Prominenten sind versammelt, die man für den
544 2901 1430 2964 Zettel braucht; und das ist schädlich als Methode.
551 2947 1445 3011 Aigner=Christomanos der lebfrische Ferdinand
539 2980 1439 3049 Bonn. Die Schauspielerin Meinhold, immen
541 3028 1440 3094 noch voll Würde, feierliche Repräsentantin der
534 3076 1448 3135 Vergangenheit, die Sandrock. Dann das
533 3115 1421 3177 Ehepaar Hofreiten; er um Vierzig, sie einund¬
531 3159 1422 3222 dreißig. Noch trifft Herr Korff virtuos den
538 3206 1420 3263 Charakter, der damals sein Ruhm am Burg¬
535 3240 1431 3310 theater war, die Renaissancenatur vom Cottage
528 3299 1430 3360 (oder vom Badener Villenviertel), die soignierte
548 3326 1433 3397 Kraft mit dem Zusatz selbstgefälliger Weichlichkeit.
544 3381 1445 3456 Aber auch er ist, von den Spuren der Zeit nicht
532 3413 1436 3470 verschont, matter als früher. Frau Triesch ist
522 3465 1432 3522 Frau Genia, die melancholisch klagende, und so
526 3507 1423 3557 sehr fein und wahr; doch sie kann nicht mehr die
529 3532 1416 3613 Genia der erotischen Krise sein, der psychisch¬
528 3588 1425 3644 phisiologisch bedingten. Neben ihnen: Herr
526 3634 1430 3698 Schroth als der Zyniker Ratter, Frau Lim¬
536 3678 1429 3721 burg, für diese Sphäre zu keß und scharf,
536 3720 1426 3790 Frau Schneider=Rissen als Mama Wahl,
1415 157 1851 238 box 29/5
1473 2108 1640 2238 8
1532 2677 1640 2769 —
1442 2739 1601 2843 2
1543 3103 1585 3146 5
1438 3138 1618 3231 2
1477 3216 1580 3296 8
1484 3289 1620 3388 28
1459 3557 1638 3637 „
1460 3634 1582 3695 n
1486 3682 1587 3741 71h
1932 1077 2822 1159 Herr Falkenstern als Rhon, der Dramariker,
1940 1135 2818 1178 mit seinem bekümmerten, stets gleichen Seehunds¬
1931 1174 2822 1238 humor, der nicht für des Lebens Ernst prädesti¬
1926 1223 2830 1259 nierte, charmante Herr Alexander, und als
1926 1259 2814 1322 Erna Wahl Fräulein Ellen Tiet, kalt und un¬
1931 1300 2089 1365 bewegt.
2623 1307 2799 1371 P. W.
2555 4066 2633 4142 —
2941 4080 3048 4133 G
