3392 4352
1404 163 1831 253 box 28/2
1116 177 1154 231 II
1004 165 1063 230 I.
270 169 1230 267 24. Das
783 348 962 422 hnitt an
963 360 1679 490 Der Salon, Wien
794 438 1141 574 S0. 1511.
789 510 1047 574 TE
1157 520 1653 615 u
938 549 1148 608 29
1108 571 1206 645 +
1462 576 1508 630 8
832 619 1152 678 D 0OO
1214 616 1820 706 Theater. Tloooo
1444 673 1488 751 —
993 703 1658 802 PPEEEEREEEP G·
1178 804 1466 871 Burgtheater.
958 875 1825 939 Das weite Land“ Komödie von Arthur
836 929 1829 986 Schnitzler. Erstaufführung am 14. Oktober 1911.
818 978 1822 1039 Es war eine merkwürdige Völkerwanderung, die
819 1036 1829 1100 auch uns in jenes neue Land, das sich das
839 1076 1833 1141 weite“ nennt, führte! Ein Land modernster
828 1130 1820 1186 und überspanntester Empfindungen und Geschehnisse,
832 1179 1830 1231 denen einst die wirklich weltbedeutenden Bretter
827 1235 1827 1297 unsrer Hofbühne keine Heimstätte boten! — Ja,
827 1285 1826 1350 das „Einst“ dieses so oft, mit wegwerfendem
825 1323 1823 1395 Lächeln, besprochene Einst“ wohin ist es ent¬
828 1374 1830 1429 schwunden und wo sind nur seine schier für die
825 1435 1837 1498 Ewigkeit eingegrabenen Spuren? — Sollten auch
819 1488 1806 1547 diese schon für immer verweht sein? Verweht vom
825 1532 1793 1595 einschläfernden Sande perverser Moderne und von
823 1584 1795 1630 sensationslüsternem Snobismus? — Fast scheint
815 1640 1807 1694 es so. — Jenes bis zum Giebel vollgepfropfte
817 1682 1799 1754 Hofburgtheater am 14. Oktober, es spricht eine
821 1739 1790 1806 laute und bitter=traurige Sprache! — Wie war's
825 1774 1802 1838 doch im viel belächelten Einst“ anders! — Da
818 1829 1805 1883 saßen in den Logen aller Ränge unseres schönen
814 1881 1806 1937 Musentempels, der Reihe und dem Range nach,
823 1932 1806 1999 unser historischer Geburtsadel, vertreten durch seine
816 1989 1794 2034 hehrsten Sprossen, die Liechtensteins, Schwar¬
819 2035 1805 2100 zenbergs, Windisch =Graet, Auerspergs,
822 2087 1808 2137 Kinskys, Trauttmausdorffs, Paars,
816 2130 1802 2183 Hunyadys n v. a., und selbst der Bürgermeister
815 2188 1793 2237 von Wien, Dr. Zelinka, mußte sich mit seiner
811 2240 1798 2284 schönen Gattin nur mit einer Loge III. Ranges
821 2285 1798 2329 begnügen! Also Adel im Zuschauerraume und
812 2329 1168 2396 auf der Bühne!
1274 2340 1789 2403 Das war das „Einst“!
879 2387 1804 2452 Und nun wird bald das Wunder geschehen
819 2428 1805 2485 sein, daß unseres Burgtheaters geheiligte Hallen von
816 2486 1798 2548 lantem Jubel bei einer Premiere von „Scholem
818 2533 1803 2603 Asch“ erzittern werden! — Darf es bis dahin
819 2580 1806 2650 kommen?— Nein, und tausendmal nein! — Mitten
815 2635 1804 2701 im Drange dieser Not und Gefahr ging uns jetzt
813 2696 1797 2753 ein Hoffnungsstern auf! Mit froher Erwartung
806 2731 1796 2805 blicken wir auf ein in lieblichstem Jugendprangen
814 2792 1799 2850 eben jetzt vermähltes hohes Paar, auf Ihre k. u. k.
815 2837 1798 2888 Hoheiten Erzherzog Karl Franz Josef und
815 2889 1789 2951 dessen in Sittenstrenge und Moral erzogene, durch¬
812 2935 1796 3004 lauchtigste Gemahlin Erzherzogin Zita, und sehen
811 2988 1787 3045 durch diese Vermählung einer für die Kunst be¬
803 3036 1706 3096 deutungsvollen, verjüngten Epoche entgegen.
811 3080 1808 3160 Die Tatsache, daß das dem Throne so nahestehende
805 3132 1806 3191 hohe Paar in absehbarer Zeit schon in der altehr¬
812 3190 1794 3245 würdigen Residenz der Habsburger im Hetzen¬
804 3248 1813 3304 dorfer Schlosse Wohnung nehmen soll, bestärkt die
814 3298 1796 3358 Hoffnung, daß auch alsdann der Augenblick ge¬
811 3341 1803 3410 kommen sein wird, wo sich wieder der historische,
807 3401 1807 3450 alte Adel seiner Rechte und Pflichten erinnern und
805 3441 1804 3491 der jetzt so herabgewürdigten Kunst des Hofburg¬
799 3492 1813 3547 #theaters wieder seinen mächtigen Schutz angedeihen
808 3527 1811 3606 lassen wird. Das wäre für unsere größte deutsche
808 3590 1729 3653 Kunststätte das würdigste weite Land“!
805 3646 1808 3684 Es wäre ein schweres Unrecht, wollte man den
804 3688 1812 3732 gegenwärtigen Direktor Baron Berger für dieses
803 3746 1806 3808 schier unmögliche Produtt Schnitzlerscher Schreibe¬
799 3783 1800 3850 kunst verantwortlich machen. Sein werter Vor¬
801 3841 1807 3898 gänger in dieser Ehrenstellung, Hofrat Schleuther,
811 3893 1813 3939 hat es eben für gut und auch einer Hofbühne
806 3942 1802 4002 würdig befunden, diese elegische, in Badener
805 3980 1806 4037 Gesellschaftskreisen spielende Frivolität
802 4041 1807 4119 zur Aufführung zu bringen und Baron Berger
1615 4129 1718 4186 * *
1858 535 2839 607 sah sich daher genötigt, „Das weite Land“ in
1864 592 2838 660 Szene zu setzen, dem man im Berliner Hof¬
1850 652 2845 714 theater das Entree verweigert hatte. Welche Erfolge
1857 690 2856 755 die bisher ausverkauften Vorstellungen erzielten,
1854 740 2831 807 beweist das Wochenrepertoire, wo „Das weite Land“.
1847 791 2839 845 dreimal angesetzt erscheint. Ja, es gibt eben leider
1853 831 2844 908 Menschen, die mehr dem Takte der Reklametrommel
1857 887 2857 973 als ihrem Eigenen folgen: gehört es ja doch jetzt
1856 944 2847 1012 zum Bon-ton, diese Schnitzlersche Tragikomödie
1854 992 2217 1058 gesehen zu haben.
2344 996 2839 1084 Der alte Wiener. 1
