3344 4352
987 227 1030 287 1
1404 221 1829 309 box 28/2
249 215 1223 320 24. Das Weite
576 1273 1314 1390 Vossische Zeitung, Berlin
968 1481 1304 1583 1710 1911
442 1614 1602 1681 „Das weite Land“; im Burgtheater. Wien, 15. Bider.
356 1662 1603 1730 *(Eigene Mitteilung unseres Korrespondenten.) Im
410 1709 1602 1767 vorigen Spieljahr beherrschte „Der junge Medardus“ die Wiener
405 1747 1583 1800 Hofbühne. Heuer wird Scitzlers=ragitomodie „Das weite Land“
398 1789 1602 1835 kaum geringeres Glück beschieden sein. Beide Male können die
397 1830 1602 1884 Wiener den Ur=Motiven Schnitzlers in der städtischen Geschichte
396 1866 1599 1935 nachgehen, wie die Berliner den Ur=Bildern in Fontanes Novellen
402 1899 1609 1951 und Romauen. „Der junge Medardus“ glich ein bißchen dem
395 1951 1606 1989 Stags, der 1809 Napoleon in Schönbrunn umbringen wollte. Und
404 1987 1596 2033 der Marine=Fähnrich im „Weiten Land“ erinnert (vielleicht unwill¬
402 2026 1601 2072 kürlich) an den blutjungen Leutnant, den ein beleidigter Gatte, seines
405 2057 1594 2111 Zeichens Kaufherr, vor länger als einem Jahrzehnt im Zweikampf
406 2092 1597 2151 tötete. Beide Male hat unser Dramatiter die Begebenheiten in
399 2123 1609 2187 das echt Schnitzlerische übersetzt: die Lebens= Liebes= und Sterbens¬
403 2174 1604 2232 Zitate sind weit mehr aus der Gedanken= und Gestaltenwelt früherer
402 2213 1601 2268 Werke des Dichters (von der „Liebelei“ bis zum „Zwischenspiel“)
403 2253 1606 2300 als aus den Ur=Bildern seines Wiener Beichtspiegels geholt. Nur
396 2296 1610 2340 die Grundweisen klingen heimatlich: die Abwandlungen Schnitzlers
395 2340 1606 2379 sind geistreich und spitzfindig ausphantasiert. Wie welt seine Frei¬
401 2366 1598 2424 geisterei der Leidenschaft, die seltsame Mischung des Naturrechtes in
405 2407 1599 2457 der Stimme des Blutes mit dem pedantischen Ehren=Komment der
405 2441 1603 2494 Duellregeln auf die Dauer überzeugen kann, wird die Folge lehren:
397 2484 1599 2534 Die Spannung eines Theaterabends und mehr als das, die Achtung
398 2519 1597 2571 vor seiner persönlichen Ehrlichkeit als Künstler und selbständiger
406 2560 1601 2614 Moralist erzwingt er auch von unbefangenen Gegnern seiner Denk=Art.
393 2598 1595 2656 Und die Sauberkeit der Nebenhandlungen, die Lannen und der Tiefsinn,
407 2638 1599 2697 der aus seinen Volks= und Gesellschafts=Typen spricht; die An¬
402 2670 1600 2727 regungen eines überlegenen Geistes versöhnen und trösten selbst
411 2721 1595 2763 heikle Hörer, die in der Hauptsache sich nicht gefangen geben, Das
399 2751 1603 2804 Burgtheater brachte Schnitzlers jüngstemsWerk allen gebührenden
408 2799 1604 2846 Eifer entgegen. Die Genia des Frl. Marberg war eine bedeutende
408 2839 1604 2886 Leistung. Der Fabrikant Korffs, in Einzelbeiten fahrig, blieb als
409 2878 1595 2926 Ganzes sehr achtbar. Devrient als Hoteldirektor, Gerasch als
401 2903 1607 2964 Fähnrich, Frau Bleibtren als dessen Mutter und die meisten andern
407 2961 1600 3032 verdienen Dank. Das beste leistete aber das Publikum, das
420 3017 1610 3071 Schnitzler als alten Liebling willig entgegenkam und auf seine
409 3058 1607 3121 Lsubtilsten Andeutungen in Scherz und Ernst mit sicherem Verständnis?
399 3102 699 3156 einging. —m.
1885 1356 2295 1434 Ausschnitt aus:
2559 1390 3015 1546 1 N. 11.
2254 1431 2839 1553 Vnssisuier -oshugg.
3083 1496 3207 1560 —
1890 1501 2188 1594 S
2009 1595 3161 1654 „Das weite Land“ im Burgtheater. Wien, 15. Oktober.
1950 1648 3159 1696 (Eigene Mitteilung unseres Korrespondenten.) Im
1954 1689 3159 1738 vorigen Spieljahr beherrschte „Der junge Medardus“ die Wiener
1956 1726 3145 1780 Hofbühne. Heuer wird Schnitzlers Tragikomödie „Das weile Land“.
1963 1768 3157 1815 kaum geringeres Glück r sein. Beide Male können die
1963 1800 3162 1843 Wiener den Ur=Motiven Schnitzlers in der städtischen Geschichte
1951 1846 3159 1887 nachgehen, wie die Berliner den Ur=Bildern in Fontanes Novellen
1952 1883 3155 1945 und Romanen. „Der junge Medardus“ glich ein bißchen dem
1966 1922 3154 1959 Stags, der 1809 Napoleon in Schönbrunn umbringen wollte. Und
1948 1965 3147 2016 der Marine=Fähnrich im „Weiten Land“ erinnert (vielleicht unwill¬
1951 1991 3152 2040 kürlich) an den blutjungen Leutnant, den ein beleidigter Gatte, seines
1960 2036 3148 2081 Zeichens Kaufherr, vor länger als einem Jahrzehnt im Zweikampf
1958 2072 3160 2123 tötete. Beide Male hat unser Dramatiker die Begebenheiten in
1953 2115 3151 2148 das echt Schnitzlerische übersetzt: die Lebens=, Liebes= und Sterbens¬
1962 2148 3148 2187 Zitate sind weit mehr aus der Gedanken= und Gestaltenwelt früherer
1957 2180 3166 2243 Werke des Dichters (von der „Liebelei“ bis zum „Zwischenspiel“)"
1952 2230 3146 2271 als aus den Ur=Bildern seines Wiener Beichtspiegels geholt. Nur.
1950 2269 3165 2316 die Grundweisen klingen heimatlich: die Abwandlungen Schnitzlerss
1957 2297 3159 2354 sind geistreich und spitzfindig ansphantasiert. Wie welt seine Frei¬
1960 2352 3149 2395 geisterei der Leidenschaft, die seltsame Mischung des Naturrechtes in
1954 2385 3157 2424 der Stimme des Blutes mit dem pedantischen Ehren=Komment der¬
1947 2423 3150 2463 Duellregeln auf die Dauer überzeugen kann, wird die Folge lehrents
1948 2466 3153 2515 Die Spannung eines Theaterabends und mehr als das, die Achtung
1957 2503 3156 2545 vor seiner persönlichen Ehrlichkeit als Künstler und selbständiger
1952 2536 3149 2603 Moralist erzwingt er auch von unbefangenen Gegnern seiner Denk=Art.
1955 2571 3148 2632 Und die Sauberkeit der Nebenhandlungen, die Lannen und der Tiefstung
1956 2613 3138 2658 der aus seinen Volks= und Gesellschafts=Typen spricht; die An¬
1951 2651 3147 2691 regungen eines überlegenen Geistes versöhnen und trösten selbst
1949 2695 3152 2737 heikle Hörer, die in der Hauptsache sich nicht gefangen geben, Das¬
1951 2731 3147 2782 Burgtheater brachte Schnitzlers jüngstem Werk allen gebührenden
1946 2769 3160 2823 Eifer entgegen. Die Genia des Frl. Marberg war eine bedeutendes
1953 2810 3147 2844 Leistung. Der Fabrikant Korffs, in Einzelheiten fahrig, blieb als
1943 2851 3131 2911 Ganzes sehr achtbar. Devrient als Hoteldirektor, Gerasch als
1951 2889 3142 2941 Fähnrich, Frau Bleibtreu als dessen Mutter und die meisten andern¬
1950 3051 3150 3127 verdienen Dank. Das beste leistete aber das Publikum, das
1959 3089 3137 3169 Schnitzter als alten Liebling willig entgegenkam und auf seine
1954 3119 3151 3224 subtilsten Andeutungen in Scherz und Ernst mit sicherem Verständuis
1954 3165 2244 3226 einging. —m.
2083 3205 2215 3264 2
2749 4125 2992 4212 ——
