3392 4352
732 139 826 206 W (
1442 135 1893 240 box 29/2
318 123 1297 263 24. bas eg Land
223 1192 518 1303 dem ge.—
256 1281 402 1360 . Ur
1601 1296 3388 1384 eine Reihe moderner Nervenmenschen vor und zur selben Zeit einen starken
239 1334 353 1402 aura
532 1302 1519 1417 Mos= Das weite Land. (9
1593 1352 3397 1433 versenlt seinen scharfen, doppelt geschulten Blick ltreuen Liebe in Händen. Ein ju
605 1391 3407 1451 Tragikomödie in fünf Akten von Arm Schnint#r des Arztes und Dichters in die geheimsten Tie=spieler hat sich erschossen, da sie
215 1427 396 1494 alle S.
623 1448 1567 1517 (Erstaufführung am Jubiläums=Stadttheater auf, 17.
1612 1457 3398 1518 fen ihrer komplizierten Charaktere, dringt in hörte. Wie unerwartet anders w
913 1478 1281 1549 November 1911.)
231 1481 395 1542 den Te.
1608 1503 2666 1582 die verborgensten Falten ihres Innern und
2661 1517 3401 1577 Zeichen auf den seltsamen Men
242 1527 399 1605 berfüt
596 1517 1611 1605 Ein neuer Schnitzler ist immer eine Festgabe.
1612 1547 3409 1639 scheut auch vor den kühnsten und schwierigsten bewundert nicht ihre unwandelb
239 1583 374 1647 anstal
538 1602 1617 1666 Für den Feinschmecker allerdings! UndKauch
1611 1604 3409 1674 Problemen nicht zurück — er „tanzt auf dem sieht vielmehr in ihr die Mörderin
220 1635 372 1699 hrzell
552 1659 3407 1718 unter denen wird sie nicht jedem munden; dem psychologischen Seile“ um in seiner eigenen des. „Der Gedanke, daß irgend et
274 1672 357 1742 zwei
558 1700 2660 1774 ( Deutschen im Norden weniger, als dem Öster= Sprache zu reden. Diese Seelenanalyse ist so
2647 1713 3408 1769 in Wirklichkeit gar nicht ist — ein
224 1729 356 1793 eilen
565 1751 2663 1812 reicher, dem Wiener. Denn nach Österreich, nach recht ein Zeichen unserer Zeit, die Alberta von
2647 1756 3405 1825 Phantom, ein Nichts, wenigstens e
567 1794 1615 1858 Wien weisen Schnitzlers Gestalten, nicht nur
1610 1794 3400 1878 Puttkamer jüngst die „geheimnislose“ genannt baren Dinge gegenüber wie de
565 1847 3409 1925 durch ihre Herkunft und den Aufenthaltsort, hat. Aber der Dichter läßt sich bei seiner Se=ldeine Tugend — einen Me
555 1880 3404 1954 durch die leicht durchklingende Mundart, sondern zierarbeit nicht über die Achsel gucken, er bietet! Tod getrieben hat, das ist mir ei
566 1944 3407 2018 auch durch die ganze Welt ihres Empfindens uns das fertige Produkt dar und überläßt es lich“ und er wendet sich nun vollst
558 2000 2660 2072 und Handelns. So ist es auch in dem letzten dem Einzelnen, sich damit abzufinden, soweit es
2639 2004 3389 2073 ab und stürzt in die Arme der j
562 2037 1620 2097 Stücke, das erst vor einem Monate an siebzehn
1616 2048 3396 2129 seinem eigenen Wesen, seiner anpassenden Phan= Erna, die ihn leidenschaftlich liebt
561 2093 1626 2157 Großstadtbühnen zugleich mit sehr verschiedenem
1605 2098 2652 2175 tasie gelingt — er zeigt uns die Oasen im wei¬
2637 2105 3409 2177 willig hingibt. Man hat diese W
558 2136 1631 2208 Erfolge gegeben wurde und nun auch staunend
1611 2146 2648 2230 ten Lande der Seele, den Weg dahin müssen
2652 2156 3382 2233 staunt, bekrittelt, als unwahre
244 2172 331 2236 daß
573 2190 1468 2258 rasch seinen Einzug in die Provinz hält.
1616 2186 2016 2266 wir selbst finden.
2645 2204 3406 2279 wohl nur, weil sie neu und ganz
240 2223 393 2295 hütter
605 2225 1617 2314 Im vorhinein können wir, wenn uns der
1646 2244 2647 2318 Im Vordergrunde des Interesses stehen der
2656 2259 3410 2326 ist, unmöglich ist sie gewiß nicht.
267 2277 345 2330 ssen.
561 2280 3409 2374 geistvolle und feinsinnige Poet ladet, sicher sein, reiche Fabrikant Friedrich Hofreiter und seinelleicht ein Hofreiter wie irgend e
571 2340 3408 2413 daß der Abend nicht verloren ist. Wer freilich Frau Genia. Er ist etwa vierzig Jahre alt, ein Held seiner verkannten Gemahlin
558 2379 3395 2482 an den „Medardus“ denkt und sich spannende rastloser Geschäftsmann und Erfinder, dabei ein Verzeihung flehend zu Füßen falle
265 2409 410 2501 um he
559 2439 3407 2492 Handlung, szenische Effekte, große dramatische liebenswürdiger Gesellschafter, Sportsmann, egoistische Herrschernaturen haben
223 2472 389 2536 iliären
554 2485 3409 2581 Wirkungen erwartet, der wird nicht auf seine Kunstfreund; aber das alles ist nur Nebensache, Bewußtsein einer Schuld und ver
214 2525 421 2590 ißt, daß
542 2549 3407 2625 Kosten kommen; es ist der alte, stille Schnitzler das macht man, „wenn man Zeit hat“; die daß ein anderer sie überragt. G
219 2572 412 2652 und des
544 2591 3409 2665 der „Liebelei“ und des „Zwischenspieles“, der Hauptsache sind ihm — und wie er glaubt, allen ihren Mann kaum, sie hört nur da
546 2648 3408 2694 uns hier entgegentritt „Tragikomödie“ nennt schaffensstarken Männern — die Frauen. Hier aus seinen Worten und, um es
554 2687 3406 2780 er sein Werk und der viel mißbrauchte Titel liegt das eigentliche Betätigungsfeld für seinestun, aus Trotz wohl auch und ei
544 2737 1610 2802 besteht hier zu Recht, wir hören wirklich eine
1595 2740 3407 2819 Eroberernatur. Skrupellos betrügt er seine noch Bedürfnis, nimmt sie einen Liel
547 2786 1592 2869 traurige Weise, mit Humor und Ironie vor¬
1593 2799 2640 2855 junge und anziehende Gattin, die ihm doch nicht
2644 2804 3398 2861 aber tritt das Seltsamste ein. Wie
547 2837 792 2915 getragen.
1577 2854 2649 2914 gleichgiltig ist. Sie weiß darum, liebt ihn aber
2632 2861 3407 2926 mensch, der sich oft und oft seine Fri
592 2863 1597 2955 Den Inhalt aus den fünf Akten herausschälen,
1591 2897 3410 2975 nicht weniger und wartet vielleicht, wie Frau den Gärten gepflückt hat, den Dieb
550 2918 1601 3006 hieße nutzlose Arbeit verrichten und dem Werke
1593 2942 3401 3016 Marie in Bahrs Konzert“, geduldig, bis er zu schlecht behüteten Grund und Boden
547 2983 1598 3062 Unrecht tun, denn die Handlung ist allerdings
1604 2993 3408 3066 ihr zurückkehrt. Dazu stände nun gerade der Dieb, den er ja fast selbst zum Stehle
545 3034 3404 3116 sehr dürftig und technisch mangelhaft heraus= Weg offen, denn Friedrich ist seiner bisherigen hat, schießt er ihn nieder. Hier kön
539 3076 3394 3140 gearbeitet, aber nicht darauf kommt es hier an, Liebelei mit der oberflächlichen Frau seines mehr ganz mit! War ihm das Di
545 3136 3407 3241 sondern auf die Personen. Schnitzler führt uns Bantiers überdrüssig geworden und Genia hatl gesellschaftliche Formsache und der
