3344 4320
1375 77 1810 176 box 28/4
673 98 767 155 W E
255 91 433 181 24
430 95 1215 190 Land
777 235 1478 333 Tägliche Rondschad, Seina
540 279 818 358 15,097.1911
360 306 522 372 vom:
611 401 1305 489 aus dem Kunstleben.
743 471 1161 552 Lessing-Cheater.
437 532 1472 610 Arthur Schnitzler: „Das weite Land“.
443 595 1559 666 Ein sehr richtiger Titel für ein sehr schwaches Stück: „Das
359 642 1553 703 woite Land“. Arthur Schnitzler hat sich in ein allzu weites Land
358 703 1565 755 der Möglichkeiten begeben und dorten an verschiedenen Punkten
362 737 1566 791 Fähnlein gesteckt oder leichtes Gezelte errichtet, statt auf einem
363 795 1561 854 einzigen Fleck der mütterlichen Erde ein festes Haus zu er¬
365 826 505 885 bauen.
450 876 1570 933 Fünf lange, lange Akte und eine Menge Menschen werden
360 916 1561 977 aufgeboten, um diese neue „Tragikomödie“ zu vollbringen. Aber
357 970 1559 1020 es kann keine lebendige Tragikomödie zustande kommen, weil
362 1000 1579 1072 der Grundgedanke, oder sagen wir: das Grundempfinden des
361 1049 1266 1107 Dichters überhaupt kein Drama entstehen läßt.
443 1086 1567 1147 Im Anfang endlos exponierendes Gerede ohne Klärung,
358 1139 1560 1185 just als sollte die Bühne einer Belastungprobe unterzogen
359 1181 1569 1237 werden: wie viel Langeweile zu ertragen sie wohl imstande
367 1226 1556 1289 sei. Mittels zweier Akte hat man solchermaßen ein unglück¬
367 1271 1551 1325 selig unverständliches Eheweib (auf das Irene Triesch ver¬
366 1324 1558 1374 geblich ihre psychologische Kunst verwandte), einen ledernen
369 1361 1561 1421 Fahnrich, einen hölzernen Arzt, eine resignierte Ehebrecherin,
361 1400 1547 1465 eine unternehmende höhere Tochter und namentlich einen über¬
360 1445 1557 1518 reifen Lebemann nebst allerlei Episodensippschaft — nicht
367 1498 919 1541 40. Lnisetr 1011 — A. 100
337 1560 1537 1617 näher kennen gelernt. Nun kommt ein Akt Hochtouristen¬
340 1619 1527 1672 schwank mit einer sonderbar schamfreien Attacke der merk¬
334 1656 1534 1720 würdig ernstgenommenen höheren Tochter auf besagten ver¬
326 1698 1533 1747 heirateten Lebemann. In der dritten Pause geschehen über¬
325 1744 1537 1803 raschende und verhältnismäßig wesentliche Dinge: das unglück¬
333 1775 1535 1850 selig=unverständliche Eheweib läßt sich von dem ledernen Fähn¬
329 1831 1538 1886 rich erobern, der Lebemann dagegen flieht vor der unter¬
337 1877 1536 1921 nehmenden höheren Tochter — wobei leider nichts davon gesagt
337 1917 1536 1959 wird, daß schamfrei gewordene Unternehmunglust von seiten
333 1962 1535 2013 des immer noch zarteren Geschlechtes durchaus an sich geeignet
335 2008 1539 2043 ist, auch ergrauende Lebehelden in die Flucht zu schlagen. Ganz
334 2043 1544 2098 gegen seine ausführlichen Reden nimmt der Lebemann im
326 2090 1541 2136 vierten Akt den Fehltritt seiner Frau, obwohl er sie wirklich
334 2135 1543 2185 nicht mehr zu lieben scheint, plötzlich ernst, schießt in der vierten
334 2176 1539 2241 Pause den Fähnrich tot und behauptet im fünften Akt steif und
333 2224 1535 2295 fest, er werde in die Ferne ziehen und hinfort immerdar ein¬
324 2262 635 2325 sam bleiben..
427 2291 1544 2368 Die Inkonsequenzen, oder um es deutscher und weiter¬
329 2354 1539 2403 reichend auszudrücken: die Ungereimtheiten dieses langen und
333 2398 1544 2455 breiten Spiels sind zum großen Teil vom Dichter bewußt ver¬
325 2442 1535 2504 übt worden. Allein dies entlastet höchstens den Intellektuellen
333 2482 1546 2557 Schnitzler, den Gesellschaftphilosophisten, nicht den Dramatiker
332 2537 1539 2592 gleichen Namens. Seine nicht mehr unbekannte Reifeweis¬
334 2583 1541 2633 heit, daß die Seele ein weites Land sei, und daß wir vor
333 2626 1547 2678 allem in Dingen der Liebe, aber auch sonst weder für unsere
334 2653 1539 2706 Treue noch für unsere Untreue gutsagen könnten, kurz: daß
340 2706 1544 2762 wir allesamt egoistische Nervenbündel mit unberechenbaren
338 2731 1550 2814 Funktionen seien — diese nihilistisch=sentimentale Scheinphilo¬
331 2792 1540 2831 sophie vernichtet den Heldenwillen und damit alle Tragik. Und
334 2832 1536 2872 wo sie ihre Selbstverkündigung zum letzten Ziel des Kunst¬
339 2875 1534 2929 werks machen möchte, muß sie notwendig auch alles sonstige
338 2925 1540 2963 dramatische Leben im Keim ersticken. Daß ein so nachdenk¬
324 2969 1541 3007 licher Kopf wie Schnitzler das nicht einsieht! Daß er nicht die
333 3005 1542 3067 naheliegende Folgerung zieht: auch die Kunst sei dann ein
324 3052 1367 3106 Nichts, und auch das Drama eine Fable convenue!
431 3086 1538 3138 Aber vermutlich denkt er, es ginge auch so — und es
329 3149 1531 3203 genüge, daß das Theater etwas einigermaßen Wirkliches sei?
398 3171 1544 3240 Die Erfahrung mit seinem neuesten Werk wird diese
338 3228 1548 3267 Meinung nicht verstärken können. Direktor Brahm konnte
336 3273 1535 3330 zwar zum Schluß für den Verfasser danken, aber das gewiß
327 3314 1537 3372 wohlgesinnte Publikum gab im Verlauf des Abends erheblich mehr
336 3359 1544 3406 Langeweile und Mißvergnügen als Freude zu erkennen. Eine Reihe
326 3406 1544 3454 hübscher Aphorismen und Witze wurde gern belächelt. Jedoch
337 3442 1536 3487 das Ganze, dieses völlig romanartige Nebeneinander von
338 3493 1533 3548 Schauspiel, Schwank, Novellen und Sentenzensammlung ver¬
333 3537 1535 3587 mochte sich nicht durchzusetzen. Die Darstellung interessierte
333 3578 1544 3641 durchweg mehr als die „Tragikomödie“. Heinz Monnard
337 3628 1547 3676 war als Lebeheld des Abends gleich ausgezeichnet an Liebens¬
338 3663 1540 3717 würdigkeit wie an treffsicherer Natürlichkeit. Hilde Herte¬
324 3708 1544 3767 rich gab der höheren Tochter weit mehr Glaubwürdigkeit als
331 3753 1544 3803 der Dichter. Mit den Nebenrollen (Herr Stieler war als
338 3806 1537 3853 Liebhaber diesmal nicht recht am Platz) ließ sich schauspielerisch
331 3851 1544 3892 nicht viel anfangen. Nur Mathilde Sussin und Karl
343 3876 1537 3939 Forest hatten dankbarere Aufgaben und blieben ihnen nichts
332 3930 1537 3982 schuldig. Vergeblich waren Kräfte wie Reicher, Marr,
340 3967 1320 4030 Ilka Grüning auf die Bühne bemüht worden.
1127 4006 1504 4078 Willy Rath.
1979 792 3211 912 Ausschnitt ausseitern Hartung'sche Zeitth
2520 878 3205 998 Reineberg i. Pr. Zeitn
2077 913 2371 1002 n. 5 10.197
1984 970 2503 1048 BI EREE TOTR
2262 1054 2704 1155 Vermischtes.
2209 1147 2747 1230 Schuitles-Poomiere.
1891 1210 3136 1279 r. Berlin, 14. Oktober. Schnitzlers Tragikomödie „Das
1826 1258 3121 1347 weite Land“ die heute wie in Wien, Hamburg und zwölf anderen
1821 1320 3132 1373 Orten im Lessingtheater ihre Erstaufführung erlebte, wurde
1813 1371 3136 1427 erst freundlich, vom dritten Akt ab aber kühl ausgenommen. Nur eine
1822 1420 3125 1493 über alles Lob erhabene Aufführung mit Irene Triesch und
1826 1460 3129 1540 Monard, Emanuel Reicher, Ilka Grüning, der Sussin u.s.w.
1826 1538 3137 1597 rettete den Abend. „Das weite Land“ ist eine Menschenseele mit allen
1830 1580 2502 1657 ihren Rätseln und Widersprüchen.
1894 1637 3122 1696 Wie uns unser Wiener F.=Korresponden, meldet, wurde
1818 1690 3126 1760 Schnitzlers „Das weite Land“ im Burgtheater lebhaft und freund¬
1817 1740 2197 1814 lich aufgenommen.
1906 1801 3138 1874 Stockholm, 14. Oktober. Die Zeitung „Dagens Nyphetery
1813 1861 3136 1908 meldet, der diesjährige Nobelpreis für Literatur wird Max¬
1822 1913 2616 1984 rice Maeterliuck verliehen werden.
1993 2254 2777 2355 Zeitung: Frankfurter Zeitung
1991 2372 2170 2437 Datum:
2330 2377 2726 2536 ien
1943 2553 3031 2647 Uranjjührung von Schnitzlers „Das weite Land“.
1961 2620 3055 2687 h Berlin, 14. Oktbr., 11.40 N. (Priv.=Tel.) Arthur
1914 2675 3057 2719 Schnitzlers Tragikomödie „Das weite Land“ wurde
1909 2719 3051 2770 im Lessingtheater mit Interesse und Anteilnahme
1908 2745 3068 2797 aufgenommen; ohne daß man von einem rechten Erfolge
1915 2781 3053 2839 sprechen könnte. Das weite Land ist die Seele des Mannes,
1917 2820 3062 2892 in der alle Möglichkeiten beieinander sind. Eine jener bruta¬
1914 2867 3061 2917 len Männergestalten steht im Mitterunkt des Stückes. Aus¬
1904 2910 3062 2972 derben Levemannsinstinkien heraus betrügt er seine Frau
1915 2949 3050 2985 mit einer Geliebten nach der andern. Es ist ihm unverständ¬
1910 2982 3054 3047 lich, ja es stößt ihn ab, daß seine Frau einen seiner Kreunde¬
1892 3035 3052 3093 lieber in den Tod gehen läßt, als daß sie ihm willfährig ge¬
1906 3076 3054 3124 wesen wäre. Und als seine Frau dann doch mit einem an¬
1895 3115 3051 3185 dern die Ehe bricht, fordert er den Liebhaber und knallt ihn
1905 3152 2260 3210 kaltblütig nieder.
1968 3164 3038 3241 Das Drama setzt mit feinster Seelenmalerei stimmungs¬
1904 3227 3036 3271 kräftig ein, der dritte Akt aber ergeht sich in Nebensächlich¬
1910 3267 3040 3320 keiten. Die beiden Schlußakte weisen jene kalie psychologische
1904 3305 3041 3352 Rechenkunst auf, der Schnitzler leicht verfällt. Man kann
1897 3347 3045 3396 sagen: Aus seelischer Psychologie wird psychologisches Theater.
1893 3387 3036 3438 Die Aufführung des Lessingtheater krankte daran, daß
1897 3420 3042 3480 Herr Monnard die Hauptgestalt mit groben Mitteln etwas
1890 3476 3039 3514 sehr absichtlich und unfein gab: sie war im übrigen fein ab¬
2403 3497 3039 3562 grau Triesch, Frl. Herte¬
1893 3502 2367 3560 gekönt und könstlerisch.
1908 3536 3057 3597 rich, die Herren Reicher Marr und Stieler boten
1907 3582 2305 3652 erlesene Leistungen.
