<?xml version="1.0" encoding="UTF-8" standalone="yes"?>
<PcGts xmlns="http://schema.primaresearch.org/PAGE/gts/pagecontent/2013-07-15" xmlns:xsi="http://www.w3.org/2001/XMLSchema-instance" xsi:schemaLocation="http://schema.primaresearch.org/PAGE/gts/pagecontent/2013-07-15 http://schema.primaresearch.org/PAGE/gts/pagecontent/2013-07-15/pagecontent.xsd">
    <Metadata>
        <Creator>prov=University of Rostock/Institute of Mathematics/CITlab/Gundram Leifert/gundram.leifert@uni-rostock.de:name=ONB_Newseye_GT_M1+(htr_id=10810)::::v=2.4.2
prov=University of Rostock/Institute of Mathematics/CITlab/Tobias Gruening/tobias.gruening@uni-rostock.de:name=de.uros.citlab.module.baseline2polygon.B2PSeamMultiOriented:v=2.4.2
prov=University of Rostock/Institute of Mathematics/CITlab/Tobias Gruening/tobias.gruening@uni-rostock.de:name=/mnt/transkribus/LA/DEA/URO/LA_news_onb_att.pb:de.uros.citlab.segmentation.CITlab_LA_ML:v=2.4.2
Transkribus</Creator>
        <Created>2019-10-07T11:11:51.435+02:00</Created>
        <LastChange>2019-10-07T20:26:34.971+02:00</LastChange>
        <TranskribusMetadata docId="223964" pageId="9494770" pageNr="1" tsid="16453983" status="IN_PROGRESS" userId="40391" imgUrl="https://files.transkribus.eu/Get?id=PXFMJMXEXTCKXYZHYRPMTJAJ&amp;fileType=view" xmlUrl="https://files.transkribus.eu/Get?id=QWCMNCUTBLNAHBNUYBCDIYOY" imageId="6184997"/>
    </Metadata>
    <Page imageFilename="223964_0001.jpeg" imageWidth="3344" imageHeight="4320">
        <ReadingOrder>
            <OrderedGroup id="ro_1711441476491" caption="Regions reading order">
                <RegionRefIndexed index="0" regionRef="r1"/>
                <RegionRefIndexed index="1" regionRef="r2"/>
            </OrderedGroup>
        </ReadingOrder>
        <TextRegion orientation="0.0" id="r1" custom="readingOrder {index:0;}">
            <Coords points="272,165 272,3617 1807,3617 1807,165"/>
            <TextLine id="r1l1" custom="readingOrder {index:0;}">
                <Coords points="673,190 682,190 691,199 698,199 703,194 712,200 724,193 736,193 738,138 729,137 708,156 694,148 685,153 675,153"/>
                <Baseline points="683,189 728,190"/>
                <TextEquiv>
                    <Unicode>W</Unicode>
                </TextEquiv>
            </TextLine>
            <TextLine id="r1l2" custom="readingOrder {index:1;}">
                <Coords points="1373,196 1412,212 1557,199 1613,222 1642,202 1702,231 1815,203 1816,147 1795,154 1737,133 1683,154 1662,136 1554,162 1503,137 1438,153 1374,128"/>
                <Baseline points="1383,194 1409,194 1436,194 1462,194 1489,195 1515,195 1542,195 1568,196 1595,196 1621,196 1648,196 1674,196 1701,196 1727,196 1754,196 1780,195 1807,194"/>
                <TextEquiv>
                    <Unicode>box 28/2</Unicode>
                </TextEquiv>
            </TextLine>
            <TextLine id="r1l3" custom="readingOrder {index:2;}">
                <Coords points="262,206 453,200 613,237 1203,230 1181,135 1081,164 854,136 746,200 657,191 604,146 487,138 417,174 358,136 264,137"/>
                <Baseline points="272,185 318,190 364,194 410,198 456,201 502,204 548,206 595,207 641,209 687,210 733,211 779,211 825,212 871,212 918,212 964,212 1010,212 1056,212 1102,213 1148,213 1195,214"/>
                <TextEquiv>
                    <Unicode>24. Das 11 Land</Unicode>
                </TextEquiv>
            </TextLine>
            <TextLine id="r1l4" custom="readingOrder {index:3;}">
                <Coords points="390,374 619,381 657,397 682,387 711,403 736,393 756,413 781,395 817,412 821,325 733,341 674,322 638,337 616,320 528,332 511,321 466,330 449,315 392,339"/>
                <Baseline points="400,363 425,365 451,367 476,367 502,368 528,369 553,370 579,370 605,371 630,372 656,373 681,374 707,375 733,376 758,378 784,381 810,383"/>
                <TextEquiv>
                    <Unicode>Ausschnitt aus:</Unicode>
                </TextEquiv>
            </TextLine>
            <TextLine id="r1l5" custom="readingOrder {index:4;}">
                <Coords points="746,458 761,451 813,462 826,451 859,447 870,438 895,453 922,455 911,361 898,368 878,363 855,374 839,370 807,410 777,399 764,410 740,413"/>
                <Baseline points="755,459 781,452 807,446 834,441 860,439 886,438 913,439"/>
                <TextEquiv>
                    <Unicode>110 </Unicode>
                </TextEquiv>
            </TextLine>
            <TextLine id="r1l6" custom="readingOrder {index:5;}">
                <Coords points="589,481 624,494 654,480 732,483 778,500 884,483 945,509 1040,490 1039,401 959,402 908,441 823,457 765,455 699,408 589,419"/>
                <Baseline points="597,476 622,476 648,475 673,475 699,475 724,476 750,476 775,476 801,476 826,476 852,477 877,477 903,477 928,476 954,476 979,475 1005,474 1031,473"/>
                <TextEquiv>
                    <Unicode>1. AUle Nr 1910</Unicode>
                </TextEquiv>
            </TextLine>
            <TextLine id="r1l7" custom="readingOrder {index:6;}">
                <Coords points="1112,472 1131,487 1174,479 1203,490 1220,478 1259,494 1279,484 1418,528 1432,526 1443,436 1392,446 1367,422 1288,406 1234,428 1177,395 1145,408 1120,394"/>
                <Baseline points="1122,465 1147,467 1173,469 1198,472 1224,475 1249,479 1275,483 1300,486 1326,489 1351,491 1377,494 1402,495 1428,495"/>
                <TextEquiv>
                    <Unicode>ak Wien</Unicode>
                </TextEquiv>
            </TextLine>
            <TextLine id="r1l8" custom="readingOrder {index:7;}">
                <Coords points="427,497 453,499 458,495 465,499 519,501 533,487 549,483 549,452 537,450 520,459 493,439 479,443 457,434 446,437 436,448 427,448"/>
                <Baseline points="435,490 461,492 487,492 513,492 540,491"/>
                <TextEquiv>
                    <Unicode>om:</Unicode>
                </TextEquiv>
            </TextLine>
            <TextLine id="r1l9" custom="readingOrder {index:8;}">
                <Coords points="643,642 1162,653 1213,679 1305,663 1396,699 1467,666 1469,636 1387,600 1307,616 1223,592 1169,617 1142,591 993,603 647,564"/>
                <Baseline points="653,636 693,634 733,634 773,633 814,634 854,635 894,636 934,638 975,640 1015,642 1055,645 1095,648 1136,651 1176,654 1216,657 1256,660 1297,662 1337,664 1377,667 1417,668 1458,669"/>
                <TextEquiv>
                    <Unicode>Cheater und Kunst.</Unicode>
                </TextEquiv>
            </TextLine>
            <TextLine id="r1l10" custom="readingOrder {index:9;}">
                <Coords points="1624,730 1651,719 1707,725 1737,696 1755,699 1750,620 1734,621 1723,613 1713,623 1698,627 1686,617 1654,653 1618,648"/>
                <Baseline points="1630,690 1658,690 1687,689 1716,686 1745,683"/>
                <TextEquiv>
                    <Unicode></Unicode>
                </TextEquiv>
            </TextLine>
            <TextLine id="r1l11" custom="readingOrder {index:10;}">
                <Coords points="481,727 849,780 1099,759 1585,797 1588,734 1540,719 1434,741 894,675 813,708 485,671"/>
                <Baseline points="491,724 545,727 599,730 653,732 708,735 762,738 816,741 870,744 925,747 979,750 1033,754 1087,757 1142,760 1196,763 1250,766 1304,769 1359,773 1413,776 1467,779 1521,782 1576,785"/>
                <TextEquiv>
                    <Unicode>Ein neuer Schnitzler im Burgtheater.</Unicode>
                </TextEquiv>
            </TextLine>
            <TextLine id="r1l12" custom="readingOrder {index:11;}">
                <Coords points="434,792 1750,848 1618,795 437,751"/>
                <Baseline points="444,779 508,784 573,788 638,794 703,798 768,802 833,806 897,810 962,814 1027,817 1092,820 1157,823 1222,827 1287,830 1351,834 1416,837 1481,841 1546,844 1611,848 1676,852 1741,856"/>
                <TextEquiv>
                    <Unicode>Wie wir erfahren, hat Baron Berger Schnitzlers neuestes</Unicode>
                </TextEquiv>
            </TextLine>
            <TextLine id="r1l13" custom="readingOrder {index:12;}">
                <Coords points="329,829 1692,919 1739,916 1743,852 331,789"/>
                <Baseline points="339,824 408,829 478,834 547,838 617,843 687,847 756,850 826,854 895,857 965,861 1035,863 1104,867 1174,871 1243,874 1313,878 1383,882 1452,885 1522,890 1591,895 1661,900 1731,906"/>
                <TextEquiv>
                    <Unicode>Bühnenwerk, das Schauspiel „Dasweite Land“ zur Aufführung</Unicode>
                </TextEquiv>
            </TextLine>
            <TextLine id="r1l14" custom="readingOrder {index:13;}">
                <Coords points="324,877 1735,956 1638,899 326,848"/>
                <Baseline points="333,872 402,877 472,880 541,884 611,888 681,892 750,897 820,901 890,905 959,909 1029,913 1099,917 1168,921 1238,924 1308,929 1377,932 1447,936 1517,940 1586,944 1656,947 1726,951"/>
                <TextEquiv>
                    <Unicode>am Hofburgtheater angenommen. Das Stück, das in Baden bei Wien</Unicode>
                </TextEquiv>
            </TextLine>
            <TextLine id="r1l15" custom="readingOrder {index:14;}">
                <Coords points="330,925 1737,1014 1739,974 1651,951 332,890"/>
                <Baseline points="339,924 408,927 477,930 547,934 616,937 686,941 755,945 825,948 894,952 964,956 1033,960 1102,964 1172,968 1241,972 1311,976 1380,980 1450,985 1519,989 1589,994 1658,998 1728,1003"/>
                <TextEquiv>
                    <Unicode>und Tirol spielt, soll im Laufe dieser Spielzeit in Szene geben. Die</Unicode>
                </TextEquiv>
            </TextLine>
            <TextLine id="r1l16" custom="readingOrder {index:15;}">
                <Coords points="330,982 1668,1067 1729,1020 333,926"/>
                <Baseline points="339,972 407,975 476,979 545,983 614,987 683,990 752,995 821,998 890,1003 959,1007 1028,1011 1096,1015 1165,1019 1234,1024 1303,1028 1372,1033 1441,1036 1510,1041 1579,1045 1648,1049 1717,1053"/>
                <TextEquiv>
                    <Unicode>Uraufführung dürfte in Wien und im Berliner Lessing=Theater zu</Unicode>
                </TextEquiv>
            </TextLine>
            <TextLine id="r1l17" custom="readingOrder {index:16;}">
                <Coords points="327,1030 1741,1111 1742,1063 1632,1045 329,983"/>
                <Baseline points="336,1023 405,1026 475,1029 545,1032 615,1036 685,1039 754,1042 824,1046 894,1049 964,1054 1034,1057 1103,1061 1173,1065 1243,1070 1313,1074 1383,1079 1452,1084 1522,1089 1592,1094 1662,1100 1732,1105"/>
                <TextEquiv>
                    <Unicode>gleicher Zeit stattfinden. Die männliche Hauptrolle ist für Kainz</Unicode>
                </TextEquiv>
            </TextLine>
            <TextLine id="r1l18" custom="readingOrder {index:17;}">
                <Coords points="328,1083 342,1079 357,1087 375,1082 387,1088 410,1081 428,1094 463,1080 504,1088 518,1080 536,1083 538,1052 515,1047 510,1052 490,1035 464,1049 443,1032 426,1043 413,1030 331,1031"/>
                <Baseline points="338,1065 365,1067 392,1069 419,1071 446,1072 473,1073 500,1075 528,1077"/>
                <TextEquiv>
                    <Unicode>bestimmt.</Unicode>
                </TextEquiv>
            </TextLine>
            <TextLine id="r1l19" custom="readingOrder {index:18;}">
                <Coords points="428,1128 1693,1213 1734,1173 1384,1111 430,1088"/>
                <Baseline points="438,1119 502,1123 566,1127 630,1132 695,1136 759,1140 823,1144 888,1149 952,1152 1016,1157 1081,1161 1145,1164 1209,1168 1273,1172 1338,1176 1402,1180 1466,1183 1531,1187 1595,1190 1659,1194 1724,1196"/>
                <TextEquiv>
                    <Unicode>Bekanntlich bringt das Burgtheater auch Schnitzlers „Der</Unicode>
                </TextEquiv>
            </TextLine>
            <TextLine id="r1l20" custom="readingOrder {index:19;}">
                <Coords points="321,1177 1726,1239 1667,1195 325,1115"/>
                <Baseline points="330,1164 399,1168 468,1171 538,1175 607,1179 676,1183 746,1187 815,1191 884,1196 954,1200 1023,1204 1092,1209 1162,1214 1231,1218 1300,1222 1370,1226 1439,1230 1508,1234 1578,1237 1647,1241 1717,1244"/>
                <TextEquiv>
                    <Unicode>junge Medardus“ zur Aufführung. Das Werk geht als zweite</Unicode>
                </TextEquiv>
            </TextLine>
            <TextLine id="r1l21" custom="readingOrder {index:20;}">
                <Coords points="314,1209 1576,1301 1717,1262 315,1181"/>
                <Baseline points="322,1209 391,1214 460,1219 529,1224 599,1229 668,1233 737,1238 806,1242 876,1247 945,1251 1014,1255 1083,1259 1153,1263 1222,1267 1291,1271 1360,1274 1430,1279 1499,1282 1568,1286 1637,1290 1707,1294"/>
                <TextEquiv>
                    <Unicode>Novität im Oktober in Szene. Die Titelrolle spielt Herr Gerasch</Unicode>
                </TextEquiv>
            </TextLine>
            <TextLine id="r1l22" custom="readingOrder {index:21;}">
                <Coords points="319,1268 1305,1359 1637,1365 1720,1302 321,1221"/>
                <Baseline points="327,1265 396,1267 465,1270 534,1274 603,1278 672,1282 741,1286 810,1291 879,1295 948,1300 1017,1305 1086,1309 1155,1314 1224,1318 1293,1322 1362,1326 1431,1330 1500,1333 1569,1335 1638,1337 1708,1338"/>
                <TextEquiv>
                    <Unicode>in den übrigen 78 Rollen des Stückes ist das ganze Burgtheaterpersonal</Unicode>
                </TextEquiv>
            </TextLine>
            <TextLine id="r1l23" custom="readingOrder {index:22;}">
                <Coords points="301,1339 326,1332 377,1340 395,1330 410,1342 431,1333 446,1346 467,1340 479,1348 509,1341 546,1346 549,1296 532,1291 476,1283 463,1271 447,1277 426,1271 404,1282 383,1263 359,1278 342,1271 305,1276"/>
                <Baseline points="312,1308 337,1313 362,1316 387,1318 412,1319 437,1320 462,1321 487,1322 512,1323 538,1325"/>
                <TextEquiv>
                    <Unicode>beschäftigt.</Unicode>
                </TextEquiv>
            </TextLine>
            <TextLine id="r1l24" custom="readingOrder {index:23;}">
                <Coords points="769,1401 835,1390 867,1406 884,1400 931,1405 930,1302 890,1311 862,1296 839,1312 815,1296 794,1310 768,1302"/>
                <Baseline points="777,1372 806,1373 835,1373 864,1372 893,1372 922,1371"/>
                <TextEquiv>
                    <Unicode>4</Unicode>
                </TextEquiv>
            </TextLine>
            <TextLine id="r1l25" custom="readingOrder {index:24;}">
                <Coords points="454,1610 550,1647 652,1621 755,1626 877,1609 875,1565 791,1570 733,1553 707,1565 659,1551 636,1577 587,1573 572,1585 453,1579"/>
                <Baseline points="463,1620 488,1620 513,1620 538,1620 564,1619 589,1618 614,1617 640,1616 665,1616 690,1614 716,1613 741,1612 766,1611 792,1609 817,1607 842,1606 868,1604"/>
                <TextEquiv>
                    <Unicode>Ausschnitt aus:</Unicode>
                </TextEquiv>
            </TextLine>
            <TextLine id="r1l26" custom="readingOrder {index:25;}">
                <Coords points="575,1690 630,1676 669,1689 697,1669 722,1685 846,1666 919,1674 1014,1645 1011,1600 903,1593 820,1621 732,1619 696,1647 651,1620 621,1639 571,1637"/>
                <Baseline points="583,1677 609,1677 635,1677 662,1676 688,1674 714,1673 741,1672 767,1669 794,1667 820,1664 846,1662 873,1659 899,1657 925,1653 952,1651 978,1648 1005,1646"/>
                <TextEquiv>
                    <Unicode>ve Zeit, Wie</Unicode>
                </TextEquiv>
            </TextLine>
            <TextLine id="r1l27" custom="readingOrder {index:26;}">
                <Coords points="469,1733 1068,1729 1106,1714 1104,1641 1050,1637 974,1679 946,1662 905,1679 698,1670 669,1690 630,1677 573,1703 468,1704"/>
                <Baseline points="478,1732 510,1731 543,1730 575,1729 608,1729 640,1729 673,1728 706,1728 738,1728 771,1728 803,1727 836,1727 868,1726 901,1725 934,1724 966,1722 999,1720 1031,1718 1064,1715 1097,1711"/>
                <TextEquiv>
                    <Unicode>vom: 1.3 BEN 111 S</Unicode>
                </TextEquiv>
            </TextLine>
            <TextLine id="r1l28" custom="readingOrder {index:27;}">
                <Coords points="825,1765 840,1764 855,1775 871,1772 880,1780 915,1780 964,1748 987,1762 1019,1739 1035,1743 1033,1719 1016,1724 1005,1719 966,1731 950,1723 929,1730 876,1723 864,1731 822,1730"/>
                <Baseline points="833,1751 860,1755 888,1756 916,1753 943,1750 971,1747 999,1744 1027,1743"/>
                <TextEquiv>
                    <Unicode></Unicode>
                </TextEquiv>
            </TextLine>
            <TextLine id="r1l29" custom="readingOrder {index:28;}">
                <Coords points="564,1851 1269,1864 1465,1836 1449,1805 564,1800"/>
                <Baseline points="573,1844 617,1843 661,1842 705,1842 749,1842 793,1842 837,1843 882,1843 926,1844 970,1845 1014,1845 1058,1846 1102,1846 1146,1847 1191,1847 1235,1847 1279,1846 1323,1845 1367,1844 1411,1842 1456,1840"/>
                <TextEquiv>
                    <Unicode>Schuitle#—Das weite Land“. Das neue</Unicode>
                </TextEquiv>
            </TextLine>
            <TextLine id="r1l30" custom="readingOrder {index:29;}">
                <Coords points="485,1904 1464,1907 1464,1851 484,1852"/>
                <Baseline points="494,1893 542,1892 590,1891 638,1890 686,1890 734,1890 782,1889 830,1889 878,1889 926,1889 974,1889 1022,1889 1070,1889 1118,1889 1166,1889 1214,1888 1262,1888 1310,1888 1358,1887 1406,1886 1455,1885"/>
                <TextEquiv>
                    <Unicode>„Bühnenwerk von Artbur Schnitzler „Das</Unicode>
                </TextEquiv>
            </TextLine>
            <TextLine id="r1l31" custom="readingOrder {index:30;}">
                <Coords points="492,1955 825,1918 951,1955 1414,1947 1464,1903 492,1904"/>
                <Baseline points="500,1934 547,1934 595,1934 643,1934 691,1934 738,1934 786,1934 834,1934 882,1934 929,1935 977,1935 1025,1935 1073,1935 1120,1935 1168,1934 1216,1934 1264,1934 1311,1933 1359,1933 1407,1932 1455,1931"/>
                <TextEquiv>
                    <Unicode>sweite Land“ das Mitte Oktober im Burg¬</Unicode>
                </TextEquiv>
            </TextLine>
            <TextLine id="r1l32" custom="readingOrder {index:31;}">
                <Coords points="486,1987 1411,1994 1474,1971 1474,1926 486,1933"/>
                <Baseline points="495,1977 543,1977 592,1977 640,1977 689,1977 737,1978 786,1978 834,1978 883,1979 931,1979 980,1979 1029,1979 1077,1979 1126,1979 1174,1979 1223,1979 1271,1978 1320,1978 1368,1977 1417,1975 1466,1974"/>
                <TextEquiv>
                    <Unicode>#theater und im Lessing=Theater in Berlin zur</Unicode>
                </TextEquiv>
            </TextLine>
            <TextLine id="r1l33" custom="readingOrder {index:32;}">
                <Coords points="489,2036 1306,2037 1475,2019 1475,1979 488,1987"/>
                <Baseline points="497,2023 545,2022 594,2022 642,2021 691,2021 739,2021 788,2022 836,2022 885,2022 933,2022 982,2023 1030,2023 1079,2023 1127,2023 1176,2022 1224,2022 1273,2021 1321,2020 1370,2019 1418,2017 1467,2015"/>
                <TextEquiv>
                    <Unicode>Uraufführung gelangt, wird an dem gleichen</Unicode>
                </TextEquiv>
            </TextLine>
            <TextLine id="r1l34" custom="readingOrder {index:33;}">
                <Coords points="494,2076 1419,2080 1471,2029 493,2025"/>
                <Baseline points="502,2067 550,2066 598,2066 646,2066 694,2066 742,2066 790,2066 838,2066 886,2066 934,2066 982,2066 1030,2066 1078,2066 1126,2066 1174,2065 1222,2065 1270,2064 1318,2064 1366,2063 1414,2062 1463,2061"/>
                <TextEquiv>
                    <Unicode>Tage von dem Schauspielhause in Frankfurt</Unicode>
                </TextEquiv>
            </TextLine>
            <TextLine id="r1l35" custom="readingOrder {index:34;}">
                <Coords points="494,2121 1467,2105 1467,2076 1348,2066 494,2074"/>
                <Baseline points="502,2110 549,2110 597,2110 645,2110 693,2110 741,2109 788,2109 836,2109 884,2109 932,2108 980,2108 1027,2108 1075,2108 1123,2107 1171,2107 1219,2107 1266,2107 1314,2107 1362,2107 1410,2107 1458,2107"/>
                <TextEquiv>
                    <Unicode>a. M., im Deutschen Schauspielhaus in Ham¬</Unicode>
                </TextEquiv>
            </TextLine>
            <TextLine id="r1l36" custom="readingOrder {index:35;}">
                <Coords points="496,2157 1467,2164 1467,2121 1414,2112 496,2120"/>
                <Baseline points="504,2154 551,2153 599,2153 646,2153 694,2153 742,2153 789,2153 837,2153 885,2154 932,2154 980,2154 1028,2154 1075,2154 1123,2154 1171,2154 1218,2153 1266,2152 1314,2151 1361,2151 1409,2149 1457,2147"/>
                <TextEquiv>
                    <Unicode>burg, der Schauburg in Hannover, dem Stadt¬</Unicode>
                </TextEquiv>
            </TextLine>
            <TextLine id="r1l37" custom="readingOrder {index:36;}">
                <Coords points="484,2186 537,2211 1466,2209 1466,2164 1312,2150 484,2165"/>
                <Baseline points="493,2196 541,2197 589,2197 637,2198 685,2198 734,2198 782,2198 830,2198 878,2198 926,2197 975,2197 1023,2197 1071,2196 1119,2196 1167,2196 1216,2195 1264,2195 1312,2195 1360,2195 1408,2195 1457,2195"/>
                <TextEquiv>
                    <Unicode>theater in Leipzig, dem Stadttheater in Mainz,</Unicode>
                </TextEquiv>
            </TextLine>
            <TextLine id="r1l38" custom="readingOrder {index:37;}">
                <Coords points="485,2236 1463,2247 1425,2203 1346,2198 485,2203"/>
                <Baseline points="494,2241 542,2241 590,2242 638,2242 686,2243 734,2243 782,2243 830,2243 878,2243 926,2242 974,2242 1022,2242 1070,2242 1118,2241 1166,2241 1214,2241 1262,2241 1310,2241 1358,2241 1406,2241 1455,2242"/>
                <TextEquiv>
                    <Unicode>dem Hoftheater in München und dem königl.</Unicode>
                </TextEquiv>
            </TextLine>
            <TextLine id="r1l39" custom="readingOrder {index:38;}">
                <Coords points="484,2284 1303,2306 1414,2299 1481,2249 484,2253"/>
                <Baseline points="492,2284 541,2285 590,2286 639,2286 688,2287 737,2287 786,2287 835,2287 884,2287 933,2287 982,2287 1031,2287 1080,2286 1129,2286 1178,2286 1227,2286 1276,2286 1325,2286 1374,2287 1423,2287 1472,2288"/>
                <TextEquiv>
                    <Unicode>Deutschen Landestheater in Praa zur Auf¬</Unicode>
                </TextEquiv>
            </TextLine>
            <TextLine id="r1l40" custom="readingOrder {index:39;}">
                <Coords points="1382,2353 1395,2354 1402,2361 1427,2357 1430,2361 1476,2363 1478,2298 1461,2297 1448,2304 1422,2303 1418,2306 1405,2299 1394,2305 1384,2305"/>
                <Baseline points="1390,2341 1415,2342 1441,2343 1467,2344"/>
                <TextEquiv>
                    <Unicode>We</Unicode>
                </TextEquiv>
            </TextLine>
            <TextLine id="r1l41" custom="readingOrder {index:40;}">
                <Coords points="507,2388 598,2416 951,2401 1074,2436 1480,2418 1480,2372 1427,2357 508,2350"/>
                <Baseline points="517,2391 564,2391 612,2391 660,2391 708,2392 755,2393 803,2393 851,2394 899,2395 946,2397 994,2398 1042,2399 1090,2400 1137,2401 1185,2402 1233,2402 1281,2403 1328,2403 1376,2402 1424,2402 1472,2401"/>
                <TextEquiv>
                    <Unicode>führung gebracht. Das Stück erscheint als Buch</Unicode>
                </TextEquiv>
            </TextLine>
            <TextLine id="r1l42" custom="readingOrder {index:41;}">
                <Coords points="513,2464 582,2434 608,2450 671,2434 760,2448 830,2433 948,2445 988,2431 988,2408 924,2399 828,2412 623,2394 569,2408 513,2392"/>
                <Baseline points="522,2427 547,2429 572,2431 598,2431 623,2431 648,2431 674,2431 699,2431 725,2430 750,2429 775,2429 801,2428 826,2428 852,2428 877,2428 902,2430 928,2430 953,2432 979,2434"/>
                <TextEquiv>
                    <Unicode>bei S. Fischer, Berlin.</Unicode>
                </TextEquiv>
            </TextLine>
            <TextLine id="r1l43" custom="readingOrder {index:42;}">
                <Coords points="556,2496 772,2508 887,2475 1197,2514 1257,2491 1504,2507 1505,2459 557,2444"/>
                <Baseline points="566,2469 612,2467 659,2466 705,2466 752,2466 798,2466 845,2467 891,2469 938,2470 984,2471 1031,2473 1077,2475 1124,2476 1170,2478 1217,2479 1263,2481 1310,2482 1356,2482 1403,2482 1449,2481 1496,2481"/>
                <TextEquiv>
                    <Unicode>#. Geit., M#c.L., alo chanfpieler 9175. 1</Unicode>
                </TextEquiv>
            </TextLine>
            <TextLine id="r1l44" custom="readingOrder {index:43;}">
                <Coords points="481,2847 615,2853 662,2838 699,2854 753,2832 799,2855 835,2830 888,2845 896,2796 866,2783 840,2799 777,2798 738,2784 563,2810 516,2792 479,2812"/>
                <Baseline points="489,2839 514,2839 539,2839 564,2838 589,2837 614,2836 639,2834 664,2833 689,2832 714,2830 739,2828 764,2827 789,2826 814,2826 839,2825 864,2824 889,2824"/>
                <TextEquiv>
                    <Unicode>Ausschnitt aus:</Unicode>
                </TextEquiv>
            </TextLine>
            <TextLine id="r1l45" custom="readingOrder {index:44;}">
                <Coords points="859,2893 932,2912 1010,2891 1054,2914 1091,2896 1183,2914 1286,2905 1314,2926 1369,2901 1416,2913 1416,2852 1307,2849 1236,2814 1021,2806 946,2850 858,2844"/>
                <Baseline points="867,2894 894,2893 921,2893 948,2892 975,2890 1002,2889 1029,2888 1056,2886 1083,2885 1110,2884 1137,2883 1164,2882 1191,2882 1218,2882 1245,2883 1272,2885 1299,2887 1326,2889 1353,2892 1380,2896 1407,2902"/>
                <TextEquiv>
                    <Unicode>20. 91159 Wecper</Unicode>
                </TextEquiv>
            </TextLine>
            <TextLine id="r1l46" custom="readingOrder {index:45;}">
                <Coords points="1442,2908 1487,2912 1512,2932 1536,2918 1555,2939 1586,2929 1606,2936 1621,2925 1669,2934 1675,2862 1657,2865 1637,2854 1598,2867 1578,2851 1552,2851 1542,2841 1496,2839 1482,2847 1448,2833"/>
                <Baseline points="1451,2904 1477,2904 1503,2905 1530,2907 1556,2910 1582,2912 1609,2915 1635,2917 1662,2919"/>
                <TextEquiv>
                    <Unicode>Wien</Unicode>
                </TextEquiv>
            </TextLine>
            <TextLine id="r1l47" custom="readingOrder {index:46;}">
                <Coords points="494,2958 515,2963 667,2958 667,2934 651,2935 636,2921 588,2918 569,2927 541,2916 538,2920 526,2916 519,2923 494,2920"/>
                <Baseline points="503,2956 529,2955 555,2954 581,2954 607,2954 633,2955 659,2956"/>
                <TextEquiv>
                    <Unicode>vom:</Unicode>
                </TextEquiv>
            </TextLine>
            <TextLine id="r1l48" custom="readingOrder {index:47;}">
                <Coords points="649,3081 1426,3097 1520,3076 1521,3037 650,3025"/>
                <Baseline points="658,3068 700,3070 743,3072 786,3073 828,3074 871,3075 914,3075 956,3076 999,3076 1042,3076 1085,3077 1127,3077 1170,3077 1213,3078 1255,3079 1298,3080 1341,3082 1383,3084 1426,3086 1469,3090 1512,3093"/>
                <TextEquiv>
                    <Unicode>Das neue Bühnenwerk von Artur —</Unicode>
                </TextEquiv>
            </TextLine>
            <TextLine id="r1l49" custom="readingOrder {index:48;}">
                <Coords points="472,3120 1491,3159 1492,3079 1323,3106 472,3096"/>
                <Baseline points="480,3133 530,3132 580,3131 630,3131 680,3131 730,3132 780,3132 830,3133 880,3134 930,3135 981,3136 1031,3137 1081,3138 1131,3139 1181,3140 1231,3141 1281,3141 1331,3142 1381,3142 1431,3142 1482,3142"/>
                <TextEquiv>
                    <Unicode>Schnitzler, „Das weite Land“, das Mitte</Unicode>
                </TextEquiv>
            </TextLine>
            <TextLine id="r1l50" custom="readingOrder {index:49;}">
                <Coords points="494,3190 1215,3221 1479,3192 1479,3159 1235,3139 1144,3167 494,3150"/>
                <Baseline points="502,3183 550,3185 598,3186 647,3188 695,3189 744,3190 792,3191 840,3192 889,3193 937,3193 986,3194 1034,3195 1082,3195 1131,3196 1179,3196 1228,3197 1276,3197 1324,3198 1373,3199 1421,3200 1470,3201"/>
                <TextEquiv>
                    <Unicode>Oktober im Burgtheater und im Lessingtheater</Unicode>
                </TextEquiv>
            </TextLine>
            <TextLine id="r1l51" custom="readingOrder {index:50;}">
                <Coords points="476,3266 1475,3281 1452,3190 1390,3230 1130,3210 1093,3238 1001,3207 477,3196"/>
                <Baseline points="485,3245 534,3246 583,3247 632,3248 681,3249 730,3250 779,3250 828,3251 877,3252 926,3252 975,3253 1024,3253 1073,3254 1122,3254 1171,3255 1220,3256 1269,3256 1318,3257 1367,3258 1416,3260 1466,3261"/>
                <TextEquiv>
                    <Unicode>in Berlin zur Uraufführung gelangt, wird auf</Unicode>
                </TextEquiv>
            </TextLine>
            <TextLine id="r1l52" custom="readingOrder {index:51;}">
                <Coords points="484,3316 1480,3318 1480,3285 1334,3266 485,3272"/>
                <Baseline points="493,3306 541,3306 590,3307 639,3307 688,3307 737,3307 786,3308 834,3308 883,3309 932,3309 981,3309 1030,3310 1079,3311 1128,3312 1176,3312 1225,3313 1274,3314 1323,3316 1372,3317 1421,3318 1470,3320"/>
                <TextEquiv>
                    <Unicode>dem gleichen Tage von dem Schauspielhaus ini</Unicode>
                </TextEquiv>
            </TextLine>
            <TextLine id="r1l53" custom="readingOrder {index:52;}">
                <Coords points="484,3382 1406,3393 1467,3377 1468,3347 485,3326"/>
                <Baseline points="493,3363 541,3363 589,3363 637,3363 686,3364 734,3364 782,3365 831,3365 879,3366 927,3367 976,3368 1024,3368 1072,3369 1120,3370 1169,3371 1217,3372 1265,3373 1314,3374 1362,3375 1410,3377 1459,3378"/>
                <TextEquiv>
                    <Unicode>Frankfurt am Main, Deutschen Schauspielhaus!</Unicode>
                </TextEquiv>
            </TextLine>
            <TextLine id="r1l54" custom="readingOrder {index:53;}">
                <Coords points="486,3438 1471,3454 1472,3400 487,3382"/>
                <Baseline points="495,3420 543,3421 591,3421 640,3422 688,3423 736,3424 785,3425 833,3426 881,3427 930,3427 978,3428 1026,3429 1075,3430 1123,3431 1171,3432 1220,3432 1268,3433 1316,3433 1365,3434 1413,3434 1462,3434"/>
                <TextEquiv>
                    <Unicode>in Hamburg, Stadttheater in Leipzig, Stadt¬</Unicode>
                </TextEquiv>
            </TextLine>
            <TextLine id="r1l55" custom="readingOrder {index:54;}">
                <Coords points="474,3493 1222,3491 1448,3526 1478,3455 475,3434"/>
                <Baseline points="483,3478 532,3478 581,3478 630,3479 680,3480 729,3481 778,3481 827,3483 877,3484 926,3486 975,3487 1024,3489 1074,3490 1123,3491 1172,3492 1221,3493 1271,3494 1320,3494 1369,3495 1418,3495 1468,3494"/>
                <TextEquiv>
                    <Unicode>theater in Mainz, Hoftheater in München und</Unicode>
                </TextEquiv>
            </TextLine>
            <TextLine id="r1l56" custom="readingOrder {index:55;}">
                <Coords points="478,3561 1040,3534 1210,3577 1350,3561 1412,3596 1469,3573 1470,3518 1351,3503 714,3490 479,3517"/>
                <Baseline points="487,3537 535,3536 584,3537 632,3537 681,3538 730,3539 778,3540 827,3541 876,3543 924,3545 973,3546 1022,3548 1070,3549 1119,3551 1168,3552 1216,3553 1265,3554 1314,3555 1362,3555 1411,3555 1460,3554"/>
                <TextEquiv>
                    <Unicode>Deutschen Landestheater in Prag zur Auf</Unicode>
                </TextEquiv>
            </TextLine>
            <TextLine id="r1l57" custom="readingOrder {index:56;}">
                <Coords points="484,3611 624,3605 739,3635 821,3608 868,3610 868,3563 757,3564 717,3541 607,3568 539,3550 519,3560 504,3545 484,3553"/>
                <Baseline points="492,3596 518,3599 544,3601 570,3602 597,3603 623,3604 649,3604 676,3604 702,3604 728,3604 754,3603 781,3603 807,3602 833,3601 860,3601"/>
                <TextEquiv>
                    <Unicode>führung gebracht.</Unicode>
                </TextEquiv>
            </TextLine>
            <TextEquiv>
                <Unicode>W
box 28/2
24. Das 11 Land
Ausschnitt aus:
110 
1. AUle Nr 1910
ak Wien
om:
Cheater und Kunst.

Ein neuer Schnitzler im Burgtheater.
Wie wir erfahren, hat Baron Berger Schnitzlers neuestes
Bühnenwerk, das Schauspiel „Dasweite Land“ zur Aufführung
am Hofburgtheater angenommen. Das Stück, das in Baden bei Wien
und Tirol spielt, soll im Laufe dieser Spielzeit in Szene geben. Die
Uraufführung dürfte in Wien und im Berliner Lessing=Theater zu
gleicher Zeit stattfinden. Die männliche Hauptrolle ist für Kainz
bestimmt.
Bekanntlich bringt das Burgtheater auch Schnitzlers „Der
junge Medardus“ zur Aufführung. Das Werk geht als zweite
Novität im Oktober in Szene. Die Titelrolle spielt Herr Gerasch
in den übrigen 78 Rollen des Stückes ist das ganze Burgtheaterpersonal
beschäftigt.
4
Ausschnitt aus:
ve Zeit, Wie
vom: 1.3 BEN 111 S

Schuitle#—Das weite Land“. Das neue
„Bühnenwerk von Artbur Schnitzler „Das
sweite Land“ das Mitte Oktober im Burg¬
#theater und im Lessing=Theater in Berlin zur
Uraufführung gelangt, wird an dem gleichen
Tage von dem Schauspielhause in Frankfurt
a. M., im Deutschen Schauspielhaus in Ham¬
burg, der Schauburg in Hannover, dem Stadt¬
theater in Leipzig, dem Stadttheater in Mainz,
dem Hoftheater in München und dem königl.
Deutschen Landestheater in Praa zur Auf¬
We
führung gebracht. Das Stück erscheint als Buch
bei S. Fischer, Berlin.
#. Geit., M#c.L., alo chanfpieler 9175. 1
Ausschnitt aus:
20. 91159 Wecper
Wien
vom:
Das neue Bühnenwerk von Artur —
Schnitzler, „Das weite Land“, das Mitte
Oktober im Burgtheater und im Lessingtheater
in Berlin zur Uraufführung gelangt, wird auf
dem gleichen Tage von dem Schauspielhaus ini
Frankfurt am Main, Deutschen Schauspielhaus!
in Hamburg, Stadttheater in Leipzig, Stadt¬
theater in Mainz, Hoftheater in München und
Deutschen Landestheater in Prag zur Auf
führung gebracht.</Unicode>
            </TextEquiv>
        </TextRegion>
        <TextRegion orientation="0.0" id="r2" custom="readingOrder {index:1;}">
            <Coords points="1864,167 1864,4037 3040,4037 3040,167"/>
            <TextLine id="r2l1" custom="readingOrder {index:0;}">
                <Coords points="2924,221 2940,217 2950,220 2960,211 2972,208 2979,211 2984,205 3002,212 3035,206 3030,166 3020,167 3004,155 2980,169 2969,166 2964,171 2951,169 2944,177 2934,172 2931,176 2919,176"/>
                <Baseline points="2931,201 2962,199 2993,194 3025,191"/>
                <TextEquiv>
                    <Unicode>Frei</Unicode>
                </TextEquiv>
            </TextLine>
            <TextLine id="r2l2" custom="readingOrder {index:1;}">
                <Coords points="2532,274 2542,272 2553,282 2652,271 2684,283 2698,270 2707,279 2722,271 2720,218 2702,218 2683,204 2654,227 2628,228 2619,235 2605,229 2586,237 2566,224 2530,229"/>
                <Baseline points="2541,271 2569,272 2598,271 2627,269 2655,266 2684,265 2713,267"/>
                <TextEquiv>
                    <Unicode>Toronto</Unicode>
                </TextEquiv>
            </TextLine>
            <TextLine id="r2l3" custom="readingOrder {index:2;}">
                <Coords points="2342,356 2779,314 2802,333 2833,310 2981,301 2979,266 2885,237 2806,257 2757,237 2682,277 2553,282 2468,246 2419,249 2364,306 2339,304"/>
                <Baseline points="2350,338 2381,334 2412,330 2443,327 2474,324 2505,321 2536,319 2567,317 2598,315 2629,314 2661,312 2692,311 2723,310 2754,310 2785,308 2816,307 2847,307 2878,306 2909,304 2940,303 2972,302"/>
                <TextEquiv>
                    <Unicode>„IEtuocte-Wolt, Wien</Unicode>
                </TextEquiv>
            </TextLine>
            <TextLine id="r2l4" custom="readingOrder {index:3;}">
                <Coords points="2014,430 2076,454 2210,429 2307,444 2331,419 2372,420 2411,402 2409,370 2381,381 2331,360 2283,377 2219,367 2135,394 2056,387 2040,406 2012,402"/>
                <Baseline points="2023,437 2048,435 2073,433 2099,431 2124,429 2149,427 2175,425 2200,422 2225,421 2251,419 2276,417 2301,416 2327,415 2352,414 2377,414 2403,413"/>
                <TextEquiv>
                    <Unicode>Ausschnitt aus:</Unicode>
                </TextEquiv>
            </TextLine>
            <TextLine id="r2l5" custom="readingOrder {index:4;}">
                <Coords points="2170,527 2195,511 2303,506 2314,493 2351,506 2402,471 2492,491 2550,458 2542,411 2499,412 2433,444 2399,429 2357,443 2330,429 2304,444 2239,432 2161,464"/>
                <Baseline points="2178,515 2204,512 2230,509 2256,505 2282,500 2308,497 2334,492 2360,487 2386,483 2412,479 2438,475 2464,472 2490,469 2516,466 2543,464"/>
                <TextEquiv>
                    <Unicode>N 13 70</Unicode>
                </TextEquiv>
            </TextLine>
            <TextLine id="r2l6" custom="readingOrder {index:5;}">
                <Coords points="2030,567 2065,558 2093,579 2123,587 2184,536 2196,538 2196,524 2157,522 2140,507 2124,523 2103,516 2086,528 2072,530 2063,523 2054,532 2030,532"/>
                <Baseline points="2039,553 2068,553 2098,552 2127,551 2157,551 2187,553"/>
                <TextEquiv>
                    <Unicode>vum:</Unicode>
                </TextEquiv>
            </TextLine>
            <TextLine id="r2l7" custom="readingOrder {index:6;}">
                <Coords points="2146,607 2628,626 2680,604 2707,628 3047,641 3047,593 2628,583 2528,525 2150,537"/>
                <Baseline points="2156,584 2200,586 2244,589 2288,592 2332,595 2376,597 2420,599 2464,602 2508,603 2552,606 2597,607 2641,610 2685,611 2729,613 2773,615 2817,617 2861,619 2905,621 2949,622 2993,624 3038,626"/>
                <TextEquiv>
                    <Unicode>Dan n (durnebenter wird ich in der</Unicode>
                </TextEquiv>
            </TextLine>
            <TextLine id="r2l8" custom="readingOrder {index:7;}">
                <Coords points="2012,624 2344,664 2768,658 3047,709 3029,638 2440,628 2015,563"/>
                <Baseline points="2020,628 2071,632 2122,635 2173,637 2224,640 2275,642 2326,645 2377,647 2428,649 2479,651 2530,654 2581,656 2632,658 2683,660 2734,662 2785,664 2836,666 2887,669 2938,670 2989,674 3040,676"/>
                <TextEquiv>
                    <Unicode>kommenden Saison eingebend mit Schnitzler</Unicode>
                </TextEquiv>
            </TextLine>
            <TextLine id="r2l9" custom="readingOrder {index:8;}">
                <Coords points="2000,681 3032,743 3044,705 2002,628"/>
                <Baseline points="2009,677 2060,680 2111,683 2162,686 2214,689 2265,692 2316,694 2367,696 2419,698 2470,700 2521,702 2572,703 2624,706 2675,708 2726,710 2777,712 2829,714 2880,716 2931,719 2982,722 3034,725"/>
                <TextEquiv>
                    <Unicode>betassen. Es wird sein Schaulpiel -Das weite</Unicode>
                </TextEquiv>
            </TextLine>
            <TextLine id="r2l10" custom="readingOrder {index:9;}">
                <Coords points="2005,725 3047,779 3048,743 2995,721 2683,740 2007,695"/>
                <Baseline points="2014,729 2065,731 2116,733 2167,736 2218,737 2270,740 2321,742 2372,744 2423,747 2474,749 2526,751 2577,754 2628,756 2679,758 2730,761 2782,762 2833,764 2884,766 2935,768 2986,769 3038,771"/>
                <TextEquiv>
                    <Unicode>Lande zur Aufführung bringen. Das Stück spielt</Unicode>
                </TextEquiv>
            </TextLine>
            <TextLine id="r2l11" custom="readingOrder {index:10;}">
                <Coords points="1996,790 3016,837 3044,777 1997,762"/>
                <Baseline points="2006,777 2057,779 2108,782 2159,784 2211,787 2262,789 2313,791 2365,793 2416,796 2467,798 2519,800 2570,802 2621,804 2672,807 2724,809 2775,812 2826,813 2878,816 2929,819 2980,821 3032,823"/>
                <TextEquiv>
                    <Unicode>in Baden bei Wien und in Tirol. Die Uraufführung</Unicode>
                </TextEquiv>
            </TextLine>
            <TextLine id="r2l12" custom="readingOrder {index:11;}">
                <Coords points="1991,817 2170,854 2902,885 3049,858 2753,814 1992,794"/>
                <Baseline points="2000,826 2052,829 2104,831 2156,834 2208,836 2260,838 2312,840 2364,842 2416,845 2468,846 2520,849 2572,851 2624,853 2676,854 2728,857 2780,859 2832,862 2884,864 2936,866 2988,870 3040,872"/>
                <TextEquiv>
                    <Unicode>dürfte in Wien und im Berliner Lessingtheater zu</Unicode>
                </TextEquiv>
            </TextLine>
            <TextLine id="r2l13" custom="readingOrder {index:12;}">
                <Coords points="1994,876 2960,934 3045,895 1995,851"/>
                <Baseline points="2002,878 2053,879 2105,881 2157,882 2208,884 2260,886 2312,887 2363,889 2415,891 2467,893 2519,895 2570,897 2622,900 2674,901 2725,904 2777,906 2829,909 2880,911 2932,914 2984,917 3036,920"/>
                <TextEquiv>
                    <Unicode>gleicher Zeit stattfinden. Die männliche Hauptrolle</Unicode>
                </TextEquiv>
            </TextLine>
            <TextLine id="r2l14" custom="readingOrder {index:13;}">
                <Coords points="1995,927 2734,973 2878,951 2962,983 3031,980 3033,933 1996,889"/>
                <Baseline points="2004,922 2057,925 2111,929 2164,931 2218,934 2272,936 2325,939 2379,941 2433,943 2486,944 2540,946 2593,948 2647,950 2701,952 2754,954 2808,956 2862,959 2915,962 2969,964 3023,968"/>
                <TextEquiv>
                    <Unicode>ist für Kainz bestimmt, Auch Schnitzlers Der</Unicode>
                </TextEquiv>
            </TextLine>
            <TextLine id="r2l15" custom="readingOrder {index:14;}">
                <Coords points="1989,982 2987,1031 3034,999 2504,951 2132,959 2075,931 1990,956"/>
                <Baseline points="1998,975 2049,977 2100,979 2152,982 2203,984 2254,985 2306,988 2357,989 2408,992 2460,993 2511,995 2562,998 2614,999 2665,1001 2716,1003 2768,1005 2819,1007 2870,1009 2922,1011 2973,1013 3025,1015"/>
                <TextEquiv>
                    <Unicode>junge Medardus- gelangt im Burgtbeater zur</Unicode>
                </TextEquiv>
            </TextLine>
            <TextLine id="r2l16" custom="readingOrder {index:15;}">
                <Coords points="1985,1022 3030,1067 3016,1025 1987,986"/>
                <Baseline points="1994,1021 2045,1024 2096,1027 2148,1030 2199,1033 2251,1035 2302,1037 2353,1039 2405,1041 2456,1043 2508,1045 2559,1047 2610,1049 2662,1051 2713,1053 2765,1055 2816,1057 2867,1059 2919,1061 2970,1064 3022,1066"/>
                <TextEquiv>
                    <Unicode>Aufführung. Das Werk gebt als zweite Novität im</Unicode>
                </TextEquiv>
            </TextLine>
            <TextLine id="r2l17" custom="readingOrder {index:16;}">
                <Coords points="1989,1072 2876,1129 3019,1129 3021,1087 1990,1045"/>
                <Baseline points="1997,1071 2047,1074 2098,1077 2149,1079 2199,1081 2250,1084 2301,1086 2351,1089 2402,1091 2453,1093 2504,1095 2554,1097 2605,1100 2656,1102 2706,1104 2757,1107 2808,1109 2858,1111 2909,1114 2960,1117 3011,1120"/>
                <TextEquiv>
                    <Unicode>Oktober in Szene. Die Titelrolle spielt Herr Gerasch,</Unicode>
                </TextEquiv>
            </TextLine>
            <TextLine id="r2l18" custom="readingOrder {index:17;}">
                <Coords points="1981,1123 2627,1154 2685,1192 3023,1160 2998,1127 2843,1116 1983,1089"/>
                <Baseline points="1991,1124 2042,1126 2093,1128 2144,1130 2195,1132 2246,1134 2297,1136 2349,1139 2400,1142 2451,1144 2502,1146 2553,1148 2604,1151 2655,1153 2707,1154 2758,1157 2809,1158 2860,1160 2911,1161 2962,1162 3014,1163"/>
                <TextEquiv>
                    <Unicode>in den übrigen 78 Rollen des Stückes ist-das ganze</Unicode>
                </TextEquiv>
            </TextLine>
            <TextLine id="r2l19" custom="readingOrder {index:18;}">
                <Coords points="1970,1194 2404,1187 2625,1208 2641,1172 1973,1138"/>
                <Baseline points="1980,1172 2012,1173 2045,1175 2077,1176 2110,1178 2142,1179 2175,1180 2207,1181 2240,1182 2272,1184 2305,1185 2338,1186 2370,1187 2403,1189 2435,1191 2468,1192 2500,1194 2533,1196 2565,1199 2598,1201 2631,1204"/>
                <TextEquiv>
                    <Unicode>Burgtheaterpersonal beschäftigt.</Unicode>
                </TextEquiv>
            </TextLine>
            <TextLine id="r2l20" custom="readingOrder {index:19;}">
                <Coords points="1900,1381 1971,1375 2008,1397 2092,1367 2146,1367 2197,1389 2223,1385 2284,1368 2283,1289 2236,1281 2204,1298 2141,1292 2115,1308 2030,1307 1992,1325 1948,1307 1927,1325 1899,1321"/>
                <Baseline points="1909,1361 1935,1362 1961,1362 1987,1362 2013,1362 2039,1362 2065,1361 2092,1360 2118,1359 2144,1359 2170,1358 2196,1358 2222,1358 2248,1358 2275,1358"/>
                <TextEquiv>
                    <Unicode>Aussehmt aus:</Unicode>
                </TextEquiv>
            </TextLine>
            <TextLine id="r2l21" custom="readingOrder {index:20;}">
                <Coords points="2368,1461 2624,1433 2765,1459 2802,1435 2903,1436 3001,1461 3039,1442 3041,1388 2847,1359 2730,1387 2542,1360 2482,1383 2371,1354"/>
                <Baseline points="2378,1430 2410,1430 2443,1430 2475,1430 2508,1430 2541,1431 2573,1431 2606,1431 2638,1431 2671,1432 2704,1432 2736,1433 2769,1434 2801,1435 2834,1435 2867,1437 2899,1438 2932,1440 2964,1441 2997,1444 3030,1445"/>
                <TextEquiv>
                    <Unicode>Wieneh Mittage-Zeitung</Unicode>
                </TextEquiv>
            </TextLine>
            <TextLine id="r2l22" custom="readingOrder {index:21;}">
                <Coords points="1895,1475 1907,1475 1926,1489 2005,1487 2017,1480 2024,1487 2036,1485 2037,1436 2003,1441 1989,1432 1972,1439 1948,1432 1909,1445 1895,1444"/>
                <Baseline points="1903,1476 1934,1477 1965,1478 1996,1477 2027,1478"/>
                <TextEquiv>
                    <Unicode>vom:</Unicode>
                </TextEquiv>
            </TextLine>
            <TextLine id="r2l23" custom="readingOrder {index:22;}">
                <Coords points="2007,1519 2075,1530 2091,1519 2342,1516 2387,1535 2389,1481 2343,1478 2294,1431 2222,1443 2182,1428 2117,1443 2071,1479 2008,1480"/>
                <Baseline points="2017,1498 2042,1500 2068,1503 2094,1504 2120,1506 2146,1507 2172,1507 2198,1507 2224,1508 2250,1508 2276,1508 2302,1508 2328,1510 2354,1511 2380,1512"/>
                <TextEquiv>
                    <Unicode>BRTT</Unicode>
                </TextEquiv>
            </TextLine>
            <TextLine id="r2l24" custom="readingOrder {index:23;}">
                <Coords points="2022,1568 2123,1599 2630,1573 3020,1594 3021,1541 2918,1549 2821,1506 2625,1552 2023,1521"/>
                <Baseline points="2030,1566 2079,1568 2128,1571 2177,1573 2226,1575 2275,1576 2324,1577 2373,1579 2422,1579 2471,1580 2521,1580 2570,1581 2619,1581 2668,1581 2717,1581 2766,1581 2815,1581 2864,1582 2913,1582 2962,1582 3012,1583"/>
                <TextEquiv>
                    <Unicode>(BUrstheater.) „Das weite Land',</Unicode>
                </TextEquiv>
            </TextLine>
            <TextLine id="r2l25" custom="readingOrder {index:24;}">
                <Coords points="1881,1606 2584,1651 3002,1643 3027,1604 2676,1603 2629,1573 2113,1596 1945,1556 1881,1582"/>
                <Baseline points="1890,1615 1946,1616 2002,1618 2059,1619 2115,1620 2171,1621 2228,1623 2284,1624 2340,1625 2397,1626 2453,1627 2509,1628 2566,1629 2622,1629 2678,1630 2735,1631 2791,1631 2847,1632 2904,1632 2960,1633 3017,1633"/>
                <TextEquiv>
                    <Unicode>Nragikomödie von Arthur SchnitzLor. Baden bei Wien</Unicode>
                </TextEquiv>
            </TextLine>
            <TextLine id="r2l26" custom="readingOrder {index:25;}">
                <Coords points="1915,1693 1938,1698 1943,1706 1959,1705 1970,1631 1960,1629 1952,1624 1938,1635 1924,1634"/>
                <Baseline points="1928,1666 1956,1670"/>
                <TextEquiv>
                    <Unicode></Unicode>
                </TextEquiv>
            </TextLine>
            <TextLine id="r2l27" custom="readingOrder {index:26;}">
                <Coords points="1962,1683 3019,1693 3037,1630 1963,1627"/>
                <Baseline points="1971,1668 2023,1668 2076,1668 2129,1669 2182,1670 2235,1671 2287,1671 2340,1672 2393,1673 2446,1674 2499,1675 2551,1676 2604,1677 2657,1678 2710,1678 2763,1679 2815,1679 2868,1679 2921,1679 2974,1679 3027,1678"/>
                <TextEquiv>
                    <Unicode>der Schauplatz dieses mondainen Dramas, in dem die</Unicode>
                </TextEquiv>
            </TextLine>
            <TextLine id="r2l28" custom="readingOrder {index:27;}">
                <Coords points="1900,1720 2848,1744 2944,1717 3014,1746 3034,1688 1900,1671"/>
                <Baseline points="1908,1719 1963,1719 2019,1719 2075,1719 2131,1720 2187,1720 2243,1721 2298,1721 2354,1721 2410,1722 2466,1723 2522,1723 2578,1724 2634,1725 2689,1725 2745,1726 2801,1727 2857,1727 2913,1728 2969,1729 3025,1730"/>
                <TextEquiv>
                    <Unicode>Ttagik durch leichtlebige Philosophismen versüßt, die</Unicode>
                </TextEquiv>
            </TextLine>
            <TextLine id="r2l29" custom="readingOrder {index:28;}">
                <Coords points="1893,1763 2513,1798 3032,1772 2985,1731 1894,1737"/>
                <Baseline points="1902,1766 1958,1766 2014,1766 2070,1766 2126,1766 2182,1767 2238,1767 2294,1767 2350,1768 2406,1769 2462,1769 2518,1770 2574,1771 2630,1772 2686,1772 2742,1773 2798,1774 2854,1775 2910,1775 2966,1776 3023,1777"/>
                <TextEquiv>
                    <Unicode>Komödie durch nachdenkliche Schatten beschwert ist. Wieneri¬</Unicode>
                </TextEquiv>
            </TextLine>
            <TextLine id="r2l30" custom="readingOrder {index:29;}">
                <Coords points="1894,1827 2355,1809 2679,1843 2799,1813 2945,1841 3032,1829 3033,1786 1894,1764"/>
                <Baseline points="1902,1815 1958,1815 2014,1816 2070,1816 2126,1816 2182,1816 2238,1817 2294,1817 2350,1818 2406,1819 2462,1819 2518,1820 2574,1821 2630,1822 2686,1822 2742,1823 2798,1823 2854,1824 2910,1824 2966,1825 3023,1825"/>
                <TextEquiv>
                    <Unicode>sches Lehen aus einem sorglos am Abgrund tändelnden</Unicode>
                </TextEquiv>
            </TextLine>
            <TextLine id="r2l31" custom="readingOrder {index:30;}">
                <Coords points="1896,1864 3036,1874 3036,1830 1896,1833"/>
                <Baseline points="1904,1863 1960,1863 2016,1864 2072,1864 2128,1865 2184,1865 2240,1865 2297,1866 2353,1866 2409,1867 2465,1867 2521,1867 2577,1868 2633,1868 2690,1869 2746,1870 2802,1871 2858,1871 2914,1873 2970,1874 3027,1875"/>
                <TextEquiv>
                    <Unicode>Milieu. Die Liebe sättigt diese Menschen und verzehrt sie;</Unicode>
                </TextEquiv>
            </TextLine>
            <TextLine id="r2l32" custom="readingOrder {index:31;}">
                <Coords points="1893,1912 2977,1941 3030,1915 2987,1880 1893,1863"/>
                <Baseline points="1902,1909 1960,1911 2019,1912 2078,1912 2137,1913 2196,1914 2255,1914 2314,1915 2373,1915 2432,1915 2490,1915 2549,1916 2608,1916 2667,1916 2726,1917 2785,1918 2844,1919 2903,1920 2962,1921 3021,1923"/>
                <TextEquiv>
                    <Unicode>in ihrem Feuer leuchten gierige Lebenskräfte, lodern die</Unicode>
                </TextEquiv>
            </TextLine>
            <TextLine id="r2l33" custom="readingOrder {index:32;}">
                <Coords points="1884,1945 2771,1983 2996,1977 3035,1921 1884,1916"/>
                <Baseline points="1893,1958 1949,1958 2006,1958 2062,1959 2119,1959 2176,1960 2232,1960 2289,1961 2346,1961 2402,1962 2459,1963 2516,1963 2572,1964 2629,1964 2686,1965 2742,1965 2799,1966 2856,1966 2912,1967 2969,1967 3026,1967"/>
                <TextEquiv>
                    <Unicode>Brandopfer, verwehen zartere Seelen zu Asche. Ein Trauer¬</Unicode>
                </TextEquiv>
            </TextLine>
            <TextLine id="r2l34" custom="readingOrder {index:33;}">
                <Coords points="1897,2012 3030,2014 3030,1978 2898,1971 1897,1972"/>
                <Baseline points="1906,2005 1961,2006 2017,2007 2073,2008 2129,2008 2184,2009 2240,2009 2296,2010 2352,2010 2407,2011 2463,2011 2519,2012 2575,2012 2630,2013 2686,2013 2742,2014 2798,2014 2853,2015 2909,2015 2965,2016 3021,2017"/>
                <TextEquiv>
                    <Unicode>lustspiel der Liebe, der schmerzhaft frohen Lebenslüste;</Unicode>
                </TextEquiv>
            </TextLine>
            <TextLine id="r2l35" custom="readingOrder {index:34;}">
                <Coords points="1887,2052 3043,2075 3036,2015 1887,2014"/>
                <Baseline points="1895,2059 1954,2059 2014,2058 2074,2058 2134,2058 2194,2058 2254,2058 2314,2058 2374,2059 2434,2059 2494,2059 2554,2060 2614,2060 2674,2061 2734,2061 2794,2062 2854,2062 2914,2062 2974,2063 3034,2063"/>
                <TextEquiv>
                    <Unicode>zwischen zwei Gräber gebettet. In der dramatischen Ver¬</Unicode>
                </TextEquiv>
            </TextLine>
            <TextLine id="r2l36" custom="readingOrder {index:35;}">
                <Coords points="1895,2121 3026,2130 3027,2065 1895,2074"/>
                <Baseline points="1903,2104 1958,2103 2014,2102 2070,2101 2126,2101 2181,2101 2237,2102 2293,2102 2349,2103 2404,2104 2460,2105 2516,2106 2572,2107 2627,2108 2683,2109 2739,2110 2795,2110 2850,2111 2906,2111 2962,2111 3018,2110"/>
                <TextEquiv>
                    <Unicode>kettung dieser Daseinskontraste liegt der besondere poetische</Unicode>
                </TextEquiv>
            </TextLine>
            <TextLine id="r2l37" custom="readingOrder {index:36;}">
                <Coords points="1896,2159 3031,2170 3031,2121 2900,2113 1896,2119"/>
                <Baseline points="1905,2153 1960,2154 2016,2154 2072,2154 2128,2154 2184,2154 2240,2154 2296,2154 2352,2155 2408,2155 2464,2155 2519,2155 2575,2155 2631,2156 2687,2156 2743,2157 2799,2158 2855,2159 2911,2160 2967,2161 3023,2163"/>
                <TextEquiv>
                    <Unicode>Reiz, darin zeigt sich auch am schönsten Schnitzlers technische</Unicode>
                </TextEquiv>
            </TextLine>
            <TextLine id="r2l38" custom="readingOrder {index:37;}">
                <Coords points="1887,2199 3034,2212 3034,2170 2919,2163 1887,2166"/>
                <Baseline points="1896,2201 1952,2202 2009,2202 2065,2202 2122,2202 2178,2202 2235,2202 2291,2202 2348,2202 2404,2202 2461,2202 2517,2202 2574,2202 2630,2203 2687,2203 2743,2204 2800,2205 2856,2207 2913,2209 2969,2210 3026,2213"/>
                <TextEquiv>
                    <Unicode>Meisterschaft. Friedhofsgebanken, vom Grabe des Pianisten,</Unicode>
                </TextEquiv>
            </TextLine>
            <TextLine id="r2l39" custom="readingOrder {index:38;}">
                <Coords points="1891,2254 3024,2265 3024,2221 2970,2214 1891,2209"/>
                <Baseline points="1899,2248 1954,2248 2010,2249 2066,2249 2122,2249 2178,2250 2234,2250 2289,2250 2345,2250 2401,2250 2457,2250 2513,2250 2569,2251 2625,2251 2680,2252 2736,2252 2792,2253 2848,2254 2904,2255 2960,2255 3016,2257"/>
                <TextEquiv>
                    <Unicode>der an unglücklicher Liebe verdarb, leiten den Sturm in</Unicode>
                </TextEquiv>
            </TextLine>
            <TextLine id="r2l40" custom="readingOrder {index:39;}">
                <Coords points="1878,2297 3029,2315 2975,2261 1969,2249 1878,2280"/>
                <Baseline points="1887,2299 1943,2298 2000,2297 2056,2296 2113,2296 2170,2296 2226,2296 2283,2296 2339,2297 2396,2297 2453,2298 2509,2299 2566,2299 2622,2300 2679,2301 2736,2301 2792,2301 2849,2301 2905,2301 2962,2301 3019,2300"/>
                <TextEquiv>
                    <Unicode>der Seele des Fabrikanten Hofreiter ein, in sein letztes Ver¬</Unicode>
                </TextEquiv>
            </TextLine>
            <TextLine id="r2l41" custom="readingOrder {index:40;}">
                <Coords points="1893,2367 3019,2356 3000,2316 2798,2297 2548,2332 2494,2302 1893,2313"/>
                <Baseline points="1902,2345 1957,2346 2012,2346 2068,2347 2123,2347 2179,2347 2234,2347 2290,2348 2345,2348 2401,2348 2456,2348 2511,2348 2567,2349 2622,2349 2678,2349 2733,2350 2789,2350 2844,2351 2900,2352 2955,2352 3011,2354"/>
                <TextEquiv>
                    <Unicode>brausen klingt das Grabgeläute um den Fähnrich, den</Unicode>
                </TextEquiv>
            </TextLine>
            <TextLine id="r2l42" custom="readingOrder {index:41;}">
                <Coords points="1883,2394 3034,2419 3034,2366 2915,2355 1883,2361"/>
                <Baseline points="1891,2395 1947,2394 2004,2394 2061,2394 2118,2394 2174,2394 2231,2394 2288,2395 2345,2395 2401,2395 2458,2396 2515,2396 2572,2397 2628,2397 2685,2398 2742,2398 2799,2399 2855,2399 2912,2400 2969,2400 3026,2400"/>
                <TextEquiv>
                    <Unicode>glückliche Liebe tötete. Zwischen diesen beiden Enden schwebt</Unicode>
                </TextEquiv>
            </TextLine>
            <TextLine id="r2l43" custom="readingOrder {index:42;}">
                <Coords points="1883,2437 3023,2465 3023,2412 2976,2408 1883,2406"/>
                <Baseline points="1892,2442 1948,2442 2004,2443 2060,2443 2116,2443 2172,2444 2228,2444 2284,2444 2340,2444 2396,2445 2453,2445 2509,2445 2565,2446 2621,2446 2677,2447 2733,2447 2789,2448 2845,2448 2901,2449 2957,2450 3014,2451"/>
                <TextEquiv>
                    <Unicode>das Leben, genießerische Freude und wunde Relignation,</Unicode>
                </TextEquiv>
            </TextLine>
            <TextLine id="r2l44" custom="readingOrder {index:43;}">
                <Coords points="1879,2495 3023,2503 3023,2465 2954,2452 1880,2454"/>
                <Baseline points="1888,2489 1944,2489 2000,2489 2056,2489 2113,2490 2169,2490 2225,2490 2282,2491 2338,2491 2394,2492 2451,2492 2507,2493 2563,2494 2619,2494 2676,2495 2732,2495 2788,2496 2845,2496 2901,2496 2957,2497 3014,2497"/>
                <TextEquiv>
                    <Unicode>Höhenrausch und Tiefenjammer; weites Land zwischen zwei</Unicode>
                </TextEquiv>
            </TextLine>
            <TextLine id="r2l45" custom="readingOrder {index:44;}">
                <Coords points="1887,2531 2474,2564 3033,2533 2975,2498 1887,2488"/>
                <Baseline points="1895,2539 1951,2539 2007,2539 2064,2539 2120,2539 2177,2540 2233,2540 2290,2540 2346,2540 2403,2540 2459,2540 2515,2541 2572,2541 2628,2541 2685,2542 2741,2542 2798,2543 2854,2543 2911,2544 2967,2544 3024,2545"/>
                <TextEquiv>
                    <Unicode>engen Grüften. Und wie sinnig ist auch der Gegensatz der</Unicode>
                </TextEquiv>
            </TextLine>
            <TextLine id="r2l46" custom="readingOrder {index:45;}">
                <Coords points="1880,2620 2962,2636 3022,2619 3023,2535 2207,2559 1881,2526"/>
                <Baseline points="1889,2585 1945,2586 2001,2587 2057,2587 2113,2587 2170,2587 2226,2587 2282,2588 2338,2588 2394,2588 2451,2588 2507,2588 2563,2588 2619,2589 2675,2590 2732,2591 2788,2592 2844,2594 2900,2595 2956,2598 3013,2601"/>
                <TextEquiv>
                    <Unicode>beiden Toten: der Liebe des WLeibchens folgt ein stilles,</Unicode>
                </TextEquiv>
            </TextLine>
            <TextLine id="r2l47" custom="readingOrder {index:46;}">
                <Coords points="1883,2662 2977,2696 3028,2681 3030,2623 1884,2618"/>
                <Baseline points="1892,2658 1948,2658 2004,2659 2061,2659 2117,2660 2174,2661 2230,2661 2286,2662 2343,2664 2399,2664 2456,2666 2512,2667 2568,2668 2625,2669 2681,2670 2738,2672 2794,2674 2850,2675 2907,2676 2963,2678 3020,2679"/>
                <TextEquiv>
                    <Unicode>mystisches Verhauchen, das brutale Männchen fordert den</Unicode>
                </TextEquiv>
            </TextLine>
            <TextLine id="r2l48" custom="readingOrder {index:47;}">
                <Coords points="1889,2720 2947,2741 3029,2739 3030,2697 1890,2671"/>
                <Baseline points="1898,2709 1954,2709 2010,2710 2066,2711 2122,2712 2178,2713 2234,2713 2291,2714 2347,2715 2403,2716 2459,2717 2515,2718 2571,2719 2627,2720 2684,2722 2740,2723 2796,2725 2852,2726 2908,2728 2964,2729 3021,2732"/>
                <TextEquiv>
                    <Unicode>grausamen Knall der Pistole. Das Burgtheater hat das</Unicode>
                </TextEquiv>
            </TextLine>
            <TextLine id="r2l49" custom="readingOrder {index:48;}">
                <Coords points="1887,2766 3024,2802 3025,2737 2913,2725 1888,2719"/>
                <Baseline points="1896,2754 1952,2756 2008,2757 2064,2758 2120,2759 2176,2760 2232,2761 2288,2762 2344,2763 2400,2765 2456,2765 2512,2767 2568,2767 2624,2769 2680,2770 2736,2771 2792,2772 2848,2773 2904,2774 2960,2775 3016,2776"/>
                <TextEquiv>
                    <Unicode>Werk des heimischen Dichters in einen glänzenden Rahmen</Unicode>
                </TextEquiv>
            </TextLine>
            <TextLine id="r2l50" custom="readingOrder {index:49;}">
                <Coords points="1877,2808 3026,2831 2844,2775 1878,2765"/>
                <Baseline points="1886,2805 1942,2805 1999,2806 2055,2806 2112,2807 2169,2808 2225,2809 2282,2810 2338,2811 2395,2812 2452,2814 2508,2815 2565,2816 2621,2817 2678,2819 2735,2820 2791,2821 2848,2822 2904,2823 2961,2824 3018,2825"/>
                <TextEquiv>
                    <Unicode>gestellt, bis in die kleinste Episodenfigur waren alle ersten</Unicode>
                </TextEquiv>
            </TextLine>
            <TextLine id="r2l51" custom="readingOrder {index:50;}">
                <Coords points="1872,2838 3022,2897 3022,2838 2907,2822 1872,2812"/>
                <Baseline points="1880,2850 1936,2852 1993,2854 2050,2856 2106,2857 2163,2858 2220,2859 2276,2860 2333,2861 2390,2861 2447,2862 2503,2862 2560,2863 2617,2863 2673,2864 2730,2865 2787,2866 2843,2867 2900,2868 2957,2869 3014,2871"/>
                <TextEquiv>
                    <Unicode>Kräfté bereit, und wenn auch in das tragikomische Spiel</Unicode>
                </TextEquiv>
            </TextLine>
            <TextLine id="r2l52" custom="readingOrder {index:51;}">
                <Coords points="1887,2906 3020,2926 2914,2875 1888,2861"/>
                <Baseline points="1896,2894 1951,2896 2007,2899 2063,2901 2119,2902 2175,2903 2230,2905 2286,2906 2342,2906 2398,2907 2454,2908 2509,2909 2565,2910 2621,2911 2677,2912 2733,2913 2788,2914 2844,2915 2900,2917 2956,2919 3012,2921"/>
                <TextEquiv>
                    <Unicode>melancholische Erinnerungen an tote Gestalten sich mischten,</Unicode>
                </TextEquiv>
            </TextLine>
            <TextLine id="r2l53" custom="readingOrder {index:52;}">
                <Coords points="1871,2953 3013,2982 3014,2934 2862,2920 1872,2913"/>
                <Baseline points="1880,2945 1936,2947 1992,2948 2048,2950 2104,2951 2161,2952 2217,2953 2273,2953 2329,2954 2385,2955 2442,2956 2498,2956 2554,2957 2610,2958 2666,2959 2723,2960 2779,2962 2835,2963 2891,2964 2947,2966 3004,2968"/>
                <TextEquiv>
                    <Unicode>Kainz, dem die Haupfrolle auf den Leib geschrieben war,</Unicode>
                </TextEquiv>
            </TextLine>
            <TextLine id="r2l54" custom="readingOrder {index:53;}">
                <Coords points="1878,3003 2301,2999 2372,3030 2898,3004 3011,3033 3012,2983 1879,2951"/>
                <Baseline points="1886,2995 1941,2997 1997,2998 2053,2999 2109,3000 2165,3001 2221,3002 2276,3003 2332,3004 2388,3005 2444,3005 2500,3006 2556,3007 2612,3008 2667,3008 2723,3009 2779,3010 2835,3011 2891,3012 2947,3013 3003,3014"/>
                <TextEquiv>
                    <Unicode>Hartmann, der noch während der Proben jählings von</Unicode>
                </TextEquiv>
            </TextLine>
            <TextLine id="r2l55" custom="readingOrder {index:54;}">
                <Coords points="1872,3050 3020,3077 3021,3030 1872,3007"/>
                <Baseline points="1880,3042 1936,3044 1993,3046 2049,3048 2106,3049 2162,3050 2219,3051 2275,3052 2332,3053 2388,3053 2445,3054 2502,3054 2558,3055 2615,3055 2671,3056 2728,3057 2784,3058 2841,3058 2897,3059 2954,3061 3011,3062"/>
                <TextEquiv>
                    <Unicode>seinem Platze schied: das lebende Burgtheater siegte. Herr</Unicode>
                </TextEquiv>
            </TextLine>
            <TextLine id="r2l56" custom="readingOrder {index:55;}">
                <Coords points="1870,3099 2984,3130 3021,3078 1871,3050"/>
                <Baseline points="1878,3091 1934,3093 1991,3095 2048,3096 2104,3097 2161,3098 2218,3099 2274,3100 2331,3101 2388,3101 2445,3102 2501,3102 2558,3102 2615,3103 2671,3104 2728,3104 2785,3105 2841,3106 2898,3107 2955,3109 3012,3111"/>
                <TextEquiv>
                    <Unicode>Korff darf die Figur Hofreiters seine beste schauspielerische</Unicode>
                </TextEquiv>
            </TextLine>
            <TextLine id="r2l57" custom="readingOrder {index:56;}">
                <Coords points="1869,3140 3020,3155 2858,3111 1870,3100"/>
                <Baseline points="1878,3141 1934,3143 1991,3145 2048,3146 2104,3147 2161,3147 2218,3148 2274,3149 2331,3149 2388,3149 2445,3150 2501,3150 2558,3150 2615,3151 2671,3151 2728,3152 2785,3153 2841,3154 2898,3156 2955,3158 3012,3160"/>
                <TextEquiv>
                    <Unicode>Leistung nennen, dieser modische Galantuomo hatte die</Unicode>
                </TextEquiv>
            </TextLine>
            <TextLine id="r2l58" custom="readingOrder {index:57;}">
                <Coords points="1871,3198 3019,3200 2787,3151 1872,3140"/>
                <Baseline points="1881,3188 1937,3190 1993,3192 2050,3193 2106,3194 2163,3195 2219,3196 2276,3196 2332,3197 2389,3197 2445,3198 2501,3198 2558,3199 2614,3199 2671,3200 2727,3200 2784,3201 2840,3202 2897,3203 2953,3204 3010,3206"/>
                <TextEquiv>
                    <Unicode>Tragik des aufwärts gepeitschten Beutemenschen und die</Unicode>
                </TextEquiv>
            </TextLine>
            <TextLine id="r2l59" custom="readingOrder {index:58;}">
                <Coords points="1866,3244 3019,3265 3007,3211 1867,3202"/>
                <Baseline points="1875,3237 1931,3239 1988,3240 2045,3242 2102,3242 2158,3243 2215,3245 2272,3245 2329,3246 2385,3247 2442,3247 2499,3247 2556,3248 2612,3248 2669,3249 2726,3249 2783,3250 2839,3251 2896,3251 2953,3252 3010,3253"/>
                <TextEquiv>
                    <Unicode>bohrende Qual des innerlich Wunden. Dem dolorosen</Unicode>
                </TextEquiv>
            </TextLine>
            <TextLine id="r2l60" custom="readingOrder {index:59;}">
                <Coords points="1876,3291 3011,3317 3012,3273 2958,3260 1877,3249"/>
                <Baseline points="1886,3285 1941,3286 1997,3287 2053,3288 2109,3289 2165,3291 2220,3292 2276,3293 2332,3294 2388,3294 2444,3295 2499,3296 2555,3297 2611,3298 2667,3299 2723,3299 2778,3300 2834,3300 2890,3301 2946,3301 3002,3301"/>
                <TextEquiv>
                    <Unicode>Bilde der Genia gab Fräulein Marberg die unendlich</Unicode>
                </TextEquiv>
            </TextLine>
            <TextLine id="r2l61" custom="readingOrder {index:60;}">
                <Coords points="1875,3347 3021,3352 3016,3310 1876,3291"/>
                <Baseline points="1884,3335 1940,3336 1996,3338 2053,3339 2109,3340 2166,3341 2222,3341 2278,3342 2335,3343 2391,3344 2448,3345 2504,3345 2560,3346 2617,3347 2673,3347 2730,3348 2786,3349 2842,3349 2899,3350 2955,3351 3012,3351"/>
                <TextEquiv>
                    <Unicode>feinen Züge einer stummen Frauenseele, einer wehen</Unicode>
                </TextEquiv>
            </TextLine>
            <TextLine id="r2l62" custom="readingOrder {index:61;}">
                <Coords points="1863,3386 2720,3419 3007,3395 2852,3346 2796,3375 1864,3350"/>
                <Baseline points="1872,3382 1928,3383 1984,3384 2040,3385 2097,3386 2153,3387 2209,3388 2266,3389 2322,3390 2378,3391 2435,3392 2491,3393 2547,3394 2603,3395 2660,3395 2716,3396 2772,3396 2829,3397 2885,3396 2941,3396 2998,3396"/>
                <TextEquiv>
                    <Unicode>Schlichtheit, beredsamer als der lauteste Schmerz. Fräulein</Unicode>
                </TextEquiv>
            </TextLine>
            <TextLine id="r2l63" custom="readingOrder {index:62;}">
                <Coords points="1870,3443 2998,3448 2988,3408 1870,3392"/>
                <Baseline points="1879,3432 1934,3433 1990,3434 2045,3435 2101,3436 2156,3437 2212,3438 2267,3438 2323,3439 2378,3440 2434,3441 2489,3441 2545,3442 2600,3443 2656,3443 2711,3444 2767,3444 2822,3445 2878,3445 2933,3445 2989,3446"/>
                <TextEquiv>
                    <Unicode>Hofteufel (Erna) ganz begehrliche Circe, Herr</Unicode>
                </TextEquiv>
            </TextLine>
            <TextLine id="r2l64" custom="readingOrder {index:63;}">
                <Coords points="1868,3490 3008,3492 2991,3444 1868,3443"/>
                <Baseline points="1876,3479 1932,3480 1988,3481 2044,3483 2100,3484 2157,3485 2213,3486 2269,3487 2325,3487 2381,3488 2438,3488 2494,3489 2550,3489 2606,3490 2662,3490 2719,3491 2775,3491 2831,3492 2887,3492 2943,3493 3000,3494"/>
                <TextEquiv>
                    <Unicode>Teprient (Dr. Aigner) soignierter Weltweiser und</Unicode>
                </TextEquiv>
            </TextLine>
            <TextLine id="r2l65" custom="readingOrder {index:64;}">
                <Coords points="1865,3532 3012,3574 3013,3493 1865,3492"/>
                <Baseline points="1873,3526 1929,3528 1986,3531 2042,3532 2099,3533 2155,3534 2212,3535 2268,3536 2325,3536 2381,3537 2438,3537 2495,3537 2551,3538 2608,3538 2664,3539 2721,3539 2777,3540 2834,3541 2890,3543 2947,3545 3004,3547"/>
                <TextEquiv>
                    <Unicode>rechnerischer Hoteldirektor, Herr Paulsen (Dr. Mauer)</Unicode>
                </TextEquiv>
            </TextLine>
            <TextLine id="r2l66" custom="readingOrder {index:65;}">
                <Coords points="1859,3574 2970,3609 3015,3597 3016,3552 1860,3549"/>
                <Baseline points="1869,3576 1925,3577 1982,3580 2039,3581 2096,3583 2153,3584 2210,3585 2266,3585 2323,3586 2380,3586 2437,3587 2494,3587 2551,3588 2608,3588 2664,3589 2721,3589 2778,3590 2835,3592 2892,3593 2949,3595 3006,3597"/>
                <TextEquiv>
                    <Unicode>rührend brave Frcundschaft, Herr Gerasch (Fähnrich)</Unicode>
                </TextEquiv>
            </TextLine>
            <TextLine id="r2l67" custom="readingOrder {index:66;}">
                <Coords points="1864,3628 2974,3657 3010,3593 1864,3593"/>
                <Baseline points="1873,3622 1929,3625 1985,3628 2042,3630 2098,3631 2154,3632 2211,3633 2267,3633 2323,3634 2380,3634 2436,3634 2492,3634 2549,3634 2605,3634 2661,3634 2718,3634 2774,3635 2830,3636 2887,3638 2943,3640 3000,3642"/>
                <TextEquiv>
                    <Unicode>heiße, verflackernde Jugend, Frau Bleibtreu (Anna</Unicode>
                </TextEquiv>
            </TextLine>
            <TextLine id="r2l68" custom="readingOrder {index:67;}">
                <Coords points="1859,3677 3006,3691 3006,3656 2843,3638 1859,3632"/>
                <Baseline points="1868,3675 1924,3675 1980,3676 2037,3676 2093,3677 2150,3677 2206,3678 2263,3678 2319,3679 2376,3680 2432,3681 2488,3681 2545,3682 2601,3683 2658,3684 2714,3685 2771,3686 2827,3687 2884,3688 2940,3689 2997,3690"/>
                <TextEquiv>
                    <Unicode>Meinhold) schöne, warme Mütterlichkeit. Dazu noch die</Unicode>
                </TextEquiv>
            </TextLine>
            <TextLine id="r2l69" custom="readingOrder {index:68;}">
                <Coords points="1859,3733 2959,3757 2998,3747 2999,3696 1860,3691"/>
                <Baseline points="1868,3719 1924,3720 1980,3721 2036,3722 2092,3723 2148,3724 2204,3725 2260,3726 2316,3727 2372,3728 2429,3729 2485,3729 2541,3730 2597,3731 2653,3732 2709,3733 2765,3734 2821,3735 2877,3736 2933,3737 2990,3738"/>
                <TextEquiv>
                    <Unicode>Damen Reinhold und Wilke, die Herren Heine,</Unicode>
                </TextEquiv>
            </TextLine>
            <TextLine id="r2l70" custom="readingOrder {index:69;}">
                <Coords points="1859,3771 2907,3803 3002,3771 2819,3735 1860,3734"/>
                <Baseline points="1868,3761 1924,3764 1980,3767 2036,3770 2092,3771 2149,3773 2205,3775 2261,3775 2317,3776 2373,3777 2430,3778 2486,3778 2542,3779 2598,3779 2654,3780 2711,3781 2767,3782 2823,3783 2879,3784 2935,3786 2992,3788"/>
                <TextEquiv>
                    <Unicode>Muratori, Höbling, Treßler, Zesko,</Unicode>
                </TextEquiv>
            </TextLine>
            <TextLine id="r2l71" custom="readingOrder {index:70;}">
                <Coords points="1861,3812 2268,3846 2995,3833 2994,3789 1862,3784"/>
                <Baseline points="1870,3814 1925,3816 1981,3818 2037,3820 2093,3821 2149,3822 2204,3823 2260,3825 2316,3825 2372,3826 2428,3827 2483,3827 2539,3828 2595,3829 2651,3829 2707,3830 2762,3831 2818,3831 2874,3832 2930,3833 2986,3834"/>
                <TextEquiv>
                    <Unicode>Thimig, Moser, Balajthy, bis in die Ecke der</Unicode>
                </TextEquiv>
            </TextLine>
            <TextLine id="r2l72" custom="readingOrder {index:71;}">
                <Coords points="1854,3875 3009,3892 3009,3845 2910,3835 1855,3830"/>
                <Baseline points="1864,3864 1920,3865 1977,3867 2034,3868 2091,3869 2148,3870 2204,3871 2261,3872 2318,3873 2375,3873 2432,3874 2488,3875 2545,3875 2602,3876 2659,3877 2716,3877 2772,3878 2829,3879 2886,3881 2943,3882 3000,3883"/>
                <TextEquiv>
                    <Unicode>Portierloge in dem schnurrigen dritten Akt im Tiroler</Unicode>
                </TextEquiv>
            </TextLine>
            <TextLine id="r2l73" custom="readingOrder {index:72;}">
                <Coords points="1860,3911 3008,3961 2994,3891 1861,3881"/>
                <Baseline points="1868,3909 1924,3911 1981,3914 2037,3915 2094,3917 2151,3918 2207,3919 2264,3921 2320,3921 2377,3922 2434,3923 2490,3924 2547,3924 2603,3925 2660,3926 2717,3927 2773,3928 2830,3928 2886,3930 2943,3931 3000,3933"/>
                <TextEquiv>
                    <Unicode>Hotel war die gesamte Garde des Burgtheaters ausgerückt;</Unicode>
                </TextEquiv>
            </TextLine>
            <TextLine id="r2l74" custom="readingOrder {index:73;}">
                <Coords points="1856,3974 2545,3969 2932,4017 3006,3989 3007,3952 1856,3924"/>
                <Baseline points="1864,3961 1920,3963 1977,3965 2033,3966 2090,3967 2147,3968 2203,3969 2260,3970 2317,3970 2373,3971 2430,3972 2487,3972 2543,3973 2600,3973 2657,3974 2713,3975 2770,3976 2827,3978 2883,3979 2940,3981 2997,3983"/>
                <TextEquiv>
                    <Unicode>sie gewann, mit Schnitzlers „Weitem Land“, der Direktions¬</Unicode>
                </TextEquiv>
            </TextLine>
            <TextLine id="r2l75" custom="readingOrder {index:74;}">
                <Coords points="1854,4049 2036,4056 2092,4018 2167,4014 2213,4037 2480,4023 2556,4043 2607,4024 2608,3992 1855,3976"/>
                <Baseline points="1864,4012 1900,4014 1937,4016 1974,4018 2010,4018 2047,4019 2084,4020 2120,4020 2157,4020 2194,4021 2231,4021 2267,4021 2304,4021 2341,4021 2377,4021 2414,4021 2451,4021 2487,4022 2524,4023 2561,4023 2598,4025"/>
                <TextEquiv>
                    <Unicode>ära Berger den ersten crobernden Sieg.</Unicode>
                </TextEquiv>
            </TextLine>
            <TextEquiv>
                <Unicode>Frei
Toronto
„IEtuocte-Wolt, Wien
Ausschnitt aus:
N 13 70
vum:
Dan n (durnebenter wird ich in der
kommenden Saison eingebend mit Schnitzler
betassen. Es wird sein Schaulpiel -Das weite
Lande zur Aufführung bringen. Das Stück spielt
in Baden bei Wien und in Tirol. Die Uraufführung
dürfte in Wien und im Berliner Lessingtheater zu
gleicher Zeit stattfinden. Die männliche Hauptrolle
ist für Kainz bestimmt, Auch Schnitzlers Der
junge Medardus- gelangt im Burgtbeater zur
Aufführung. Das Werk gebt als zweite Novität im
Oktober in Szene. Die Titelrolle spielt Herr Gerasch,
in den übrigen 78 Rollen des Stückes ist-das ganze
Burgtheaterpersonal beschäftigt.
Aussehmt aus:
Wieneh Mittage-Zeitung
vom:
BRTT
(BUrstheater.) „Das weite Land',
Nragikomödie von Arthur SchnitzLor. Baden bei Wien

der Schauplatz dieses mondainen Dramas, in dem die
Ttagik durch leichtlebige Philosophismen versüßt, die
Komödie durch nachdenkliche Schatten beschwert ist. Wieneri¬
sches Lehen aus einem sorglos am Abgrund tändelnden
Milieu. Die Liebe sättigt diese Menschen und verzehrt sie;
in ihrem Feuer leuchten gierige Lebenskräfte, lodern die
Brandopfer, verwehen zartere Seelen zu Asche. Ein Trauer¬
lustspiel der Liebe, der schmerzhaft frohen Lebenslüste;
zwischen zwei Gräber gebettet. In der dramatischen Ver¬
kettung dieser Daseinskontraste liegt der besondere poetische
Reiz, darin zeigt sich auch am schönsten Schnitzlers technische
Meisterschaft. Friedhofsgebanken, vom Grabe des Pianisten,
der an unglücklicher Liebe verdarb, leiten den Sturm in
der Seele des Fabrikanten Hofreiter ein, in sein letztes Ver¬
brausen klingt das Grabgeläute um den Fähnrich, den
glückliche Liebe tötete. Zwischen diesen beiden Enden schwebt
das Leben, genießerische Freude und wunde Relignation,
Höhenrausch und Tiefenjammer; weites Land zwischen zwei
engen Grüften. Und wie sinnig ist auch der Gegensatz der
beiden Toten: der Liebe des WLeibchens folgt ein stilles,
mystisches Verhauchen, das brutale Männchen fordert den
grausamen Knall der Pistole. Das Burgtheater hat das
Werk des heimischen Dichters in einen glänzenden Rahmen
gestellt, bis in die kleinste Episodenfigur waren alle ersten
Kräfté bereit, und wenn auch in das tragikomische Spiel
melancholische Erinnerungen an tote Gestalten sich mischten,
Kainz, dem die Haupfrolle auf den Leib geschrieben war,
Hartmann, der noch während der Proben jählings von
seinem Platze schied: das lebende Burgtheater siegte. Herr
Korff darf die Figur Hofreiters seine beste schauspielerische
Leistung nennen, dieser modische Galantuomo hatte die
Tragik des aufwärts gepeitschten Beutemenschen und die
bohrende Qual des innerlich Wunden. Dem dolorosen
Bilde der Genia gab Fräulein Marberg die unendlich
feinen Züge einer stummen Frauenseele, einer wehen
Schlichtheit, beredsamer als der lauteste Schmerz. Fräulein
Hofteufel (Erna) ganz begehrliche Circe, Herr
Teprient (Dr. Aigner) soignierter Weltweiser und
rechnerischer Hoteldirektor, Herr Paulsen (Dr. Mauer)
rührend brave Frcundschaft, Herr Gerasch (Fähnrich)
heiße, verflackernde Jugend, Frau Bleibtreu (Anna
Meinhold) schöne, warme Mütterlichkeit. Dazu noch die
Damen Reinhold und Wilke, die Herren Heine,
Muratori, Höbling, Treßler, Zesko,
Thimig, Moser, Balajthy, bis in die Ecke der
Portierloge in dem schnurrigen dritten Akt im Tiroler
Hotel war die gesamte Garde des Burgtheaters ausgerückt;
sie gewann, mit Schnitzlers „Weitem Land“, der Direktions¬
ära Berger den ersten crobernden Sieg.</Unicode>
            </TextEquiv>
        </TextRegion>
    </Page>
</PcGts>
