3344 4384
1002 240 1052 300 I.
1421 240 1752 319 box 29
269 232 1205 332 24 W0116—
2150 450 2764 549 Klose & Seidel
2147 551 2763 617 Bureau für Zeitungsausschintte
2104 609 2820 678 Berlin NO. 43, Georgenkirchplatz 21
2084 712 2468 793 Zeitung: 4
2092 795 2230 862 Ort:
2420 797 2679 875 Gettht
2092 860 2303 930 Datum:
2332 1015 2765 1101 Wt
2163 1084 2996 1174 im Residenz=Theater kommt Arthur
2048 1120 2999 1203 Schutzler zu Wort mit seiner nun nyr #n
2057 1175 2997 1254 zehn Jahre alten Tragikomödie „Das weite
2065 1220 2989 1288 Land“. In der Lust am Plaudern vergißt er
419 1164 1030 1282 Klose & Seidel
2052 1251 2990 1306 uht zu oft die engen Grenzen, die die Bühne
410 1293 1020 1351 Bureau für Zeitungsausschnitte
2061 1282 2990 1383 ihm zieht. So wirkt leider mitunter sein Dia¬
2152 1325 2977 1402 so geistreich er auch ist, ermüdend und be¬
354 1339 1082 1415 Berlin NO. 43, Georgenkirchplatz 21
2042 1359 2975 1435 einträchtigt den reinen Genuß an dem sonst
2055 1412 2972 1483 meisterhaft aufgebauten Stück. Arnold Korff,
2053 1442 2992 1531 Irene Triesch und Rosa Bertens brachten
2048 1487 2996 1571 Tempo in die zun Teil recht langatmigen
2062 1514 2234 1574 Szenen.
675 1502 902 1572 Vorwärts
344 1508 581 1577 Zeitung:
697 1575 865 1641 Berlin
356 1575 481 1640 Ort:
350 1640 708 1710 Datum:
1699 1829 2048 1883 olk und Zeil'-Anzeige
2495 3263 2575 3321 2
450 3306 1135 3355 Der große Erfolg des Trianon-Theaters:
2524 3323 3274 3376 Der neue große Erfolg des Kleinen Theaters:
1786 3313 1866 3384 200
538 3341 1039 3381 „Kümmere Dich um Amelie.“
2787 3360 3010 3400 „Jaqueline“.
392 3363 1197 3409 Olga Limburg als Amelie in der Kostümierung
2586 3383 3231 3426 Carola Toelle als Grälin Jaqueline.
605 3404 1195 3457 des 2. Aktes. Zander & Labisch phor.
2710 3417 3085 3467 Zander 4 Labisch phot.
1514 3420 2183 3469 Der große Erfolg des Residenz-Theaters:
411 3457 1182 3502 Nur ein Meister wie Schnitzlek vermochte ein
1501 3470 2192 3507 „Das weite Land“ von Arthur Schnitzler.
2507 3462 3305 3510 mal den Besuch des Trianon-Theaters. „ Ja¬
397 3495 1190 3522 so wundervolles Werk-züscfäffen wie „Das weite
1403 3499 2033 3551 Irene Triesch als Genia Hofreiter.
2110 3485 2479 3555 Zander & Labisch phot.
2506 3509 3306 3540 queline“ im Kleinen Theater ist ein echt
392 3520 1191 3563 Land“, das die menschliche Seele darstellt. Er¬
2503 3533 3303 3571 französisches Erzeugnis, das eine große Kenntnis
395 3553 1190 3590 griffen und gebannt folgen wir von Anfang bis zu
2502 3566 3305 3593 der Szene mit keinstem innerlichen Humor,
399 3581 1197 3611 Ende diesem Bühnenbeherrscher des Ernstes und
2494 3596 3295 3630 Geist und Esprit glücklich vereint. Carola
390 3609 1190 3646 des Humors und spenden dann sowohl dem her¬
2495 3623 3299 3651 Taelle ist hinreißend und übertrifft sich selbst
387 3642 1191 3685 vorragenden Stück als auch der kongenialen Dar¬
2506 3650 3304 3697 als jaqueline, und über die herrliche Darstellungs¬
1248 3603 2450 3704 Drei große Theater-Erfolge!
386 3662 1184 3705 stellung begeisterten Beifall. irene Triesch und
2493 3682 3299 3721 kunst Falkensteins und Albers als Auguste
397 3700 1183 3737 Arnold Korff muß man in „Das weite Land“
2506 3717 3301 3767 und André ist sich Presse und Publikum wie
1109 3730 1179 3768 Im
385 3729 1112 3766 im Residenz-Theater erlebt haben. —
2500 3738 3301 3794 stets einig. Diese Meister der Charakterisierung
392 3758 1193 3800 Trianon-Theater herrscht Heiterkeit und
1360 3748 2341 3814 Residenz-Theater: „Das weite Land“
2534 3776 3295 3805 n1 des Humors haben zurzeit nicht ihres¬
393 3790 1173 3824 Lachen ohne Ende. „Kümmere Dich um Amelie“
2495 3802 3286 3837 gleichen. Resumé: Wer ein paar genußreiche
1250 3795 2454 3865 Trianon-Theater: „Kümmere Dich um Amelie“.
391 3821 1174 3856 übt mit den unvergleichlichen Olga Limburg.
2502 3837 3288 3875 Stunden im Theater verleben will, muß die drei
389 3851 1187 3887 Eugen Burg und Wilhelm Bendow eine
1462 3850 2230 3918 Kleines Theater: „Jaqueline“
2497 3862 3273 3904 großen Berliner Theatererfolge „Das weite Land“.
387 3882 1179 3915 zwerchfellerschütternde Wirkung aus. Sich in
2487 3891 3296 3928 „Kümmere Dich um Amelie“ und „Jaqueline“
385 3915 1280 3961 dieser Zeit einmal gesund zu lachen, lohnt sehn¬ L¬
2500 3919 2757 3968 gesehen haben.
