3392 4448
1372 149 1823 249 box 28/2
247 163 1230 277 24. Das veite Land
465 1495 2749 1598 dem Gebote der Ehre in ritterlicher Weise genügten vom Nichterständl besmme zu mmmn undem Amruec
465 1597 3353 1709 artige Auffassung die Sache selber sehr leicht, seiner Kleinigkeit wegen (!) nicht in den Tod treiben. Fried=gewesen wäre, vor seine Waffe gef
461 1649 3367 1773 Frau und seinem Kinde aber desto schwerer gemacht hat. rich (ihr Mann) wird zufrieden mit mir sein. Morgen, spruch besteht nur zwischen dem F
569 1705 3363 1764 Die übrigen Verheirateten des Stückes sind weniger wenn mein Geliebter fort ist, werd' ich ihm die ganze Moral und dem Zwang des alten
463 1744 3377 1869 strupelhaft und bleiben, trotz kundbaren Ehedruches, Geschichte selbst erzählen.“ Aber Friedrich ist schon macht aus der sonst etwas frivole
463 1799 3358 1885 hübsch beisammen. Der russische Pianist Alexe Kow=fallein auf die Bescherung gekommen, und Genia staunt, vollen und lebenswahren Komödie
454 1843 1576 1923 sakow erschießt sich schon vor Beginn des ersten Aktes
1567 1866 3363 1958 daß er diese nicht so ruhig hinnimmt, sondern den wie Schnitzler es nennt, eine Tragi
451 1911 1573 1982 aus Liebe zur Fabrikantensgattin Genia Hofreiter, die
1563 1907 2659 1995 Jüngling totschießt. „Warum?“ fragt sie, „wenn dir
2735 1930 3359 2003 Diese strotzt von realistischer
452 1946 1570 2023 ihn zwar wieder liebt, aber nicht erhört. Das letztere
1562 1955 3358 2042 an mir noch das geringste läge, wenn es Haß wäre, Wut, hält sich ersichtlich treu an bestimmte
465 1993 1565 2071 findet ihr lebenslustiger Mann, der eben ein Verhält¬
1560 2008 1928 2076 Eifersucht, Liebe
1906 2024 1995 2073 * „
2031 2026 3373 2102 „Na ja,“ antwortet Friedrich, Wiener Typen nach der Natur gezeich
444 2046 1570 2120 nis mit einer Bankiersgattin gelöst hat, um ein solches
1557 2074 3354 2147 „von all' dem verspür' ich allerdings verdammt wenig. dem die Sommerfrischler Badens
447 2096 1562 2175 mit einem jungen Mädchen aus guter Familie anzu¬
1565 2100 3358 2180 Aber man will doch nicht der Hopf sein.“ Also banale des Karersees geläufiger sind, als
457 2137 1554 2219 knüpfen so unheimlich, daß er auf ein paar Wochen ins
1557 2158 2654 2234 gekränkte Eitelkeit führt zum tragischen Schluß des
2640 2160 3363 2237 fertigten, wird leicht die eine und
448 2186 1555 2265 Gebirge flieht, wo ihm das wohlerzogene junge Mäd¬
1556 2213 2649 2278 Dramas, das sonst wirklich nur eine bittere Sitten¬
2642 2204 3379 2288 mit ihrem wahren Namen bezeichne
454 2235 1557 2306 chen nachts ihr Schlafzimmer offen stehen läßt. Da¬
1554 2258 3377 2342 komödie wäre. Denn derselbe Mann, der nur nicht der nicht sonst wüßte, könnte hier sehen
454 2286 1569 2368 heim geschieht ihm in der Zwischenzeit sein Recht durch
1546 2297 3376 2390 „Hopf“ sein will, sagt zu seiner Frau, nachdem sich ihr demokraten so sehr gegen das Auß
451 2342 1570 2410 den Marinefähnrich Otto von Aigner, den er dafür im
1558 2335 3354 2430 früherer Liebhaber umgebracht: „Ein Anderer als ichgeoisie aufreizt. Ja, wenn es nur s
454 2384 3379 2479 Duell totschießt. Das „weite Land“ gestattet ver=würde vielleicht vor dir auf den Knien liegen, dich an= das wäre freilich schlimm! Aber de
453 2439 3378 2537 schiedene Auffassungen derselben Dinge. Dieser Schuß beten, wie eine Heilige, gerade deswegen! Ich bin halt stimmte, wenig zahlreiche Klasse, di
449 2488 1564 2564 ist ein Memento der sittlichen Ordnung, die sich nicht
1550 2499 3375 2570 nicht so. Mir bist du gerade dadurch“ — durch die Be=so war; und vor dem Kehraus stehe
436 2535 1561 2603 dauernd ungestraft verhöhnen läßt. Er zerstört all das
1557 2551 3376 2630 wahrung der ehelichen Treue! — „gleichsam fremder lange nicht, obwohl etwas wie A
447 2590 1554 2661 Scheinglück und die scheinbare Ruhe dieser lasterhaften
1545 2598 3382 2684 geworden.“ Er autorisiert sie förmlich zum Ehebruch: mung dieser dramatischen Schilderu
448 2635 1559 2712 Menschen, aber am schwersten trifft er doch die schuldlose
1556 2662 3385 2710 „Ja, wenn du mir gegenüber zu der sogenannten Treuel oder sich aus ihr auf unsere Seele
448 2683 1559 2765 Mutter des Todesopfers. Das Schicksal ist im Ganzen
1550 2706 2643 2781 verpflichtet gewesen wärst! Aber ich hab' doch wirklich
2621 2718 3376 2768 ältere Mensch bemerkt die schnelle
445 2733 1555 2824 immer gerecht, im Einzelnen oft ungerecht; aber wir
1541 2742 3377 2815 kein Recht gehabt . .. Und verstehst du, dieser Gedanke, unsere Lebensansichten und die ganze
439 2770 1172 2862 sind leider nur einzelne Menschen.
1529 2794 3362 2883 daß irgend etwas, das doch in Wirklichkeit gar nicht ist, liegt. Er beginnt die Jugend zu
535 2831 2639 2907 Die schöne Genia, die den von ihr geliebten, aber ein Schemen ein Phantom, ein Nichts, wenigstens
2619 2842 3352 2922 Fabrikant, der sie vor dem Lauf
432 2864 3375 2981 nicht erhörten Klaviervirtuosen ruhig sich eine Kugel einem so furchtbaren Ding gegenüber, einem so irrepa¬ aus frechen kalten Augen glänzen und
428 2919 3386 3037 durch den Kopf jagen ließ, meint nach ihrem Ehebruch rablen wie der Tod, daß deine Tugend einen weiß er erst, was Jugend ist; aber in
423 2970 3363 3032 mit dem Marineoffizier ziemlich leichthin: „Er — mein Menschen in den Tod getrieben hat, das ist mir einfach jeden jungen Menschen totschießen.
435 3030 3382 3110 Mann — wird es mir nicht übel nehmen. Vielleicht unheimlich.“ Es ist gar kein Widerspruch zwischen dem er, daß Alles im Flusse ist; aber eben
425 3066 3379 3128 hätte sich Otto auch umgebracht, wie jener Andere. Und! Denken und dem Handeln dieses Mannes; denn er lange nicht Alles auf, und sein Ende i
423 3114 3388 3245 man darf doch einen jungen Menschen einer solchen hätte wohl auch den Anderen, wenn dieser glücklicher signation. So war es immer und so wi
