3436 4320
248 4073 627 4164 Allgemeine
550 119 592 172 6
686 124 753 177 W
270 104 1210 218 24. —1te Land
1384 129 1817 229 box 28/5
660 216 1030 291 21. Oktovel 1911.
1547 246 2180 304 hilg.. Kung
629 333 1850 395 im Besitze der Macht. Und sollte Dr. Jäckh, der auch jetzt wieder vor
1874 339 3083 414 stentum nicht mehr bloß ein Kampf um die Zahl der Missionsstatio¬
629 375 1841 441 wenigen Monaten die türkische Studienkommission durch unser deut¬
1858 392 3083 441 nen, wie in Afrika. Dann würde auch die äthiopische Bewegung uns
629 436 1842 477 sches Vaterland geführt hat, auf der ihm einer der angesehensten
1869 449 3074 504 nicht mehr in der Weise auf die Schanze rufen, wie es bisher noch
620 485 1842 552 türkischen Fahrtgenossen vor lauter Dankbarkeit das brüderliche Du
1869 500 3080 542 nötig ist, dann würde bei der noch bestehenden unüberbrückbaren
634 533 1843 575 anbot, nun auch seinerseits vielleicht in leichtbegreiflichem Optimis¬
1874 532 3085 603 Verschiedenheit des Islams vom Christentum mehr und mehr der
623 585 1846 635 mus das neue Türkentum zu günstig beurteilen, darin hat Dr. Jäckh
1875 589 3081 655 Zustand angebahnt, mit dem das Buch von Dr. Diercks schließt, ein
623 621 1843 671 doch wohl recht, daß wir in unserer Politik die Türken als den wich¬
1878 638 3089 697 Zustand, der einen Ausblick auf einen friedlichen Wettbewerb mit
631 675 1850 718 tigsten Faktor unserer auswärtigen Freundschaften benötigen, als
1865 687 3072 751 den christlichen Kulturmächten erwarten läßt. Für das Christen¬
630 715 1841 778 Versorger unseres Korn= und Getreidemarkts, als Abnehmer unserer
1860 743 3078 805 tum liegen hier keine besonderen Probleme vor. Es geht jetzt schon
627 774 1842 833 Industrieerzeugnisse. Bekannt ist die Bedeutung, die in diesem Zu¬
1874 790 3084 843 auf diesen Wegen diesen Zielen entgegen, indem es mit aller Kreuz¬
625 815 1844 882 sammenhang die Bagdadbahn hat. Jäckhs Materialien zu dieser
1867 838 3086 894 zugsromantik endgültig gebrochen hat. Inwieweit der Islam ihm da
621 866 1843 921 Frage schließen selbst dem die Augen auf, der etwa noch nicht ander¬
1873 889 3094 945 entgegenkommt, entgegenkommen kann und entgegenkommen mag,
631 914 1029 971 weitig davon wußte.
1874 931 3051 982 das ist schließlich das letzte, ja das einzige „Problem des Islams“.
710 957 1842 1026 Freilich können einige Anmerkungen nicht unterlassen werden.
1851 988 3078 1088 —
625 1031 1838 1081 Da doch die gesamte Volksgesundheit bloß auf sittlicher Grundlage
619 1074 1848 1122 Aussicht auf Bestand hat, so sei gefragt, ob der ethische Stand des
2132 1082 2805 1177 Theater und Mulik
626 1129 1845 1182 Türkentums gerade auf sexuellem Gebiet so hoch gewertet werden
1864 1147 3081 1248 —
619 1174 1848 1220 darf, wie er Dr. Jäckh erscheint. Dankbar verzeichnen wir seine Mit¬
626 1223 1839 1277 teilungen über die Seltenheit eines eigentlichen Harems und über die
621 1267 1840 1321 Häufigkeit der Monogamie. Aber der mir selber wohlbekannte Ver¬
2180 1243 2759 1334 Münchener Theater.
625 1321 1837 1372 fasser wird mir zugeben müssen: jenes Erlebnis der Studienkom¬
1938 1322 2512 1380 ssarts Schauspieler=Jubiläum.
2541 1327 3012 1386 Ein neuer Schnitzler.
1869 1368 3101 1434 Karlchen auf dem Theater. — Der Almanach der Vereinigten The¬
630 1373 1845 1424 mission in seinem Heilbronner Heim spricht doch nicht so ganz für
2164 1407 2780 1464 ater. — Don Quijote Redivivus.
625 1420 1844 1482 seine Auffassung. Bei der angeführten Studienreise hat Dr. Jäckh
1946 1448 3094 1522 Das Schauspielerjubiläum, das Ernst v. Possart
627 1462 1853 1504 den prachtvollen Gedanken gehabt, seinen Gästen auch ein deutsches
1870 1498 3080 1554 gegenwärtig an unserer Hofbühne feiert, fand seine Fort¬
628 1522 1841 1571 Heim und eine deutsche Hausfrau vorzuführen. Das war ein gar
1870 1554 3086 1605 setzung in einer Aufführung des Kaufmanns von Venedig.
627 1567 1842 1621 nicht zu unterschätzender Versuch, den Türken zu zeigen, wo die
1873 1600 3091 1673 Possart spielte den Shylock, dieselbe Rolle, in der er sich einst
629 1619 1840 1671 wahren Wurzeln unserer Kraft liegen. Nicht die industriellen Unter¬
1863 1653 3078 1721 von der Bühne verabschiedet hatte. Und er spielte sie fast ge¬
628 1677 1842 1731 nehmen, nicht militärischer Glanz und Schneid sind die Grundlagen
1866 1701 3081 1754 nau mit derselben körperlichen Kraft und Beweglichkeit und mit
627 1712 1842 1762 unserer sittlichen und damit auch wirtschaftlichen Gesundheit, sondern
1868 1748 3079 1805 dem ungebrochenen Organ, das ihn heute noch vor allen leben¬
627 1753 1840 1820 das deutsche Heim und die deutsche Hausfrau! Nun rühmt zwar ge¬
1865 1799 3091 1851 den Schauspielern auszeichnet. Es ist überflüssig zu sagen, daß
617 1814 1839 1874 rade Jäckh den häuslichen und familiären Sinn der Türken, aber
1862 1857 3080 1911 das Publikum ihn auch an diesem zweiten Abend mit allen
626 1862 1836 1921 seine Gäste in Heilbronn standen damals trotzdem unter dem Zau¬
1872 1891 3089 1960 zu Gebote stehenden Mitteln feierte. Erst nachdem diese
628 1917 1845 1966 berbann von etwas nie Erlebten, noch Geschauten. Es muß somit
1871 1947 3083 2002 öffentliche Feier im Hause verklungen war, konnte sich — wie
619 1963 1837 2007 doch wohl ein Unterschied bestehen zwischen dem törkischen und dem
1872 1993 3075 2048 wir hören — eine private hinter dem Vorhang auf der Bühne
628 2013 1838 2056 deutschen Familienleben. Vergessen wir nicht in diesem Zusammen¬
1868 2050 3007 2110 abspielen, die dem Gefeierten weitere Ehrungen brachte.
620 2066 1853 2127 hang unserer Kinder. Sie sind eines rechten deutschen Heimes Stolz
1957 2095 3096 2157 Gegen den Schluß der Sommersaison hatte es einmal
617 2109 1847 2160 und Freude! Und unser Volk wächst dabei von Jahr zu Jahr. Das
1860 2133 3091 2211 den Anschein, als ob unsere Theaterleitungen sich bezüglich
630 2159 1838 2214 türkische Volk wächst nicht, und in den Deutsch=Armenischen Blättern
1861 2183 3075 2258 der Premierentage kollegial verständigt hätten. Man erlebte
628 2211 1838 2257 konnte man in diesen Tagen wieder lesen, daß schon die Armenier
1856 2240 3088 2312 das erfreuliche Novum, daß insbesondere unsere Hofbühne
627 2258 1837 2316 hier „gesündere“ Verhältnisse haben. Den preußischen Leutnant, von
1859 2302 3091 2355 und das Schauspielhaus ihre Neuheiten an verschiedenen
620 2303 1845 2350 dem es einst hieß, ihn mache uns kein ander Volk nach, den haben
1868 2346 3089 2406 Tagen der Woche ansetzten. Wodurch dieses ebenso vernünf¬
620 2355 1844 2405 die Türken sich auf dem direkten Weg kommen lassen. Die Türken
1870 2390 3088 2458 tige wie kollegiale Verhältnis gestört wurde, ist uns natürlich
618 2406 1843 2463 sind ihrer militärischen Schulmeister würdige Schüler. Man lese bei
1870 2434 3088 2489 unbekannt geblieben, wohl aber sehen wir nun bei Beginn
619 2455 1832 2500 Jäckh seine Aufzeichnungen über den von ihm mitgemachten albani¬
1865 2491 3076 2555 der Wintersaison, daß sich alle Theater wieder auf den Sams¬
621 2508 1839 2560 schen Kriegszug! Unsere Technik, auf die wir heute so stolz sind, wird
1865 2541 3069 2606 tag als den einzigen Tag stürzen, an dem, wie es scheint,
625 2555 1835 2595 nicht minder ihren Siegeszug in der Türkei veranstalten. Das Pro¬
1852 2573 3075 2652 neue Stücke aufgeführt werden können. Am letzten Sams¬
628 2598 1830 2651 blem des Islams wird in seinem. Nerv berührt durch die Frage: kann
1863 2638 3076 2700 tag gab es nun gar zwei Uraufführungen im Schauspiel
611 2646 1839 2705 sich das Türkenvolk, als der Hauptträger des Mohammedanismus,
1862 2690 3072 2736 allein, während drüben in der Oper, „weil's gleich ist“ gleich¬
612 2697 1837 2755 mittels des gesunden deutschen Familiengeistes derart verjüngen,
1862 2739 3076 2801 zeitig auch Beer=Walbrunns „Don Quijote“ neu einstudiert
626 2751 1833 2808 daß es selber wieder ein jugendfrisches Volk abgibt? Das muß die
1870 2788 3080 2839 vorgeführt wurde. Das hat für den Menschen aus dem
615 2796 1829 2844 Zukunft lehren. Und von seiner Jugendfrische wird es auch abhän¬
1868 2827 3083 2895 Publikum, der den gar nicht so seltenen, aber uns allerdings
618 2844 1835 2904 gen, was aus den vielen schönen Hoffnungen dereinst werden wird
1860 2881 3076 2930 unbegreiflichen Ehrgeiz besitzt, überall wo etwas Neues los
622 2898 1841 2958 und kann, die mit unserer deutsch=türkischen Freundschaft ausgesät
1857 2934 3089 2996 ist dabei sein zu müssen, sehr viel Unbequemes, ja es ist ihm
621 2946 1843 2983 worden sind. Die Anlagen des Türkenvolkes sind zweifellos gute.
1861 2973 3076 3044 sogar unmöglich gemacht, diesem seinen für Theaterkassen
612 2988 1843 3059 Seine stramme Enthaltsamkeit von allen geistigen Getränken hat es
1866 3030 3080 3090 so willkommenen Ehrgeiz frönen zu können. Die Kritik aber,
621 3042 1834 3104 bewahrt von dem Schlamme der Folgen, unter denen unser deutsches
1860 3078 3073 3137 die nun wirklich und leider überall dabei sein soll, muß wohl
615 3094 1840 3146 Vaterland leidet und so lange leiden wird, bis es sich nicht selber vom
1858 3129 3089 3194 oder übel ein Nacheinander eintreten lassen und sich selbst
623 3147 1847 3196 Joche des Alkoholismus befreit — und zwar radikal! So ist denn
1856 3176 2822 3228 Uraufführungen hübsch nach der Reihe ansehen.
616 3191 1839 3230 anzunehmen, daß gerade diese unsern Neid erweckende mohammeda¬
1951 3230 3021 3287 Wie auf Verabredung — und es gab sicher keine“
621 3239 1838 3283 nische Volkstugend dem Türkenvolk und damit dem gesamten Islam
1865 3273 3082 3321 ließ der gesamte kritische Areopag die literarische Urauffüh¬
616 3291 1776 3332 in einem dauernden Verjüngungsprozeß zugute kommen werde.
1860 3329 3070 3383 rung eines neuen Schnitzlerschen Dramas im Kgl. Residenz¬
693 3347 1834 3398 Das aber ist das Problem des Islams schlechthin, ob er in sich
1861 3375 3078 3417 theater links liegen und begad  sichehinüber an die andere
614 3404 1842 3442 die Keime einer nach Verjüngung und Ethisierung in sich trägt oder
1863 3423 3079 3485 Seite der Maximilianstraße, um dabei zu sein als das aus
609 3449 1830 3498 entwickeln kann. Noch ist er viel zu sehr von der Macht der Geist¬
1861 3461 3072 3540 der „Jugend“ sattsam bekannte Karlchen mit einem Erst¬
618 3497 1836 3553 lichkeit abhängig, selbst unter den Jungtürken hat die konservative
1862 3513 3088 3585 lingsstücke die weltbedeutenden Bretter betrat. Wir wissen
611 3546 1831 3599 Richtung gesiegt, über welchen Sieg der von Dr. Jäckh noch so sehr
1857 3581 3079 3631 natürlich die Gründe einer so seltenen Einmütigkeit nicht, ver¬
612 3591 1837 3654 gerühmte jugendliche Finanzminister Dschawid Bey zu Fall kam.
1859 3622 3068 3680 muten aber, daß die Herren an jenem Abend im Schauspiel¬
604 3647 1832 3699 Aus dem noch das Wesen des Islams ausmachenden kultischen Ele¬
1855 3666 3081 3729 hause etwas Amüsanteres erwartet haben, als ihnen drüben
606 3695 1832 3749 ment muß sich der Islam noch weit mehr, als bereits der Fall, hin¬
1859 3713 3078 3781 im Residenztheater geblüht hätte. Mit dieser feinen Witterung
608 3746 1826 3804 durchringen zu einer Ethisierung, Laisierung und Liberalisierung.
1858 3767 3067 3815 haben sie auch recht behalten. Schnitzlers fünfaktige Tragi¬
610 3798 1827 3866 Ob er das kann, wird sich zeigen. Im Schoße der Familie nüßte der
1858 3812 3078 3876 komödie „Das weite Land“ ist nicht nur ein fürchterlich
616 3827 1088 3898 Anfang gemacht werden.
1866 3852 3070 3922 langes, sondern leider auch ein ziemlich langweiliges Stück.
694 3872 1828 3949 Und dann bekommt das Problem „Kreuz und Halbmond“ csse¬
1860 3911 3071 3973 Warum soll man sich scheuen, dies ehrlich auszusprechen? Da
616 3944 1835 4023 der einen neuen Sinn, den es bisher in der Geschichte noch niemals
1865 3958 3077 4017 Schnitzler sich doch nicht scheut, von den gerade nicht sehr
631 3985 1836 4074 gehabt hatte. Dann wäre ein Wettkampf zwischen Islam und Chri¬
1836 3987 3085 4087 steilen, aber angenehmen Höhen seiner „Liebelei“ in dieses
3072 2505 3134 2552 82
