3296 4128
564 99 634 158 71
708 98 789 160 W
307 90 1261 209 24 ite Land
1426 106 1861 195 box 29/6
191 940 542 1023 courant à Tau¬
558 950 1585 1059 terait difficilement. Nous verrons tout à
203 1010 551 1074 se heurtent, et
1711 991 2750 1098 Quelquefois il me fait vraiment de la peine.
557 1011 1598 1106 Theure une mère qui,faisant visite à une femme
2774 1028 3299 1120 Genia a écouté fort tra
180 1047 548 1129 ncore. La piece
1707 1053 2736 1147 Vraiment, docteur, je pense souvent que c’est
560 1076 1597 1160 qu'elle croit la maitresse de son fils, lui expli¬
2746 1070 3295 1162 tout à coup; ollo se 80
197 1101 391 1168 le vrai.
1704 1104 2325 1179 un démon qui le pousse."
565 1128 1588 1206 que tout au long les sentiments qu'elle a pour
2737 1136 3304 1209 Mme Wahl a en tout de st
188 1141 546 1228 as de caraclère
1747 1153 2743 1231 Sa punition sera d’aimer sans s’attacher, cf.
556 1176 1587 1251 elle, et comment, ne pouvant que l’aimer on la
2736 1186 3295 1265 mander cs qu’étaient dev
183 1202 541 1265 er. Ce riche in¬
1696 1203 2732 1283 de s’écrier à la fin que tout est illusion. Voilà
558 1211 1589 1302 hair, elle a choisi'de l’aimer, pour l’amour de
2737 1233 3304 1309 domostique lés à rappo
186 1242 541 1316 onds soient déja
1702 1246 2565 1330 Thomme; voyons maintenant la piéce.
552 1267 1590 1331 son enfant. Ge sont de ces choses qui s’enten¬
2740 1279 3298 1353 Frédéric en fume un, et fl
191 1294 545 1369 femmes etilen
1736 1298 2724 1390 Ilest, àrept lieues au sud de Vienne, unc sta¬
552 1320 1590 1398 dent ordinairement à demi-mot, et que, de co
2742 1331 3298 1398 Celui-ci l'allume et s’en
183 1349 538 1422 ébut de la pièce,
1701 1348 2720 1435 tion d’eaux sulfureuses qui se nommo Baden.
551 1370 1590 1453 côté du Rhin et des Alpes, les mères ne croient
2736 1381 3293 1446 femme restent seuls. II n
181 1393 545 1461 égant, pas tres
1696 1397 2728 1489 Les Hofrciter y ont une villa. C’est dans le jar¬
542 1407 1046 1478 pas devoir oxpliquer.
2745 1430 3297 1498 turel et de plus paisible g
189 1445 537 1512 t un bellätre; il
1691 1450 2725 1516 din de cette villa que se passe le premier acte:
591 1456 1597 1543 Hofreiter explique donc à Adele les nouveaux.
2743 1478 3296 1553 Et tout à coup le drame 6
181 1490 539 1559 rochés; il porte
1686 1481 2733 1575 jardin entouré seulement d’une barrière de
542 1507 1591 1598 transports qulil ressent pour une autre. Adelo
2771 1525 3296 1595 Frédéric doit aller en
181 1542 542 1606 efréquemment:
1695 1545 2727 1618 bois peint en vert et que longe une route. Los
550 1553 1585 1626 Jui répond avec calme: 4 Je ne te comprends
2731 1571 3298 1648 faires, II propose à sa fem
170 1585 532 1658 Sa façon de par¬
1685 1589 2724 1677 amis disent bonjour par-dessus la barrière, et
553 1607 1590 1680 vraiment pas. II y a pourtant autre chose auf
2731 1620 3294 1689 Elle refase. Elle craint la
177 1637 534 1703 féminine; mais
1682 1626 2724 1728 ils entrent. C’est Mme Wahl et sa üille Erna;
550 1655 1585 1737 monde que les femmes. : — Oui, répond-il, i!
2735 1665 3301 1749 fère s’installer près de so
196 1685 532 1753 en un accent
1692 1693 2731 1769 c’est un jeune enseigne, Otto von Aigner; c’ost
542 1708 1582 1770 Fales pauses entre un amour et un antre.
2732 1707 3306 1788 sos études on Angleterre.
174 1732 532 1811 bments sont sou¬
1679 1721 2711 1813 le docteur Mauer, Hofreiter est en ville
546 1751 1574 1820 Elles ne sont pas sans intérét. Quand onale
2722 1774 3305 1844 II se tait. Puis tout à coup
1677 1793 2717 1857 pour l’enterrement d’un de ses amis, le
550 1793 1576 1883 temps, et qu'on est d’humeur à cela, on cons¬
2731 1807 3291 1890 sals peut-être pourquoi
152 1809 534 1904 r, la femme du
1675 1831 2710 1925 pianiste Korsakow, qui s’est suicidé. Co sui¬
541 1845 1570 1912 truit des fabriques, on conquiert des pays, on
2791 1862 3305 1944 Quc signifie cette quosti
158 1874 533 1944 vec elle. II est
1677 1893 2706 1965 cide est le sujet des propos. On dit que le pia¬
543 1891 1569 1963 écrit des symphonies, on devient millionnaire.
2719 1915 3306 1992 quillement. Tu sais que
173 1929 529 1997 C’est la l’essen¬
1683 1931 2712 2026 niste s’est tué par orgueil: on lui reprochait de
538 1948 1571 2022 Mais, crois-moi, tout cela est laccessoire. Le
2718 1971 3298 2036 que toi. — Alors, repren
166 1972 524 2045 hloins un homme
1668 1970 2711 2066 ne bien jouer que Schumann et Chopin. La
533 1997 1347 2070 principal c’est vous, vous, vous
2724 1998 3304 2079 tut’éloigner de moi, ains
162 2027 529 2094 ür qui gague und
1678 2042 2704 2118 veille, il avait joué au billard avee Hofreiter:
571 2041 1571 2127 Cette frénésie chez cet hommme almablo
2723 2055 3304 2124 main?  Elle nie, olle se dé
164 2076 526 2146 lairage électri¬
1678 2077 2709 2150 il avait gagné une hoite de cigares. Lo lon¬
534 2093 1569 2171 nous avertit encore que nous sommes dans un
2718 2100 3293 2179 biais. II pose enfin bruta
174 2120 525 2190 td’une liaison:
1673 2123 2700 2205 demain, le domestique va lui porter les ci¬
539 2141 1561 2216 autre pays. Un séducteur allemand est tou¬
2716 2149 3297 2223 & Etait-il ton amant, ou nor
166 2174 523 2236 nt. — Qu'est-co
1668 2174 2699 2277 gares et le trouve mort, lo rovolver à la
534 2188 1571 2273 Jours grave par quelque côté. Quand Adele
2703 2200 3305 2270 n’était pas mon amant. II
167 2218 530 2292 resse abandon¬
525 2242 1562 2312 répond à Hofreiter:  Et dire que des gens
2704 2246 3305 2318 ment pas mon amant. Cela
165 2268 522 2329 fois! — Tul'as
1702 2241 2725 2354 Hofreiter revient, et, comme tout le monde,
538 2281 1566 2347 vons prennent pour un homme sérieux!, Ho¬
2746 2308 3305 2373 — 4 Malheureusemont, 1
171 2309 525 2383 mais je l’étais
1666 2298 2700 2386 il parle de Tenterrement. Hs’éionne-du-¬
526 2333 1565 2415 freiter réplique: & Ce que je viens de vous dire
2706 2334 3293 2412 uireprend-to-Me#
158 2364 526 2436 je saurais étre
1672 2365 2695 2442 cide. Non, ce n’est pas par vanité qu'un garçon
526 2385 1556 2470 est-il donc si plaisant!. La femme de Hofrei¬
2703 2390 3294 2451 étais done sa maitresse. Qu
158 2413 524 2481 nt fait. C’est à
1675 2411 3302 2509 si intelligent s’est tué. & Jouer du piano n’étaittu as rompu, etil s’est tuc.
526 2420 1559 2506 ter, Genia, ne pense pas autrement. Un vieil
157 2462 523 2532 ir jeune.Dois-je
1660 2457 3303 2552 pour lui que l’accessoire. Avez-vous idée de, Lis:, répond simplement#
529 2482 1556 2566 ami, le docteur Mauer, qui lui non plus
157 2513 532 2592 tout mon passé
1675 2516 2692 2591 tout coqui l’intéressait! Il possédait sur le bout
524 2535 1557 2605 ne laisse pas échapper und occasion de man¬
2695 2537 3304 2609 la dernière lettre du malh
163 2563 516 2636 a vie et l’amour
1665 2569 2699 2644 du doigt Kant, Schopenhauer et Nietzsche, et
530 2572 1554 2653 quer de lact, vient de lui dire combien son
2699 2582 3294 2661 & Adieu, Genia, dit cette lett
1672 2611 2682 2684 Marx et Proudhon aussi. C’était fabuleux. Jo
516 2634 1563 2699 sentiment de la justice supportait mal qu’ello
2693 2636 3304 2703 être raison quand vonsV
164 2634 519 2724 d’entendre un
1670 2657 2684 2732 sais qui je choisis pour causer... Et, avec cela,
529 2671 1553 2749 ne trompät point son mari, et que Hofreiter
2698 2686 3305 2754 veeux. Nous n’étions pas
143 2710 521 2775 ces termes à la
1658 2716 2692 2783 six heures d’exercices par jour. Od prenait-il
520 2725 1556 2795 menät sa vio sans l’expier. Genia répond:
2701 2738 3305 2806 songe... Moipeut-être, vous
1660 2743 2692 2838 le temps pour toutl.,, Et vingt-sept ans! Et il se
144 2758 524 2820 ant cette mal¬
526 2777 1557 2849 4 Etqui vous dit, mon cher docteur, que Frédé¬
2706 2773 3293 2854 vous ne voulez pas le quitte
1655 2801 2688 2887 tue. Seigneur Dieu, un garçon qui avait tout
147 2814 1545 2896 faut en prendre ric ne paye pas? Faut-il donc que ce soit de la
2703 2830 3286 2899 à cette heure. Vous l'aimez,
1660 2842 2679 2925 pour lui.,. Jeune et illustre, très joli garçon,
155 2864 1553 2942 ges ont le cceurI mème monnaie? Il paye déja, à sa façon. II
2705 2875 3296 2955 toujours votre mari. Volla
1671 2901 2688 2984 en outre, etil se brüle la cervelle. Qu’un viell
149 2913 1550 2994 leur simplicité n’est pas si heureux quo vous le croyez. II n’est
2688 2905 2928 2990 nigme. .
1665 2944 2690 3043 Ane fasse cela, à qui la vie n'a plus rien A of¬
145 2960 1547 3045 ançais suppor-Jpas si heureux que lui-mème le croit souvent.
2725 2956 3304 3046 Sans doute, Genia aime
1646 2990 2351 3085 frir.,. Mais justement celul...
2684 3019 3304 3108 Nous le savions déja. An d
