3392 4352
1333 131 1796 244 box 29/2
206 137 1196 255 24. Das weiteLand
602 1180 1132 1271 goldene Hochzeit fetern.
2914 1199 3241 1292 som unerDe
1592 1220 3292 1342 tanzte: die Damen im Biedermayerkostüm, hiebei war dem Paar Hoppe O
1593 1283 3298 1382 die Herren teils in historischen Unisormen, Else, Troppau, der zweite dem lich
602 1308 3296 1449 einer stilvollen Einheitlichkeit der äußeren teils in Liedermayertracht. Über allgemeinen bewunderten künstkerischen Paar K
608 1368 2567 1482 Eleganz, um für das von Schnitler gewollte] Wunsch mußte das Menuett später nochmals
2558 1416 3261 1493 Balusek, Olmütz, beschieden.
610 1413 2556 1515 Milieu die richtige gese schaftliche Atmosphäre! getanzt werden. Das Vortänzerkomitee bestand
2552 1461 3271 1542 wortliche und schwierige Amt des
614 1479 1599 1545 zu schafsen. Der Hofreiier des Herrn Karl
1584 1487 2563 1565 aus folgenden Damen und Herren: Fräulein
2550 1513 3289 1593 ters oblag dem Eiswart des Ol
611 1528 1592 1599 Trimbacher suchte und fand seine Wir¬
1589 1540 2561 1629 Frieda Molitor mit Herrn Oberleutnant
2546 1564 3275 1647 lausvereines und Sportwart des
615 1579 1590 1645 kungen vorwiegend durch die Energie des
1592 1590 2560 1671 Baron Mac=Nevin, Frl. Marta Schut¬
2549 1624 3292 1705 kes „Sudetenländer“ Herrn Huber
605 1627 1587 1695 organischen Ausdruckes. Die in ihrer ganzen
1592 1642 3295 1746 terstein mit Herrn Leutnant Graf während sich in die gleich müher#
620 1675 1591 1736 Anlage sehr gut sundierte Genia des Frl.
1575 1683 2559 1758 Della Scala, Frl. Eise Langer mit
2553 1724 3279 1805 Arbeit des Preisrichteramtes die
615 1730 2561 1830 Grünwald schien mir an den Orten der„Herrn Leutnant Schiffrer, Frl. Maria#ne
2547 1770 3297 1863 ritz Otto Förster (B.=E.=V.), Rud
605 1786 1576 1853 großen Affekte in den letzten zwei Akten nicht
1576 1779 3253 1903 Kühn mit Herrn Leutnant Kotulski, (O.=E.=V.), Ing. Erich Bartel
604 1833 1593 1908 ganz zulänglich — vielleicht nur deshalb, weil
1573 1860 3265 1941 Frl. Lily Ambros mit Herrn Tierarzt Mar Schindler (T.=E.=V.), Hans
609 1896 1591 1958 ich noch die elementaren Schreie der Frau
1578 1911 3268 2028 Turba, Frl. Olga Ambros mit Herrn] E.=V.) und Rudolf Wenzel
604 1932 1579 2009 Metternich=Wallentin im Ohre
1588 1955 2725 2061 Leutnant Kloß, Frl. Anna Schöbl mit teilten.
605 1980 1586 2066 habe. Der Dr. Mauer des Herrn Labatt
1579 1998 2547 2081 Herrn Einjährig=Freiwi igen Weiß, Frl.
2642 2002 3198 2107 (Volkshochschulkturs —
598 2028 1573 2113 war trotz sei er hervorlugenden Jugendlichkeit
1582 2056 3272 2156 Margit Vorga mit Herrn Lentnant Heute Abend spricht Herr Dozent 1
603 2095 1572 2162 von bestem Eindruck. Der elegante Otto Mein¬
1573 2109 2555 2191 Schmidl, Frl. Frenzi Schwab mit Herrn
2548 2133 3281 2200 mann über „Verwaltung der deutsch
595 2137 1574 2221 hold des Herrn Götz, der sehr klug erfaßte,
1577 2157 2551 2236 Ingenieur Hoffmann, Frl. Mimi Rei¬
2632 2173 3278 2262 (Das Konzert Burmester) si
594 2191 1571 2279 wenn auch mit Eierspeisen ein wenig über¬
1572 2210 3271 2300 chert mit Herrn Oberleutnant §ibrava,ltag, den 18. Februar, nachmit
610 2232 1575 2322 extemporierte Paul Kreindl des Herrn Froon,
1568 2254 2549 2334 Frl. Lotte Weigel mit Herrn Wilhelm
2538 2273 3287 2350 im städt. Redontensaale statt. Vorve##
603 2288 1575 2377 der glänzend chargierte Rhon des Herrn Hel¬
1569 2325 3272 2403 Knauer, Frl, Grete Münster mit Herrn Buch= und Musikalienhandlung Adol#
604 2341 1572 2423 mer, hann die Figuren der Frau Alberty,
1577 2371 3204 2444 Leutnant Ritter v. Benigni, Frl. Ritschi Theresiengasse. (Telephon 347.)
593 2390 1574 2473 des Frls. Liebwalt und des Herrn
1571 2407 2552 2498 Scheff mit Herrn Fähnrich Schmid, Frl.
2592 2424 3288 2498 (Aus dem Stadtverordneten¬
607 2440 1575 2527 Paulmann wirkten gleichfalls gut im
1567 2458 3253 2540 Laura Obransky mit Herrn Richard] Die Tagesordnung der heutigen
596 2494 1581 2589 Geiste der Dichtung. Herr Paulmann
1574 2520 2552 2601 Mader, Frl. Berta v. Chmekarz mit
2534 2524 3279 2599 Stadtverordneten=Kollegiums ist n#
599 2535 1580 2640 hatte diesmal, besonders im ersten Akte, für
1576 2578 3279 2660 Herrn Leutnant Oktabec, Fräul. Ida Bericht des Gemeinderates über
595 2604 1474 2703 die besten Szenen=Effekte Sorge getragen.
1570 2629 3280 2705 Koblitz mit Herrn Johann Rupprecht, suchen der Gemeinde Neretein bets
1564 2674 2961 2738 Frl. Trude Lewith mit Herrn Leutnant trische Beleuchtung.
3032 2678 3272 2765 Bericht b
1399 2668 1543 2775 —ch
1568 2727 3241 2796 Voigt und Frl. Hilda Haas mit Herrnj Unterfertigung einer Urkunde. —
1566 2775 2538 2849 Oberleutnant Lernet. Alsbald entwickelte
2537 2791 3269 2869 Gemeindeeates in einer Grundan
1572 2829 3225 2913 sich ein frohes Ba#treiben, das, aufgemuntert — Statthalterei=Entscheidunge..
