<?xml version="1.0" encoding="UTF-8" standalone="yes"?>
<PcGts xmlns="http://schema.primaresearch.org/PAGE/gts/pagecontent/2013-07-15" xmlns:xsi="http://www.w3.org/2001/XMLSchema-instance" xsi:schemaLocation="http://schema.primaresearch.org/PAGE/gts/pagecontent/2013-07-15 http://schema.primaresearch.org/PAGE/gts/pagecontent/2013-07-15/pagecontent.xsd">
    <Metadata>
        <Creator>prov=University of Rostock/Institute of Mathematics/CITlab/Gundram Leifert/gundram.leifert@uni-rostock.de:name=ONB_Newseye_GT_M1+(htr_id=10810)::::v=2.4.2
prov=University of Rostock/Institute of Mathematics/CITlab/Tobias Gruening/tobias.gruening@uni-rostock.de:name=de.uros.citlab.module.baseline2polygon.B2PSeamMultiOriented:v=2.4.2
prov=University of Rostock/Institute of Mathematics/CITlab/Tobias Gruening/tobias.gruening@uni-rostock.de:name=/mnt/transkribus/LA/DEA/URO/LA_news_onb_att.pb:de.uros.citlab.segmentation.CITlab_LA_ML:v=2.4.2
Transkribus</Creator>
        <Created>2019-10-07T11:15:43.611+02:00</Created>
        <LastChange>2019-10-08T07:01:05.434+02:00</LastChange>
        <TranskribusMetadata docId="223964" pageId="9498342" pageNr="754" tsid="16505309" status="IN_PROGRESS" userId="40391" imgUrl="https://files.transkribus.eu/Get?id=NCAVWHALXVSNUYXFGLPMWFAS&amp;fileType=view" xmlUrl="https://files.transkribus.eu/Get?id=CTVNDZDAZAANBZLRFPECAUJF" imageId="6188568"/>
    </Metadata>
    <Page imageFilename="223964_0754.jpeg" imageWidth="3392" imageHeight="4320">
        <ReadingOrder>
            <OrderedGroup id="ro_1711442056721" caption="Regions reading order">
                <RegionRefIndexed index="0" regionRef="r1"/>
                <RegionRefIndexed index="1" regionRef="r2"/>
            </OrderedGroup>
        </ReadingOrder>
        <TextRegion orientation="0.0" id="r1" custom="readingOrder {index:0;}">
            <Coords points="292,134 292,3995 2942,3995 2942,134"/>
            <TextLine id="r1l1" custom="readingOrder {index:0;}">
                <Coords points="998,184 1014,186 1029,197 1071,197 1078,124 1062,122 1045,133 1038,133 1030,122 1004,120"/>
                <Baseline points="1013,188 1057,192"/>
                <TextEquiv>
                    <Unicode>I.</Unicode>
                </TextEquiv>
            </TextLine>
            <TextLine id="r1l2" custom="readingOrder {index:1;}">
                <Coords points="278,166 325,195 471,174 543,218 1188,244 1250,238 1255,155 281,117"/>
                <Baseline points="296,154 342,160 389,167 436,172 483,177 530,181 577,185 624,188 671,191 718,194 765,197 811,199 858,202 905,204 952,206 999,207 1046,209 1093,211 1140,213 1187,215 1234,216"/>
                <TextEquiv>
                    <Unicode>24. Das veite Lang</Unicode>
                </TextEquiv>
            </TextLine>
            <TextLine id="r1l3" custom="readingOrder {index:2;}">
                <Coords points="1381,212 1414,210 1439,234 1497,220 1574,242 1610,227 1671,249 1713,228 1803,244 1830,223 1872,228 1874,173 1794,147 1639,157 1586,178 1558,154 1490,168 1458,147 1383,157"/>
                <Baseline points="1399,202 1424,203 1449,204 1475,206 1500,207 1525,209 1551,210 1576,211 1602,213 1627,213 1652,215 1678,216 1703,217 1729,217 1754,218 1779,218 1805,218 1830,218 1856,218"/>
                <TextEquiv>
                    <Unicode>box 29/5</Unicode>
                </TextEquiv>
            </TextLine>
            <TextLine id="r1l4" custom="readingOrder {index:3;}">
                <Coords points="1709,361 2949,383 2921,324 2588,351 2205,296 2139,339 1843,293 1710,325"/>
                <Baseline points="1726,358 1786,359 1846,360 1906,362 1967,363 2027,365 2087,366 2148,368 2208,370 2268,372 2329,374 2389,376 2449,377 2509,379 2570,380 2630,382 2690,383 2751,384 2811,385 2871,385 2932,386"/>
                <TextEquiv>
                    <Unicode>du ten wi. en mi. der dislung undekannnn, undermuteten</Unicode>
                </TextEquiv>
            </TextLine>
            <TextLine id="r1l5" custom="readingOrder {index:4;}">
                <Coords points="342,390 2695,444 1468,322 343,338"/>
                <Baseline points="358,376 474,376 590,377 706,378 822,379 938,381 1054,384 1170,387 1286,390 1402,393 1518,397 1634,401 1750,404 1866,408 1982,412 2098,415 2214,418 2330,421 2446,424 2562,426 2678,428"/>
                <TextEquiv>
                    <Unicode>ei.kommen. Sie schildern sich unfähig in Beruf und Geeuschaft, in Ursache auch das Leiden selbst gesundet werden kann.</Unicode>
                </TextEquiv>
            </TextLine>
            <TextLine id="r1l6" custom="readingOrder {index:5;}">
                <Coords points="356,436 379,433 388,443 411,441 420,451 433,451 440,445 479,450 480,398 458,397 449,387 439,393 426,390 413,396 406,389 377,398 358,397"/>
                <Baseline points="371,434 401,435 432,435 463,438"/>
                <TextEquiv>
                    <Unicode>jetzt</Unicode>
                </TextEquiv>
            </TextLine>
            <TextLine id="r1l7" custom="readingOrder {index:6;}">
                <Coords points="323,476 339,477 348,487 379,499 389,493 405,498 415,489 438,490 462,515 482,516 486,449 429,438 390,439 375,424 354,439 325,434"/>
                <Baseline points="338,477 363,478 389,479 415,482 441,483 467,486"/>
                <TextEquiv>
                    <Unicode>ischen</Unicode>
                </TextEquiv>
            </TextLine>
            <TextLine id="r1l8" custom="readingOrder {index:7;}">
                <Coords points="317,550 333,549 352,562 384,539 401,548 413,538 426,545 455,528 468,537 484,537 484,505 468,505 442,489 387,497 364,494 338,478 315,479"/>
                <Baseline points="334,536 360,534 387,532 414,532 441,532 468,534"/>
                <TextEquiv>
                    <Unicode>ig und</Unicode>
                </TextEquiv>
            </TextLine>
            <TextLine id="r1l9" custom="readingOrder {index:8;}">
                <Coords points="470,607 2957,633 2687,492 476,443"/>
                <Baseline points="489,579 611,580 734,582 856,585 979,588 1102,593 1224,597 1347,602 1470,607 1592,613 1715,618 1838,623 1960,628 2083,633 2206,637 2328,641 2451,644 2574,646 2696,648 2819,648 2942,647"/>
                <TextEquiv>
                    <Unicode>Eine Stunde mit Firmin Gemier.</Unicode>
                </TextEquiv>
            </TextLine>
            <TextLine id="r1l10" custom="readingOrder {index:9;}">
                <Coords points="391,639 417,639 423,633 433,633 449,649 465,649 465,591 449,591 442,584 426,584 420,591 413,588 407,594 391,594"/>
                <Baseline points="408,624 450,624"/>
                <TextEquiv>
                    <Unicode>zu</Unicode>
                </TextEquiv>
            </TextLine>
            <TextLine id="r1l11" custom="readingOrder {index:10;}">
                <Coords points="338,687 354,687 363,677 409,683 431,680 438,687 460,687 460,635 425,632 415,641 405,632 402,635 392,629 376,632 357,648 337,648"/>
                <Baseline points="355,675 385,669 415,671 445,673"/>
                <TextEquiv>
                    <Unicode>und</Unicode>
                </TextEquiv>
            </TextLine>
            <TextLine id="r1l12" custom="readingOrder {index:11;}">
                <Coords points="330,710 346,710 359,723 375,727 385,736 394,727 411,727 417,734 424,727 427,731 449,731 450,679 408,685 399,678 353,678 350,674 347,678 331,677"/>
                <Baseline points="347,716 376,716 405,717 434,717"/>
                <TextEquiv>
                    <Unicode>Nun</Unicode>
                </TextEquiv>
            </TextLine>
            <TextLine id="r1l13" custom="readingOrder {index:12;}">
                <Coords points="458,733 2872,809 2933,704 461,630"/>
                <Baseline points="474,712 596,712 718,713 840,715 962,718 1084,720 1206,723 1328,727 1450,730 1572,735 1694,738 1816,742 1938,747 2060,751 2182,754 2304,758 2426,761 2548,764 2670,766 2792,768 2914,769"/>
                <TextEquiv>
                    <Unicode>Internationale Beethoven=Feier in Paris. — Die Riesenbühne der</Unicode>
                </TextEquiv>
            </TextLine>
            <TextLine id="r1l14" custom="readingOrder {index:13;}">
                <Coords points="313,767 371,775 384,763 393,773 425,784 445,768 471,772 472,727 450,726 437,736 427,729 414,732 405,725 359,723 347,716 337,722 314,722"/>
                <Baseline points="328,763 353,764 378,764 404,765 429,766 455,768"/>
                <TextEquiv>
                    <Unicode>ch im</Unicode>
                </TextEquiv>
            </TextLine>
            <TextLine id="r1l15" custom="readingOrder {index:14;}">
                <Coords points="810,824 903,805 942,818 994,808 1036,831 1152,815 1152,740 1110,747 1055,724 1029,737 1004,727 991,740 952,724 900,737 810,724"/>
                <Baseline points="826,797 851,797 877,797 903,797 929,796 955,796 981,796 1006,795 1032,796 1058,796 1084,796 1110,798 1136,799"/>
                <TextEquiv>
                    <Unicode>Zukunft.</Unicode>
                </TextEquiv>
            </TextLine>
            <TextLine id="r1l16" custom="readingOrder {index:15;}">
                <Coords points="310,827 332,831 343,822 375,821 403,833 420,824 445,842 461,843 465,789 445,791 433,777 404,778 385,767 368,776 346,771 329,779 313,778"/>
                <Baseline points="326,809 356,809 387,812 417,815 448,815"/>
                <TextEquiv>
                    <Unicode>Seine</Unicode>
                </TextEquiv>
            </TextLine>
            <TextLine id="r1l17" custom="readingOrder {index:16;}">
                <Coords points="1200,808 2568,868 2570,797 2429,770 1202,759"/>
                <Baseline points="1218,798 1284,802 1351,806 1418,809 1484,812 1551,815 1618,817 1684,820 1751,822 1818,824 1885,826 1951,828 2018,829 2085,831 2151,832 2218,834 2285,835 2351,836 2418,838 2485,839 2552,841"/>
                <TextEquiv>
                    <Unicode>- Artur Schnitzler im Odéontheater.</Unicode>
                </TextEquiv>
            </TextLine>
            <TextLine id="r1l18" custom="readingOrder {index:17;}">
                <Coords points="306,890 342,885 348,892 368,884 387,895 410,883 416,887 450,866 469,871 471,839 455,838 436,823 410,831 372,819 340,821 333,827 310,825"/>
                <Baseline points="324,859 349,859 375,861 400,862 426,864 452,867"/>
                <TextEquiv>
                    <Unicode>=Oper</Unicode>
                </TextEquiv>
            </TextLine>
            <TextLine id="r1l19" custom="readingOrder {index:18;}">
                <Coords points="1145,896 2171,938 2200,855 1148,815"/>
                <Baseline points="1161,884 1212,884 1263,884 1314,885 1365,885 1416,887 1467,889 1518,890 1569,893 1620,895 1671,898 1722,900 1773,902 1824,904 1875,906 1926,908 1977,909 2028,911 2079,912 2130,912 2181,912"/>
                <TextEquiv>
                    <Unicode>Von unserem Korrespondenten C. Benedek.</Unicode>
                </TextEquiv>
            </TextLine>
            <TextLine id="r1l20" custom="readingOrder {index:19;}">
                <Coords points="330,970 349,975 356,969 371,981 413,981 434,1000 444,994 460,996 466,935 422,927 405,929 390,918 374,919 359,908 336,906"/>
                <Baseline points="348,965 381,967 414,971 447,974"/>
                <TextEquiv>
                    <Unicode>dem</Unicode>
                </TextEquiv>
            </TextLine>
            <TextLine id="r1l21" custom="readingOrder {index:20;}">
                <Coords points="303,1039 323,1037 332,1045 354,1046 378,1029 394,1030 401,1024 430,1037 441,1050 458,1052 463,984 447,983 433,995 418,980 309,968"/>
                <Baseline points="320,1015 351,1013 382,1015 413,1020 444,1023"/>
                <TextEquiv>
                    <Unicode>terte,</Unicode>
                </TextEquiv>
            </TextLine>
            <TextLine id="r1l22" custom="readingOrder {index:21;}">
                <Coords points="1128,1004 2914,1037 2870,968 1130,929"/>
                <Baseline points="1145,992 1232,995 1320,998 1407,1000 1495,1004 1583,1007 1670,1009 1758,1012 1845,1015 1933,1018 2021,1020 2108,1023 2196,1025 2283,1027 2371,1029 2459,1032 2546,1033 2634,1035 2721,1037 2809,1038 2897,1040"/>
                <TextEquiv>
                    <Unicode>Paris, den 17. März. ein Berliner Gastspiel der Comédie Française, natürlich mit den</Unicode>
                </TextEquiv>
            </TextLine>
            <TextLine id="r1l23" custom="readingOrder {index:22;}">
                <Coords points="555,1043 1110,1052 1142,1046 1144,969 986,962 940,996 828,965 740,985 556,972"/>
                <Baseline points="570,1029 597,1028 625,1028 653,1028 681,1028 709,1028 737,1029 765,1029 793,1030 821,1031 849,1032 876,1033 904,1033 932,1034 960,1035 988,1036 1016,1037 1044,1037 1072,1038 1100,1038 1128,1038"/>
                <TextEquiv>
                    <Unicode>„Das Beethoven=Zentenarium</Unicode>
                </TextEquiv>
            </TextLine>
            <TextLine id="r1l24" custom="readingOrder {index:23;}">
                <Coords points="1129,1060 1294,1046 1336,1064 1372,1045 1574,1071 1643,1038 1679,1049 1680,1013 1644,1002 1466,1019 1409,1001 1131,999"/>
                <Baseline points="1146,1040 1171,1042 1197,1043 1223,1044 1249,1045 1275,1046 1300,1047 1326,1048 1352,1049 1378,1049 1404,1050 1429,1051 1455,1051 1481,1052 1507,1053 1533,1054 1558,1054 1584,1056 1610,1056 1636,1057 1662,1059"/>
                <TextEquiv>
                    <Unicode>kommt mir wie gerufen“</Unicode>
                </TextEquiv>
            </TextLine>
            <TextLine id="r1l25" custom="readingOrder {index:24;}">
                <Coords points="358,1057 374,1058 389,1072 396,1072 399,1076 409,1073 450,1076 454,1028 434,1027 421,1035 409,1025 402,1024 360,1028"/>
                <Baseline points="375,1062 405,1064 435,1066"/>
                <TextEquiv>
                    <Unicode>ein</Unicode>
                </TextEquiv>
            </TextLine>
            <TextLine id="r1l26" custom="readingOrder {index:25;}">
                <Coords points="1671,1070 2921,1086 2922,1037 1673,1018"/>
                <Baseline points="1689,1059 1749,1061 1810,1063 1871,1065 1932,1067 1993,1069 2054,1071 2114,1073 2175,1075 2236,1076 2297,1078 2358,1079 2419,1081 2480,1082 2540,1083 2601,1085 2662,1086 2723,1087 2784,1088 2845,1089 2906,1090"/>
                <TextEquiv>
                    <Unicode>möglichst besten Kräften. Nun ist es aber äußerst schwierig, ein</Unicode>
                </TextEquiv>
            </TextLine>
            <TextLine id="r1l27" custom="readingOrder {index:26;}">
                <Coords points="448,1080 587,1078 638,1102 716,1082 938,1105 984,1083 1012,1110 1149,1095 1141,1036 450,1028"/>
                <Baseline points="463,1071 496,1072 530,1072 563,1074 597,1075 630,1076 664,1077 697,1078 731,1080 764,1081 798,1082 832,1083 865,1084 899,1085 932,1086 966,1087 999,1088 1033,1088 1066,1089 1100,1090 1134,1090"/>
                <TextEquiv>
                    <Unicode>meinte Firmin Gémier, der weitaus</Unicode>
                </TextEquiv>
            </TextLine>
            <TextLine id="r1l28" custom="readingOrder {index:27;}">
                <Coords points="1134,1095 1667,1119 1669,1041 1649,1037 1597,1065 1136,1050"/>
                <Baseline points="1150,1092 1175,1092 1200,1093 1225,1093 1250,1094 1275,1094 1300,1094 1325,1095 1350,1096 1375,1097 1400,1098 1425,1098 1450,1099 1475,1100 1500,1100 1525,1101 1550,1102 1575,1103 1600,1103 1625,1103 1650,1103"/>
                <TextEquiv>
                    <Unicode>begabteste Theatermann der</Unicode>
                </TextEquiv>
            </TextLine>
            <TextLine id="r1l29" custom="readingOrder {index:28;}">
                <Coords points="365,1127 410,1124 420,1130 439,1130 439,1075 423,1075 420,1072 417,1075 391,1075 387,1072 384,1075 365,1075"/>
                <Baseline points="380,1116 424,1116"/>
                <TextEquiv>
                    <Unicode>ich</Unicode>
                </TextEquiv>
            </TextLine>
            <TextLine id="r1l30" custom="readingOrder {index:29;}">
                <Coords points="1663,1123 2705,1151 2876,1146 2910,1092 1664,1062"/>
                <Baseline points="1680,1112 1740,1112 1801,1112 1861,1113 1922,1115 1983,1116 2043,1119 2104,1121 2164,1123 2225,1125 2286,1127 2346,1129 2407,1131 2467,1133 2528,1135 2589,1136 2649,1137 2710,1138 2770,1138 2831,1137 2892,1136"/>
                <TextEquiv>
                    <Unicode>gutes französisches Ensemble für ein Auslandgastspiel zusammen¬</Unicode>
                </TextEquiv>
            </TextLine>
            <TextLine id="r1l31" custom="readingOrder {index:30;}">
                <Coords points="443,1133 2903,1195 2904,1137 445,1078"/>
                <Baseline points="461,1124 582,1126 703,1128 825,1131 946,1133 1067,1136 1189,1140 1310,1143 1431,1147 1553,1151 1674,1155 1795,1159 1917,1162 2038,1166 2159,1170 2281,1173 2402,1177 2523,1179 2645,1182 2766,1184 2888,1185"/>
                <TextEquiv>
                    <Unicode>Franzosen, dessen Namen die alte staatliche Bühne des Odéon= zustellen. Unsere besten Schauspieler sind stets vielseitig verpflichtet.</Unicode>
                </TextEquiv>
            </TextLine>
            <TextLine id="r1l32" custom="readingOrder {index:31;}">
                <Coords points="355,1179 371,1180 381,1170 387,1174 416,1175 419,1178 429,1172 449,1176 451,1121 434,1121 421,1130 412,1123 376,1125 357,1121"/>
                <Baseline points="372,1163 403,1164 434,1165"/>
                <TextEquiv>
                    <Unicode>nd</Unicode>
                </TextEquiv>
            </TextLine>
            <TextLine id="r1l33" custom="readingOrder {index:32;}">
                <Coords points="434,1176 2534,1253 2911,1193 435,1124"/>
                <Baseline points="451,1166 573,1169 695,1173 817,1176 939,1180 1062,1183 1184,1187 1306,1191 1428,1195 1550,1199 1673,1203 1795,1208 1917,1211 2039,1215 2161,1218 2284,1221 2406,1224 2528,1227 2650,1230 2772,1231 2895,1233"/>
                <TextEquiv>
                    <Unicode>theaters mit neuem Ruhm bestrahlt. „In Beethoven“, erklärte er, weshalb die französischen Theater zu Auslandgastspielen meisten¬</Unicode>
                </TextEquiv>
            </TextLine>
            <TextLine id="r1l34" custom="readingOrder {index:33;}">
                <Coords points="437,1198 513,1236 1507,1262 1662,1257 1664,1208 437,1176"/>
                <Baseline points="452,1217 511,1218 571,1218 631,1220 691,1221 750,1222 810,1224 870,1226 930,1228 989,1230 1049,1231 1109,1233 1169,1236 1228,1238 1288,1240 1348,1241 1408,1243 1467,1245 1527,1246 1587,1248 1647,1248"/>
                <TextEquiv>
                    <Unicode>sehe ich sowohl den internationalen Künstler, wie auch einen</Unicode>
                </TextEquiv>
            </TextLine>
            <TextLine id="r1l35" custom="readingOrder {index:34;}">
                <Coords points="1669,1257 2895,1299 2923,1232 1670,1212"/>
                <Baseline points="1686,1249 1746,1252 1807,1255 1868,1257 1929,1260 1990,1262 2051,1264 2112,1265 2173,1267 2234,1268 2295,1269 2355,1270 2416,1272 2477,1273 2538,1274 2599,1275 2660,1276 2721,1277 2782,1278 2843,1279 2904,1281"/>
                <TextEquiv>
                    <Unicode>teils mit einer sehr mäßigen Truppe eintreffen. Mein Repertoire</Unicode>
                </TextEquiv>
            </TextLine>
            <TextLine id="r1l36" custom="readingOrder {index:35;}">
                <Coords points="412,1272 1661,1305 1662,1256 414,1217"/>
                <Baseline points="428,1265 488,1265 549,1265 610,1266 671,1268 732,1269 792,1271 853,1273 914,1275 975,1277 1036,1280 1096,1282 1157,1284 1218,1286 1279,1288 1340,1290 1400,1291 1461,1292 1522,1293 1583,1294 1644,1294"/>
                <TextEquiv>
                    <Unicode>Mann des Volkes. Die von der Regierung veranstaltete amtliche</Unicode>
                </TextEquiv>
            </TextLine>
            <TextLine id="r1l37" custom="readingOrder {index:36;}">
                <Coords points="1658,1311 2890,1354 2918,1287 1659,1256"/>
                <Baseline points="1674,1301 1735,1302 1796,1304 1857,1306 1919,1307 1980,1309 2041,1310 2103,1312 2164,1313 2225,1314 2287,1316 2348,1317 2409,1318 2470,1320 2532,1321 2593,1322 2654,1323 2716,1324 2777,1325 2838,1326 2900,1327"/>
                <TextEquiv>
                    <Unicode>für eine Auslandtournee würde im Sinne meines oben erwähnten</Unicode>
                </TextEquiv>
            </TextLine>
            <TextLine id="r1l38" custom="readingOrder {index:37;}">
                <Coords points="420,1329 2913,1341 421,1271"/>
                <Baseline points="435,1310 558,1314 681,1318 804,1322 927,1325 1050,1329 1173,1333 1296,1336 1419,1340 1542,1343 1665,1347 1788,1350 1911,1353 2034,1356 2157,1360 2280,1363 2403,1365 2526,1368 2649,1371 2772,1373 2896,1375"/>
                <TextEquiv>
                    <Unicode>Beethoven=Feier wird am 23. Mai stattfinden. Wie bei allen Grundsatzes in erster Reihe etwas Klassisch-Französisches (etwa</Unicode>
                </TextEquiv>
            </TextLine>
            <TextLine id="r1l39" custom="readingOrder {index:38;}">
                <Coords points="422,1359 2310,1425 2311,1373 2108,1357 423,1327"/>
                <Baseline points="439,1360 531,1362 624,1365 717,1368 810,1370 902,1372 995,1375 1088,1378 1181,1381 1273,1383 1366,1386 1459,1389 1552,1392 1644,1394 1737,1397 1830,1400 1923,1403 2015,1406 2108,1408 2201,1411 2294,1415"/>
                <TextEquiv>
                    <Unicode>ähnlichen Veranstaltungen wird es da wohl elegant und zugleich den „Bourgeois Gentilhomme"),</Unicode>
                </TextEquiv>
            </TextLine>
            <TextLine id="r1l40" custom="readingOrder {index:39;}">
                <Coords points="2347,1418 2405,1436 2609,1414 2679,1438 2725,1420 2915,1437 2916,1385 2897,1381 2348,1370"/>
                <Baseline points="2364,1411 2390,1414 2417,1415 2444,1417 2470,1418 2497,1420 2524,1420 2550,1421 2577,1422 2604,1422 2631,1422 2657,1423 2684,1423 2711,1423 2737,1423 2764,1423 2791,1424 2817,1424 2844,1425 2871,1425 2898,1426"/>
                <TextEquiv>
                    <Unicode>dann aber nebst Tristan</Unicode>
                </TextEquiv>
            </TextLine>
            <TextLine id="r1l41" custom="readingOrder {index:40;}">
                <Coords points="414,1419 2844,1504 2901,1434 416,1358"/>
                <Baseline points="429,1410 551,1413 674,1415 797,1418 920,1421 1042,1425 1165,1428 1288,1432 1411,1435 1533,1439 1656,1443 1779,1446 1902,1449 2024,1453 2147,1456 2270,1460 2393,1462 2515,1465 2638,1468 2761,1470 2884,1472"/>
                <TextEquiv>
                    <Unicode>intim zugehen und daher wird das Fest bloß eine kleine geistige Bernard und Lenormand Theaterstücke unserer jüngsten Bühnen¬</Unicode>
                </TextEquiv>
            </TextLine>
            <TextLine id="r1l42" custom="readingOrder {index:41;}">
                <Coords points="423,1461 1660,1497 1629,1438 425,1416"/>
                <Baseline points="440,1454 500,1457 560,1459 620,1462 680,1464 741,1466 801,1468 861,1470 921,1472 981,1474 1042,1476 1102,1478 1162,1479 1222,1481 1282,1482 1343,1483 1403,1483 1463,1484 1523,1484 1583,1485 1644,1484"/>
                <TextEquiv>
                    <Unicode>Elite in Mitleidenschaft ziehen. Ich meine aber: die wirkliche</Unicode>
                </TextEquiv>
            </TextLine>
            <TextLine id="r1l43" custom="readingOrder {index:42;}">
                <Coords points="1652,1503 2153,1511 2154,1469 2073,1479 2051,1462 1654,1448"/>
                <Baseline points="1669,1494 1695,1493 1721,1493 1747,1493 1773,1493 1799,1493 1825,1494 1851,1494 1877,1495 1903,1496 1929,1497 1955,1498 1981,1499 2007,1501 2033,1502 2059,1504 2085,1506 2111,1508 2138,1510"/>
                <TextEquiv>
                    <Unicode>schriftsteller enthalten ..</Unicode>
                </TextEquiv>
            </TextLine>
            <TextLine id="r1l44" custom="readingOrder {index:43;}">
                <Coords points="424,1522 1640,1556 1671,1502 425,1464"/>
                <Baseline points="441,1504 501,1507 562,1510 623,1513 683,1515 744,1516 805,1517 865,1519 926,1520 987,1521 1048,1522 1108,1523 1169,1524 1230,1525 1290,1526 1351,1528 1412,1530 1472,1533 1533,1535 1594,1538 1655,1542"/>
                <TextEquiv>
                    <Unicode>Elite ist die Menge, daher soll meine Beethoven-Feier zugleich zu</Unicode>
                </TextEquiv>
            </TextLine>
            <TextLine id="r1l45" custom="readingOrder {index:44;}">
                <Coords points="1766,1556 2467,1564 2560,1599 2722,1564 2805,1602 2909,1585 2911,1494 2836,1525 2482,1490 2391,1520 2279,1478 1767,1508"/>
                <Baseline points="1782,1543 1837,1545 1893,1546 1948,1547 2004,1549 2059,1551 2115,1553 2170,1555 2226,1557 2281,1558 2337,1560 2392,1562 2448,1563 2503,1565 2559,1566 2614,1567 2670,1567 2725,1568 2781,1568 2836,1568 2892,1567"/>
                <TextEquiv>
                    <Unicode>„Wie denken Sie über die Reform des Theaters und die</Unicode>
                </TextEquiv>
            </TextLine>
            <TextLine id="r1l46" custom="readingOrder {index:45;}">
                <Coords points="432,1566 2382,1623 2206,1553 434,1505"/>
                <Baseline points="449,1548 544,1553 640,1558 736,1562 832,1565 928,1569 1023,1572 1119,1574 1215,1577 1311,1579 1407,1581 1502,1583 1598,1585 1694,1588 1790,1590 1886,1593 1981,1596 2077,1599 2173,1603 2269,1607 2365,1613"/>
                <TextEquiv>
                    <Unicode>ine Beethoven=Propaganda für die französischen Volksmassen Bühne der Zukunft?“ fragte ich ihn.</Unicode>
                </TextEquiv>
            </TextLine>
            <TextLine id="r1l47" custom="readingOrder {index:46;}">
                <Coords points="415,1600 1673,1667 1675,1593 416,1559"/>
                <Baseline points="431,1601 492,1603 553,1605 614,1607 676,1609 737,1611 798,1612 859,1614 921,1616 982,1618 1043,1620 1104,1621 1166,1623 1227,1625 1288,1626 1349,1628 1411,1629 1472,1630 1533,1632 1594,1633 1656,1634"/>
                <TextEquiv>
                    <Unicode>werden und sogar zu einer Propaganda für die Annäherung der</Unicode>
                </TextEquiv>
            </TextLine>
            <TextLine id="r1l48" custom="readingOrder {index:47;}">
                <Coords points="426,1673 449,1674 459,1664 484,1679 497,1670 513,1683 549,1662 588,1658 591,1613 558,1618 523,1609 429,1605"/>
                <Baseline points="444,1645 470,1646 496,1648 522,1649 548,1650 574,1651"/>
                <TextEquiv>
                    <Unicode>Völker.</Unicode>
                </TextEquiv>
            </TextLine>
            <TextLine id="r1l49" custom="readingOrder {index:48;}">
                <Coords points="1764,1655 2865,1678 2895,1614 1765,1597"/>
                <Baseline points="1782,1643 1836,1644 1891,1644 1946,1645 2001,1646 2056,1647 2110,1649 2165,1650 2220,1652 2275,1653 2330,1655 2384,1657 2439,1658 2494,1659 2549,1661 2604,1661 2658,1662 2713,1662 2768,1662 2823,1662 2878,1661"/>
                <TextEquiv>
                    <Unicode>„Zweifellos ist das Theater reformbedürftig“, antwortete</Unicode>
                </TextEquiv>
            </TextLine>
            <TextLine id="r1l50" custom="readingOrder {index:49;}">
                <Coords points="1643,1689 2879,1731 2907,1660 1644,1647"/>
                <Baseline points="1660,1685 1721,1687 1783,1689 1844,1691 1906,1693 1967,1695 2029,1696 2090,1698 2152,1700 2213,1702 2275,1703 2336,1704 2398,1706 2459,1707 2521,1708 2582,1709 2644,1711 2705,1711 2767,1712 2828,1713 2890,1713"/>
                <TextEquiv>
                    <Unicode>Gémier. „Die neuesten Versuche auf diesem Gebiei — namentlich</Unicode>
                </TextEquiv>
            </TextLine>
            <TextLine id="r1l51" custom="readingOrder {index:50;}">
                <Coords points="527,1702 1647,1748 1648,1697 1488,1656 1429,1697 1191,1647 1054,1685 1007,1648 529,1660"/>
                <Baseline points="542,1699 596,1701 651,1702 705,1704 760,1706 814,1707 869,1709 923,1711 978,1712 1032,1714 1087,1716 1141,1717 1196,1719 1250,1720 1305,1722 1359,1724 1414,1726 1468,1727 1523,1728 1577,1730 1632,1731"/>
                <TextEquiv>
                    <Unicode>Im beliebten Volksgarten, dem Wald von Vincennes,</Unicode>
                </TextEquiv>
            </TextLine>
            <TextLine id="r1l52" custom="readingOrder {index:51;}">
                <Coords points="1646,1734 1700,1747 1729,1741 1755,1756 1804,1738 1867,1761 1946,1735 1965,1739 1967,1701 1864,1696 1847,1705 1825,1691 1802,1700 1648,1686"/>
                <Baseline points="1662,1733 1688,1732 1714,1732 1740,1732 1766,1734 1792,1735 1818,1737 1844,1738 1870,1740 1896,1741 1922,1743 1948,1743"/>
                <TextEquiv>
                    <Unicode>die der Russen -</Unicode>
                </TextEquiv>
            </TextLine>
            <TextLine id="r1l53" custom="readingOrder {index:52;}">
                <Coords points="1946,1738 2895,1774 2896,1716 1947,1702"/>
                <Baseline points="1962,1741 2007,1743 2053,1745 2099,1746 2145,1748 2191,1749 2237,1751 2282,1752 2328,1753 2374,1754 2420,1755 2466,1756 2512,1757 2558,1758 2603,1759 2649,1760 2695,1761 2741,1762 2787,1763 2833,1764 2879,1766"/>
                <TextEquiv>
                    <Unicode>— sind überaus beachtenswert, doch bedeuten sie</Unicode>
                </TextEquiv>
            </TextLine>
            <TextLine id="r1l54" custom="readingOrder {index:53;}">
                <Coords points="428,1763 2819,1825 2899,1769 429,1705"/>
                <Baseline points="445,1745 566,1748 688,1752 810,1756 932,1760 1054,1763 1175,1767 1297,1771 1419,1774 1541,1778 1663,1782 1784,1785 1906,1789 2028,1792 2150,1796 2272,1799 2393,1802 2515,1805 2637,1807 2759,1810 2881,1813"/>
                <TextEquiv>
                    <Unicode>vird im kommenden Juni das Denkmal des tauben Titanen ent= kaum mehr als ein Tasten. Die neue Bühne wird nicht erklügelten</Unicode>
                </TextEquiv>
            </TextLine>
            <TextLine id="r1l55" custom="readingOrder {index:54;}">
                <Coords points="406,1802 1661,1848 1663,1787 408,1738"/>
                <Baseline points="423,1794 484,1795 545,1796 606,1798 667,1800 728,1802 789,1803 850,1806 911,1808 972,1811 1033,1812 1094,1815 1155,1817 1216,1819 1277,1821 1338,1822 1399,1824 1460,1826 1521,1827 1582,1827 1644,1828"/>
                <TextEquiv>
                    <Unicode>hüllt; bei dieser Gelegenheit will ich dort unter der Aegide</Unicode>
                </TextEquiv>
            </TextLine>
            <TextLine id="r1l56" custom="readingOrder {index:55;}">
                <Coords points="1649,1834 2895,1862 2867,1816 1651,1786"/>
                <Baseline points="1666,1829 1726,1832 1787,1834 1848,1836 1908,1838 1969,1841 2030,1842 2090,1844 2151,1846 2212,1848 2273,1850 2333,1851 2394,1853 2455,1854 2515,1855 2576,1856 2637,1857 2697,1858 2758,1858 2819,1859 2880,1859"/>
                <TextEquiv>
                    <Unicode>Grundsätzen und Lehren entspringen. Sie muß sich von selbst er¬</Unicode>
                </TextEquiv>
            </TextLine>
            <TextLine id="r1l57" custom="readingOrder {index:56;}">
                <Coords points="407,1842 1653,1891 1654,1832 408,1803"/>
                <Baseline points="424,1842 484,1845 545,1847 605,1849 666,1851 727,1853 787,1854 848,1855 909,1857 969,1858 1030,1859 1091,1861 1151,1862 1212,1863 1273,1865 1333,1867 1394,1868 1455,1870 1515,1873 1576,1875 1637,1878"/>
                <TextEquiv>
                    <Unicode>Beethovens ein geistiges Locarno veranstalten. Meine Bühne wird</Unicode>
                </TextEquiv>
            </TextLine>
            <TextLine id="r1l58" custom="readingOrder {index:57;}">
                <Coords points="1639,1885 2889,1901 2889,1869 2799,1860 1640,1837"/>
                <Baseline points="1655,1878 1715,1881 1776,1884 1837,1885 1898,1887 1959,1889 2019,1891 2080,1893 2141,1894 2202,1895 2263,1896 2323,1898 2384,1899 2445,1900 2506,1901 2567,1902 2627,1903 2688,1905 2749,1906 2810,1907 2871,1909"/>
                <TextEquiv>
                    <Unicode>nenern, indem sie sich der erneuten Auffassung der Zuschauer an¬</Unicode>
                </TextEquiv>
            </TextLine>
            <TextLine id="r1l59" custom="readingOrder {index:58;}">
                <Coords points="401,1888 2847,1975 2894,1918 402,1840"/>
                <Baseline points="417,1891 539,1894 662,1897 785,1901 908,1904 1031,1908 1154,1912 1277,1916 1400,1919 1523,1923 1646,1927 1768,1931 1891,1935 2014,1938 2137,1942 2260,1945 2383,1948 2506,1951 2629,1954 2752,1956 2875,1959"/>
                <TextEquiv>
                    <Unicode>der herrliche Rasen von Vincennes, die Waldperspektive meine gleicht. Sicherlich wird dieser Vorgang noch Jahrzehnte be¬</Unicode>
                </TextEquiv>
            </TextLine>
            <TextLine id="r1l60" custom="readingOrder {index:59;}">
                <Coords points="395,1943 2151,1998 2152,1953 2010,1933 397,1888"/>
                <Baseline points="410,1939 496,1941 582,1943 668,1946 755,1948 841,1950 927,1952 1013,1955 1100,1957 1186,1959 1272,1962 1358,1964 1445,1967 1531,1970 1617,1973 1703,1975 1790,1978 1876,1981 1962,1984 2048,1987 2135,1990"/>
                <TextEquiv>
                    <Unicode>Kulisse und der Sommerhimmel die Decke meines Theaters. Auf anspruchen. Das Theater</Unicode>
                </TextEquiv>
            </TextLine>
            <TextLine id="r1l61" custom="readingOrder {index:60;}">
                <Coords points="2157,2000 2889,2019 2891,1954 2590,1954 2561,1976 2497,1952 2158,1951"/>
                <Baseline points="2174,1989 2210,1990 2247,1992 2284,1993 2321,1995 2357,1996 2394,1997 2431,1998 2468,1999 2505,2000 2541,2000 2578,2001 2615,2002 2652,2002 2689,2003 2725,2003 2762,2003 2799,2004 2836,2004 2873,2004"/>
                <TextEquiv>
                    <Unicode>bedarf eines Genies, das die Emp¬</Unicode>
                </TextEquiv>
            </TextLine>
            <TextLine id="r1l62" custom="readingOrder {index:61;}">
                <Coords points="413,1993 2159,2050 2161,1992 415,1945"/>
                <Baseline points="430,1985 515,1988 601,1990 687,1993 772,1996 858,1998 944,2001 1029,2003 1115,2007 1201,2009 1287,2012 1372,2015 1458,2018 1544,2020 1629,2023 1715,2025 1801,2028 1886,2030 1972,2033 2058,2035 2144,2037"/>
                <TextEquiv>
                    <Unicode>dieser Bühne Gottes werden vor tausenden Zuschauern außer den findungen des Publikums</Unicode>
                </TextEquiv>
            </TextLine>
            <TextLine id="r1l63" custom="readingOrder {index:62;}">
                <Coords points="2151,2039 2260,2063 2435,2040 2538,2070 2590,2045 2838,2068 2890,2056 2891,2014 2151,1994"/>
                <Baseline points="2166,2040 2201,2041 2236,2042 2272,2043 2307,2044 2343,2045 2378,2046 2413,2046 2449,2047 2484,2048 2520,2048 2555,2049 2590,2049 2626,2049 2661,2050 2697,2050 2732,2050 2767,2050 2803,2050 2838,2050 2874,2050"/>
                <TextEquiv>
                    <Unicode>gefühlsmäßig erfassen und in seiner</Unicode>
                </TextEquiv>
            </TextLine>
            <TextLine id="r1l64" custom="readingOrder {index:63;}">
                <Coords points="419,2043 1529,2083 1639,2076 1641,2025 421,1991"/>
                <Baseline points="436,2036 495,2037 554,2038 613,2040 673,2041 732,2043 791,2045 851,2047 910,2049 969,2051 1029,2053 1088,2055 1147,2057 1206,2058 1266,2060 1325,2061 1384,2062 1444,2063 1503,2064 1562,2064 1622,2064"/>
                <TextEquiv>
                    <Unicode>französischen Schauspielern auch die Bühnenkünstler des Auslandes</Unicode>
                </TextEquiv>
            </TextLine>
            <TextLine id="r1l65" custom="readingOrder {index:64;}">
                <Coords points="314,2081 346,2086 352,2093 362,2087 368,2093 384,2091 394,2098 420,2096 426,1974 394,1969 370,1942 360,1951 357,1947 350,1953 321,1952"/>
                <Baseline points="330,2075 367,2077 404,2079"/>
                <TextEquiv>
                    <Unicode>a5</Unicode>
                </TextEquiv>
            </TextLine>
            <TextLine id="r1l66" custom="readingOrder {index:65;}">
                <Coords points="1645,2077 2543,2085 2810,2128 2891,2104 2892,2059 1646,2032"/>
                <Baseline points="1660,2070 1720,2072 1781,2074 1842,2077 1903,2079 1964,2081 2024,2083 2085,2085 2146,2087 2207,2088 2268,2090 2328,2092 2389,2094 2450,2095 2511,2096 2572,2098 2632,2099 2693,2100 2754,2101 2815,2102 2876,2103"/>
                <TextEquiv>
                    <Unicode>Person vereinigen würde. Auf den Gebieten der Kunst kann</Unicode>
                </TextEquiv>
            </TextLine>
            <TextLine id="r1l67" custom="readingOrder {index:66;}">
                <Coords points="411,2095 2851,2156 413,2040"/>
                <Baseline points="427,2084 547,2088 667,2091 788,2095 908,2098 1028,2101 1149,2105 1269,2108 1389,2112 1510,2115 1630,2119 1750,2123 1871,2126 1991,2130 2111,2133 2232,2137 2352,2140 2472,2143 2593,2147 2713,2150 2834,2153"/>
                <TextEquiv>
                    <Unicode>die Auslese ihrer Schöpfungen vorführen. Die Feierlichkeit wird Neues bloß durch persönliche Intuition geschaffen werden ...</Unicode>
                </TextEquiv>
            </TextLine>
            <TextLine id="r1l68" custom="readingOrder {index:67;}">
                <Coords points="301,2116 327,2117 336,2127 362,2138 391,2136 401,2127 423,2131 425,2090 409,2089 397,2075 380,2091 364,2087 354,2093 348,2086 303,2077"/>
                <Baseline points="316,2127 346,2125 377,2127 408,2131"/>
                <TextEquiv>
                    <Unicode>#tur¬</Unicode>
                </TextEquiv>
            </TextLine>
            <TextLine id="r1l69" custom="readingOrder {index:68;}">
                <Coords points="408,2140 2891,2171 409,2088"/>
                <Baseline points="426,2131 548,2135 670,2139 793,2143 915,2146 1037,2150 1160,2154 1282,2158 1404,2161 1527,2165 1649,2168 1771,2172 1894,2175 2016,2179 2138,2182 2261,2185 2383,2188 2505,2191 2628,2194 2750,2197 2873,2199"/>
                <TextEquiv>
                    <Unicode>unter dem Patronat der Regierung stattfinden, und bereits trat Unseren Modernsten mache ich hauptsächlich den Vorwurf, daß sie</Unicode>
                </TextEquiv>
            </TextLine>
            <TextLine id="r1l70" custom="readingOrder {index:69;}">
                <Coords points="314,2177 2887,2252 316,2122"/>
                <Baseline points="329,2175 456,2179 583,2183 710,2187 837,2191 964,2195 1091,2199 1218,2203 1345,2207 1472,2211 1599,2214 1726,2218 1853,2222 1980,2225 2107,2229 2234,2232 2361,2236 2488,2239 2615,2242 2742,2246 2869,2249"/>
                <TextEquiv>
                    <Unicode>det, ich mit den verschiedenen diplomatischen Vertretungen in Ver= sich immer kleinere und intimere Bühnen für ihre Dichtungen</Unicode>
                </TextEquiv>
            </TextLine>
            <TextLine id="r1l71" custom="readingOrder {index:70;}">
                <Coords points="279,2237 2893,2324 2828,2251 281,2185"/>
                <Baseline points="295,2224 424,2227 553,2231 682,2235 811,2238 940,2242 1069,2246 1198,2249 1327,2253 1456,2257 1586,2261 1715,2265 1844,2269 1973,2273 2102,2276 2231,2281 2360,2284 2489,2288 2618,2292 2747,2296 2877,2300"/>
                <TextEquiv>
                    <Unicode>ischen bindung, um das Mitwirken der ausländischen Bühnenkunst zu aussuchen, wo doch die Zukunft den Massen gehört, dem groß¬</Unicode>
                </TextEquiv>
            </TextLine>
            <TextLine id="r1l72" custom="readingOrder {index:71;}">
                <Coords points="279,2285 2362,2329 281,2227"/>
                <Baseline points="297,2268 399,2272 501,2277 604,2281 706,2284 809,2288 911,2290 1014,2294 1116,2297 1219,2299 1321,2302 1423,2304 1526,2307 1628,2310 1731,2312 1833,2315 1936,2318 2038,2321 2141,2325 2243,2328 2346,2332"/>
                <TextEquiv>
                    <Unicode>r hat erwirken. Auch mit Reinhardt sprach ich hierüber, der sich gegen= zügigen Spiel und der Riesenbühne.“</Unicode>
                </TextEquiv>
            </TextLine>
            <TextLine id="r1l73" custom="readingOrder {index:72;}">
                <Coords points="297,2348 1363,2346 1601,2393 1646,2381 1649,2317 299,2280"/>
                <Baseline points="313,2316 378,2319 444,2323 510,2325 576,2328 642,2330 708,2332 774,2335 840,2337 906,2339 972,2341 1037,2343 1103,2344 1169,2346 1235,2348 1301,2350 1367,2352 1433,2354 1499,2356 1565,2358 1631,2360"/>
                <TextEquiv>
                    <Unicode>ann= wärtig in Paris aufhält, und mit dem ich freilich auch bezüglich</Unicode>
                </TextEquiv>
            </TextLine>
            <TextLine id="r1l74" custom="readingOrder {index:73;}">
                <Coords points="1741,2382 2464,2377 2854,2420 2888,2353 2592,2316 2149,2348 1742,2321"/>
                <Baseline points="1758,2363 1813,2364 1869,2366 1924,2368 1980,2370 2036,2371 2091,2372 2147,2374 2203,2376 2258,2377 2314,2379 2370,2381 2425,2382 2481,2383 2537,2385 2592,2387 2648,2388 2704,2390 2759,2392 2815,2393 2871,2395"/>
                <TextEquiv>
                    <Unicode>„Mir schien es, daß Sie im Odéon Ihre Ideen nur zu</Unicode>
                </TextEquiv>
            </TextLine>
            <TextLine id="r1l75" custom="readingOrder {index:74;}">
                <Coords points="316,2360 1558,2424 1560,2366 1492,2357 318,2325"/>
                <Baseline points="331,2357 391,2361 452,2365 512,2369 573,2371 634,2375 694,2377 755,2380 816,2382 876,2384 937,2386 998,2388 1058,2389 1119,2391 1180,2393 1240,2395 1301,2396 1362,2398 1422,2400 1483,2402 1544,2404"/>
                <TextEquiv>
                    <Unicode>von des Festival de printemps so manches zu besprechen habe.</Unicode>
                </TextEquiv>
            </TextLine>
            <TextLine id="r1l76" custom="readingOrder {index:75;}">
                <Coords points="1625,2434 1984,2417 2494,2448 2539,2433 2541,2394 1850,2377 1628,2337"/>
                <Baseline points="1641,2404 1685,2405 1729,2406 1773,2407 1817,2409 1861,2410 1905,2412 1950,2413 1994,2415 2038,2417 2082,2418 2126,2420 2170,2422 2214,2424 2259,2425 2303,2427 2347,2428 2391,2429 2435,2430 2479,2431 2524,2432"/>
                <TextEquiv>
                    <Unicode>einem kleinen Teil verwirklichen“, bemerkte ich.</Unicode>
                </TextEquiv>
            </TextLine>
            <TextLine id="r1l77" custom="readingOrder {index:76;}">
                <Coords points="503,2424 1499,2469 1638,2463 1640,2395 504,2379"/>
                <Baseline points="519,2421 574,2423 629,2425 684,2426 739,2428 794,2429 849,2431 905,2433 960,2435 1015,2436 1070,2438 1125,2439 1180,2441 1235,2442 1291,2444 1346,2445 1401,2447 1456,2448 1511,2450 1566,2451 1622,2453"/>
                <TextEquiv>
                    <Unicode>Auch bei dem Festival wurde ich von dem Gedanken des</Unicode>
                </TextEquiv>
            </TextLine>
            <TextLine id="r1l78" custom="readingOrder {index:77;}">
                <Coords points="1737,2470 2876,2509 2879,2416 2661,2452 2256,2407 1739,2418"/>
                <Baseline points="1754,2459 1809,2460 1864,2461 1920,2462 1975,2463 2030,2465 2086,2467 2141,2469 2196,2471 2252,2472 2307,2475 2362,2476 2418,2478 2473,2480 2528,2482 2584,2483 2639,2484 2694,2486 2750,2486 2805,2487 2861,2487"/>
                <TextEquiv>
                    <Unicode>„Mit dem Odéon“, antwortete Gémier unlustig, „ist nicht</Unicode>
                </TextEquiv>
            </TextLine>
            <TextLine id="r1l79" custom="readingOrder {index:78;}">
                <Coords points="391,2489 2772,2554 2878,2486 393,2414"/>
                <Baseline points="408,2470 530,2472 653,2475 775,2478 898,2481 1020,2484 1143,2487 1265,2491 1388,2494 1510,2498 1633,2502 1756,2506 1878,2509 2001,2513 2123,2517 2246,2520 2368,2524 2491,2528 2613,2531 2736,2534 2859,2537"/>
                <TextEquiv>
                    <Unicode>geistigen Zusammenschlusses der Völker geleitet. Ich spreche davon viel anzufangen. Nun, ich bin immer noch bestrebt, unser</Unicode>
                </TextEquiv>
            </TextLine>
            <TextLine id="r1l80" custom="readingOrder {index:79;}">
                <Coords points="392,2511 1534,2562 1631,2555 1633,2507 394,2459"/>
                <Baseline points="408,2516 468,2517 528,2519 589,2520 649,2522 710,2523 770,2525 831,2527 891,2528 952,2530 1012,2532 1072,2534 1133,2536 1193,2537 1254,2539 1314,2541 1375,2542 1435,2544 1496,2545 1556,2547 1617,2548"/>
                <TextEquiv>
                    <Unicode>ungern vor der Oeffentlichkeit, da die einzelnen Programmpunkte</Unicode>
                </TextEquiv>
            </TextLine>
            <TextLine id="r1l81" custom="readingOrder {index:80;}">
                <Coords points="1633,2557 2723,2598 2875,2593 2877,2544 1634,2506"/>
                <Baseline points="1648,2550 1708,2551 1769,2552 1829,2554 1890,2555 1950,2557 2011,2559 2071,2561 2132,2564 2192,2565 2253,2567 2314,2570 2374,2572 2435,2574 2495,2576 2556,2578 2616,2579 2677,2581 2737,2582 2798,2583 2859,2583"/>
                <TextEquiv>
                    <Unicode>Publikum mit den Größen des Auslandes bekanntzumachen. So</Unicode>
                </TextEquiv>
            </TextLine>
            <TextLine id="r1l82" custom="readingOrder {index:81;}">
                <Coords points="405,2570 2848,2649 2869,2588 406,2525"/>
                <Baseline points="421,2568 542,2570 664,2572 785,2575 907,2577 1029,2580 1150,2584 1272,2587 1393,2590 1515,2594 1637,2597 1758,2601 1880,2605 2001,2609 2123,2613 2245,2616 2366,2620 2488,2623 2609,2627 2731,2631 2853,2634"/>
                <TextEquiv>
                    <Unicode>noch nicht genau festgesetzt wurden. Jedenfalls ist die Mitarbeit ließ ich auch Molnars „Schwan“ auf die Bühne bringen. Dieser</Unicode>
                </TextEquiv>
            </TextLine>
            <TextLine id="r1l83" custom="readingOrder {index:82;}">
                <Coords points="400,2618 2880,2657 401,2570"/>
                <Baseline points="417,2614 539,2616 661,2620 783,2623 906,2626 1028,2629 1150,2632 1273,2636 1395,2639 1517,2643 1640,2646 1762,2650 1884,2654 2006,2658 2129,2661 2251,2665 2373,2668 2496,2672 2618,2675 2740,2679 2863,2682"/>
                <TextEquiv>
                    <Unicode>der Deutschen, Russen und Engländer bereits gesichert. Die Aufführung schadete eben der zu gute Wille des Autors. Molnar</Unicode>
                </TextEquiv>
            </TextLine>
            <TextLine id="r1l84" custom="readingOrder {index:83;}">
                <Coords points="394,2660 1636,2706 1637,2652 1544,2642 395,2612"/>
                <Baseline points="411,2662 471,2663 531,2664 592,2665 652,2667 713,2668 773,2670 834,2672 894,2674 955,2675 1015,2677 1075,2679 1136,2681 1196,2683 1257,2685 1317,2687 1378,2689 1438,2691 1499,2692 1559,2694 1620,2695"/>
                <TextEquiv>
                    <Unicode>Bühnenkunst aller Nationen hat sich zu den Festspielen angesagt</Unicode>
                </TextEquiv>
            </TextLine>
            <TextLine id="r1l85" custom="readingOrder {index:84;}">
                <Coords points="1621,2703 2785,2745 2870,2735 2871,2690 1622,2655"/>
                <Baseline points="1636,2695 1696,2697 1757,2698 1818,2700 1879,2702 1940,2703 2001,2705 2061,2707 2122,2709 2183,2711 2244,2713 2305,2715 2366,2717 2427,2718 2487,2720 2548,2721 2609,2723 2670,2724 2731,2725 2792,2726 2853,2727"/>
                <TextEquiv>
                    <Unicode>hat seinen „Schwan“ auf den Bühnen der verschiedensten Länder</Unicode>
                </TextEquiv>
            </TextLine>
            <TextLine id="r1l86" custom="readingOrder {index:85;}">
                <Coords points="394,2715 1614,2753 1590,2697 395,2666"/>
                <Baseline points="409,2709 468,2710 528,2712 587,2713 647,2715 706,2716 766,2718 825,2720 885,2721 944,2723 1004,2725 1063,2727 1123,2728 1182,2730 1242,2732 1301,2734 1361,2736 1420,2737 1480,2739 1539,2740 1599,2742"/>
                <TextEquiv>
                    <Unicode>und ich bin bemüht, eine gerechte Auswahl zu treffen, da wir im</Unicode>
                </TextEquiv>
            </TextLine>
            <TextLine id="r1l87" custom="readingOrder {index:86;}">
                <Coords points="1624,2762 2874,2788 2836,2735 1626,2704"/>
                <Baseline points="1640,2746 1700,2747 1761,2748 1822,2749 1883,2751 1944,2752 2005,2754 2065,2756 2126,2757 2187,2759 2248,2761 2309,2763 2370,2765 2431,2767 2491,2769 2552,2770 2613,2772 2674,2774 2735,2775 2796,2777 2857,2778"/>
                <TextEquiv>
                    <Unicode>gesehen und wollte im Odéon die wirkungsvollen Einfälle all</Unicode>
                </TextEquiv>
            </TextLine>
            <TextLine id="r1l88" custom="readingOrder {index:87;}">
                <Coords points="386,2766 2738,2843 2870,2779 388,2711"/>
                <Baseline points="401,2758 523,2761 646,2764 768,2767 891,2769 1013,2773 1136,2776 1258,2780 1381,2783 1503,2787 1626,2790 1748,2794 1871,2798 1993,2801 2116,2805 2238,2809 2361,2812 2483,2816 2606,2820 2728,2823 2851,2827"/>
                <TextEquiv>
                    <Unicode>Interesse der Sache selbst unseren Zuschauern nur wirklich Wert= jener Vorstellungen anhäufen. Allein in den zweiten Aufzug hat</Unicode>
                </TextEquiv>
            </TextLine>
            <TextLine id="r1l89" custom="readingOrder {index:88;}">
                <Coords points="384,2795 2858,2897 2877,2820 385,2750"/>
                <Baseline points="400,2806 529,2809 658,2812 788,2815 917,2818 1047,2822 1176,2825 1305,2829 1435,2832 1564,2836 1694,2839 1823,2844 1953,2847 2082,2851 2211,2855 2341,2859 2470,2862 2600,2866 2729,2870 2859,2874"/>
                <TextEquiv>
                    <Unicode>volles und in Frankreich Unbekanntes bieten dürsen. Die aus-er zweiundfünfzig neue Wendungen und Einfälle hineingepreßt; das</Unicode>
                </TextEquiv>
            </TextLine>
            <TextLine id="r1l90" custom="readingOrder {index:89;}">
                <Coords points="386,2870 2865,2928 388,2802"/>
                <Baseline points="403,2854 525,2856 647,2859 769,2862 892,2865 1014,2868 1136,2871 1259,2875 1381,2878 1503,2882 1626,2886 1748,2890 1870,2893 1992,2897 2115,2901 2237,2905 2359,2908 2482,2912 2604,2915 2726,2918 2849,2922"/>
                <TextEquiv>
                    <Unicode>ländischen Gäste sollen nebst ihrem eigenen Repertoire und ihren zarte, leichte Stück trug aber schwer an dieser Last. In der nächsten</Unicode>
                </TextEquiv>
            </TextLine>
            <TextLine id="r1l91" custom="readingOrder {index:90;}">
                <Coords points="313,2916 329,2916 336,2909 342,2916 352,2906 358,2909 365,2906 371,2912 384,2903 400,2903 400,2861 368,2857 355,2864 342,2854 329,2864 313,2864"/>
                <Baseline points="328,2898 356,2896 384,2898"/>
                <TextEquiv>
                    <Unicode>ad</Unicode>
                </TextEquiv>
            </TextLine>
            <TextLine id="r1l92" custom="readingOrder {index:91;}">
                <Coords points="381,2921 2867,2963 383,2863"/>
                <Baseline points="399,2904 521,2906 644,2909 766,2912 889,2915 1012,2918 1134,2921 1257,2925 1379,2928 1502,2932 1625,2935 1747,2939 1870,2942 1992,2946 2115,2949 2238,2953 2360,2956 2483,2960 2605,2963 2728,2966 2851,2969"/>
                <TextEquiv>
                    <Unicode>Künstlern auch ihre Dekorationen und Regisseure nach Paris mit= Zukunft gedenke ich ein österreichisches Meisterwerk Artur</Unicode>
                </TextEquiv>
            </TextLine>
            <TextLine id="r1l93" custom="readingOrder {index:92;}">
                <Coords points="295,2959 311,2959 318,2953 330,2957 340,2954 346,2958 369,2952 405,2957 406,2921 390,2921 374,2910 371,2913 358,2906 349,2906 342,2912 336,2906 332,2909 317,2892 297,2891"/>
                <Baseline points="311,2944 336,2944 362,2945 388,2947"/>
                <TextEquiv>
                    <Unicode>gs¬</Unicode>
                </TextEquiv>
            </TextLine>
            <TextLine id="r1l94" custom="readingOrder {index:93;}">
                <Coords points="393,2957 2767,3049 2860,2964 394,2909"/>
                <Baseline points="408,2952 529,2954 651,2956 773,2959 895,2962 1016,2964 1138,2968 1260,2971 1382,2975 1503,2978 1625,2982 1747,2985 1869,2990 1990,2993 2112,2997 2234,3001 2356,3005 2477,3008 2599,3013 2721,3016 2843,3020"/>
                <TextEquiv>
                    <Unicode>führen: es soll Raum geboten werden allen Neuerungsversuchen, mit Schnitzlers, „Le pays de l'äme“ in Szene zu setzen, das</Unicode>
                </TextEquiv>
            </TextLine>
            <TextLine id="r1l95" custom="readingOrder {index:94;}">
                <Coords points="295,2992 311,2993 320,3003 343,3001 362,3005 368,3012 400,3017 404,2956 388,2955 385,2951 365,2960 359,2956 326,2955 323,2951 313,2957 297,2956"/>
                <Baseline points="312,2991 349,2993 386,2995"/>
                <TextEquiv>
                    <Unicode>Ein</Unicode>
                </TextEquiv>
            </TextLine>
            <TextLine id="r1l96" custom="readingOrder {index:95;}">
                <Coords points="385,2996 1663,3062 2520,3022 387,2954"/>
                <Baseline points="400,2998 505,3000 610,3003 715,3006 820,3008 925,3011 1030,3013 1136,3016 1241,3019 1346,3022 1451,3025 1556,3028 1661,3031 1766,3034 1872,3038 1977,3041 2082,3044 2187,3048 2292,3051 2397,3055 2503,3059"/>
                <TextEquiv>
                    <Unicode>denen die verschiedenen Völker, gemäß ihrer Eigenart, die Schaubühne voraussichtlich einen großen Erfolg haben wird.</Unicode>
                </TextEquiv>
            </TextLine>
            <TextLine id="r1l97" custom="readingOrder {index:96;}">
                <Coords points="290,3056 306,3058 317,3050 326,3057 340,3049 343,3053 353,3050 365,3062 393,3065 400,3007 384,3005 377,3011 364,3013 355,3005 348,3004 338,3010 329,3005 297,3002"/>
                <Baseline points="310,3039 345,3043 380,3047"/>
                <TextEquiv>
                    <Unicode>ten,</Unicode>
                </TextEquiv>
            </TextLine>
            <TextLine id="r1l98" custom="readingOrder {index:97;}">
                <Coords points="398,3051 1628,3078 1629,3029 399,3003"/>
                <Baseline points="413,3046 476,3048 539,3049 602,3051 665,3053 728,3055 791,3056 854,3058 917,3060 980,3062 1044,3064 1107,3066 1170,3068 1233,3070 1296,3072 1359,3073 1422,3075 1485,3077 1548,3079 1612,3081"/>
                <TextEquiv>
                    <Unicode>den neuen Forderungen angleichen wollen... Die geistigen</Unicode>
                </TextEquiv>
            </TextLine>
            <TextLine id="r1l99" custom="readingOrder {index:98;}">
                <Coords points="293,3106 332,3109 335,3106 351,3107 358,3101 384,3103 386,3064 367,3063 358,3052 339,3051 329,3057 322,3056 316,3049 313,3052 297,3051"/>
                <Baseline points="310,3087 339,3089 368,3091"/>
                <TextEquiv>
                    <Unicode>ad.</Unicode>
                </TextEquiv>
            </TextLine>
            <TextLine id="r1l100" custom="readingOrder {index:99;}">
                <Coords points="1716,3093 2819,3134 2856,3090 2758,3041 2696,3068 1717,3044"/>
                <Baseline points="1733,3079 1788,3081 1843,3083 1898,3085 1954,3087 2009,3090 2064,3091 2120,3093 2175,3096 2230,3098 2286,3100 2341,3102 2396,3104 2451,3106 2507,3107 2562,3109 2617,3111 2673,3112 2728,3113 2783,3114 2839,3116"/>
                <TextEquiv>
                    <Unicode>Aber mit dem Odéon kommt man nicht weit! Ein staatliches</Unicode>
                </TextEquiv>
            </TextLine>
            <TextLine id="r1l101" custom="readingOrder {index:100;}">
                <Coords points="398,3100 2852,3154 400,3052"/>
                <Baseline points="414,3091 535,3095 656,3100 777,3104 898,3108 1019,3112 1140,3116 1261,3119 1382,3123 1503,3126 1625,3130 1746,3133 1867,3137 1988,3140 2109,3143 2230,3147 2351,3150 2472,3154 2593,3158 2714,3162 2836,3166"/>
                <TextEquiv>
                    <Unicode>Arbeiter und die Künstler sollten Politikern und Diplomaten den Institut, dessen Schicksal von den Logenabonnenten abhängt,</Unicode>
                </TextEquiv>
            </TextLine>
            <TextLine id="r1l102" custom="readingOrder {index:101;}">
                <Coords points="289,3150 308,3148 333,3163 356,3161 365,3168 391,3169 395,3105 363,3100 356,3106 343,3098 324,3104 292,3099"/>
                <Baseline points="306,3135 342,3137 378,3139"/>
                <TextEquiv>
                    <Unicode>nur</Unicode>
                </TextEquiv>
            </TextLine>
            <TextLine id="r1l103" custom="readingOrder {index:102;}">
                <Coords points="389,3151 2790,3228 2860,3156 390,3099"/>
                <Baseline points="404,3141 532,3146 660,3150 789,3155 917,3158 1045,3162 1174,3166 1302,3169 1430,3172 1559,3175 1687,3179 1816,3182 1944,3185 2072,3189 2201,3193 2329,3197 2457,3200 2586,3205 2714,3210 2843,3215"/>
                <TextEquiv>
                    <Unicode>Weg zum einheitlichen Europa weisen. Leider geschieht das zumeist ältere Herrschaften, deren Geschmack der neuen Zeit nicht</Unicode>
                </TextEquiv>
            </TextLine>
            <TextLine id="r1l104" custom="readingOrder {index:103;}">
                <Coords points="378,3192 1317,3248 1621,3224 1580,3181 380,3147"/>
                <Baseline points="395,3191 455,3192 515,3194 576,3195 636,3197 697,3199 757,3200 818,3202 878,3204 939,3206 999,3207 1059,3209 1120,3211 1180,3213 1241,3215 1301,3216 1362,3218 1422,3219 1483,3221 1543,3222 1604,3224"/>
                <TextEquiv>
                    <Unicode>Gegenteil: die zum Vorkämpfer berufene Kunst trottet stets weit</Unicode>
                </TextEquiv>
            </TextLine>
            <TextLine id="r1l105" custom="readingOrder {index:104;}">
                <Coords points="323,3245 394,3248 394,3167 323,3164"/>
                <Baseline points="338,3236 378,3236"/>
                <TextEquiv>
                    <Unicode>à</Unicode>
                </TextEquiv>
            </TextLine>
            <TextLine id="r1l106" custom="readingOrder {index:105;}">
                <Coords points="1602,3228 2854,3261 2814,3218 2504,3195 1604,3183"/>
                <Baseline points="1618,3223 1679,3225 1740,3227 1801,3228 1862,3230 1923,3232 1984,3234 2045,3236 2106,3238 2167,3239 2228,3241 2289,3243 2350,3245 2411,3247 2472,3249 2533,3251 2594,3253 2655,3255 2716,3257 2777,3259 2839,3261"/>
                <TextEquiv>
                    <Unicode>immer gerecht wird. Ich kam mit weitgehenden Reformabsichten</Unicode>
                </TextEquiv>
            </TextLine>
            <TextLine id="r1l107" custom="readingOrder {index:106;}">
                <Coords points="394,3263 452,3252 490,3269 517,3247 655,3265 746,3245 784,3263 988,3256 989,3221 951,3213 689,3205 671,3188 654,3204 396,3198"/>
                <Baseline points="412,3237 440,3237 468,3238 496,3238 524,3238 552,3239 580,3240 608,3240 636,3242 664,3243 692,3243 720,3245 748,3245 776,3247 804,3248 832,3249 860,3250 888,3251 916,3252 944,3253 972,3254"/>
                <TextEquiv>
                    <Unicode>hinter dem Karren der Politik.</Unicode>
                </TextEquiv>
            </TextLine>
            <TextLine id="r1l108" custom="readingOrder {index:107;}">
                <Coords points="1581,3278 2846,3318 2825,3259 1583,3230"/>
                <Baseline points="1596,3273 1657,3273 1719,3274 1781,3275 1842,3276 1904,3278 1966,3280 2027,3282 2089,3284 2151,3287 2213,3289 2274,3291 2336,3294 2398,3297 2459,3299 2521,3301 2583,3303 2644,3305 2706,3307 2768,3309 2830,3311"/>
                <TextEquiv>
                    <Unicode>aus Odéon. Die Schauspieler paßten mir überaus: junge,</Unicode>
                </TextEquiv>
            </TextLine>
            <TextLine id="r1l109" custom="readingOrder {index:108;}">
                <Coords points="480,3287 1570,3334 1601,3264 481,3248"/>
                <Baseline points="496,3288 550,3290 604,3292 659,3294 713,3296 767,3298 822,3300 876,3302 930,3304 985,3305 1039,3307 1093,3308 1148,3310 1202,3312 1256,3313 1311,3315 1365,3316 1419,3318 1474,3319 1528,3320 1583,3322"/>
                <TextEquiv>
                    <Unicode>Den in Paris gastierenden ausländischen Truppen müßte</Unicode>
                </TextEquiv>
            </TextLine>
            <TextLine id="r1l110" custom="readingOrder {index:109;}">
                <Coords points="1611,3328 2848,3360 2849,3315 2682,3302 1613,3280"/>
                <Baseline points="1627,3320 1687,3321 1747,3322 1807,3323 1867,3324 1927,3326 1987,3328 2048,3330 2108,3332 2168,3335 2228,3337 2288,3340 2348,3342 2408,3344 2469,3347 2529,3349 2589,3352 2649,3354 2709,3357 2769,3358 2830,3360"/>
                <TextEquiv>
                    <Unicode>intelligente Kräfte, die einer fachgemäßen Leitung willig gehorchen.</Unicode>
                </TextEquiv>
            </TextLine>
            <TextLine id="r1l111" custom="readingOrder {index:110;}">
                <Coords points="378,3337 1611,3383 1577,3327 380,3288"/>
                <Baseline points="396,3333 455,3335 515,3337 575,3338 635,3341 695,3343 755,3345 815,3348 875,3349 935,3351 995,3354 1054,3356 1114,3357 1174,3360 1234,3362 1294,3364 1354,3365 1414,3367 1474,3368 1534,3369 1594,3370"/>
                <TextEquiv>
                    <Unicode>im allgemeinen klargemacht werden, daß sie dem Pariser Publikum</Unicode>
                </TextEquiv>
            </TextLine>
            <TextLine id="r1l112" custom="readingOrder {index:111;}">
                <Coords points="1610,3385 2846,3422 2848,3360 1612,3327"/>
                <Baseline points="1626,3370 1686,3371 1746,3372 1806,3374 1867,3375 1927,3376 1987,3378 2047,3380 2108,3381 2168,3383 2228,3385 2288,3387 2349,3389 2409,3391 2469,3393 2529,3396 2590,3398 2650,3400 2710,3403 2770,3406 2831,3409"/>
                <TextEquiv>
                    <Unicode>In den ersten Jahren ging es tätsächlich vielversprechend an und</Unicode>
                </TextEquiv>
            </TextLine>
            <TextLine id="r1l113" custom="readingOrder {index:112;}">
                <Coords points="375,3391 1430,3435 1604,3428 1606,3383 377,3336"/>
                <Baseline points="392,3382 451,3383 511,3385 571,3387 631,3389 691,3391 751,3392 810,3395 870,3397 930,3400 990,3402 1050,3404 1110,3406 1170,3408 1229,3410 1289,3412 1349,3413 1409,3415 1469,3416 1529,3416 1589,3417"/>
                <TextEquiv>
                    <Unicode>nicht die pariserische Art vorzumachen haben — auch nicht, wenn</Unicode>
                </TextEquiv>
            </TextLine>
            <TextLine id="r1l114" custom="readingOrder {index:113;}">
                <Coords points="1606,3424 2767,3467 2835,3463 2837,3418 1608,3356"/>
                <Baseline points="1621,3418 1681,3419 1741,3421 1801,3422 1861,3423 1921,3425 1981,3427 2041,3429 2101,3431 2161,3433 2221,3435 2281,3437 2341,3439 2401,3441 2461,3443 2521,3445 2581,3447 2641,3449 2701,3451 2761,3453 2821,3455"/>
                <TextEquiv>
                    <Unicode>wir schufen schöne Sachen. Ich hätte noch etwa drei Jahre</Unicode>
                </TextEquiv>
            </TextLine>
            <TextLine id="r1l115" custom="readingOrder {index:114;}">
                <Coords points="378,3439 1608,3469 1609,3424 1484,3413 380,3388"/>
                <Baseline points="396,3429 455,3431 515,3433 575,3435 635,3437 695,3439 755,3441 814,3443 874,3445 934,3447 994,3449 1054,3451 1114,3453 1174,3455 1233,3457 1293,3459 1353,3460 1413,3462 1473,3463 1533,3465 1593,3466"/>
                <TextEquiv>
                    <Unicode>es ihnen noch so gut gelingt. Es interessiert uns nicht, wie sehr</Unicode>
                </TextEquiv>
            </TextLine>
            <TextLine id="r1l116" custom="readingOrder {index:115;}">
                <Coords points="1603,3478 2846,3504 2828,3455 1605,3426"/>
                <Baseline points="1621,3469 1681,3470 1741,3470 1802,3471 1862,3472 1923,3474 1983,3475 2043,3477 2104,3479 2164,3481 2225,3483 2285,3485 2345,3487 2406,3489 2466,3491 2527,3493 2587,3495 2647,3497 2708,3498 2768,3500 2829,3501"/>
                <TextEquiv>
                    <Unicode>benötigt, um (was wichtiger ist) auch den Zuschauerraum</Unicode>
                </TextEquiv>
            </TextLine>
            <TextLine id="r1l117" custom="readingOrder {index:116;}">
                <Coords points="383,3490 1502,3534 1619,3508 1620,3476 384,3438"/>
                <Baseline points="398,3480 458,3482 518,3483 578,3485 638,3487 699,3488 759,3490 819,3492 879,3494 939,3496 1000,3499 1060,3500 1120,3502 1180,3504 1240,3506 1301,3507 1361,3508 1421,3509 1481,3510 1541,3511 1602,3511"/>
                <TextEquiv>
                    <Unicode>sich dieses oder jenes Land in den französischen Salonstücken</Unicode>
                </TextEquiv>
            </TextLine>
            <TextLine id="r1l118" custom="readingOrder {index:117;}">
                <Coords points="1600,3529 2797,3565 2834,3511 1601,3477"/>
                <Baseline points="1616,3515 1676,3516 1736,3517 1796,3519 1856,3520 1916,3522 1976,3523 2036,3525 2096,3526 2156,3528 2216,3529 2276,3531 2336,3533 2396,3534 2456,3536 2516,3538 2576,3540 2636,3542 2696,3544 2756,3545 2816,3547"/>
                <TextEquiv>
                    <Unicode>reformieren zu können. Nach und nach meldete sich langsam das</Unicode>
                </TextEquiv>
            </TextLine>
            <TextLine id="r1l119" custom="readingOrder {index:118;}">
                <Coords points="369,3520 2841,3600 370,3481"/>
                <Baseline points="384,3525 506,3531 628,3535 750,3539 872,3544 994,3547 1116,3551 1238,3554 1360,3557 1482,3560 1604,3562 1726,3565 1848,3568 1970,3570 2092,3573 2214,3576 2336,3579 2458,3582 2580,3586 2702,3589 2824,3593"/>
                <TextEquiv>
                    <Unicode>hervortut, sondern vielmehr, was es ganz unabhängig von der neue Publikum, aber die Alten blieben aus und das Theater</Unicode>
                </TextEquiv>
            </TextLine>
            <TextLine id="r1l120" custom="readingOrder {index:119;}">
                <Coords points="386,3595 1520,3602 1505,3559 388,3534"/>
                <Baseline points="404,3573 458,3575 513,3576 568,3578 623,3580 678,3583 733,3585 788,3587 843,3589 898,3591 953,3593 1007,3595 1062,3597 1117,3599 1172,3600 1227,3601 1282,3603 1337,3603 1392,3604 1447,3605 1502,3605"/>
                <TextEquiv>
                    <Unicode>französischen Weise in seiner eigenen Art zu leisten vermag!“</Unicode>
                </TextEquiv>
            </TextLine>
            <TextLine id="r1l121" custom="readingOrder {index:120;}">
                <Coords points="1589,3623 2841,3667 2821,3595 1591,3565"/>
                <Baseline points="1607,3610 1671,3612 1735,3613 1799,3615 1863,3616 1927,3618 1991,3619 2056,3621 2120,3623 2184,3625 2248,3627 2312,3629 2376,3630 2441,3632 2505,3634 2569,3636 2633,3638 2697,3640 2761,3641 2826,3643"/>
                <TextEquiv>
                    <Unicode>arbeitete vorübergehend mit Defizit. Nun, man hatte eben</Unicode>
                </TextEquiv>
            </TextLine>
            <TextLine id="r1l122" custom="readingOrder {index:121;}">
                <Coords points="492,3641 1599,3680 1602,3605 494,3602"/>
                <Baseline points="510,3625 563,3626 617,3627 671,3629 724,3630 778,3632 832,3635 885,3637 939,3638 993,3640 1047,3643 1100,3645 1154,3647 1208,3649 1261,3650 1315,3652 1369,3653 1422,3654 1476,3655 1530,3655 1584,3655"/>
                <TextEquiv>
                    <Unicode>„Nun würde es mich aber überaus interessieren, mit welchem</Unicode>
                </TextEquiv>
            </TextLine>
            <TextLine id="r1l123" custom="readingOrder {index:122;}">
                <Coords points="293,3675 313,3677 319,3674 329,3681 342,3675 348,3676 354,3683 374,3684 377,3629 348,3627 338,3636 325,3636 318,3642 296,3640"/>
                <Baseline points="310,3667 359,3670"/>
                <TextEquiv>
                    <Unicode>nd</Unicode>
                </TextEquiv>
            </TextLine>
            <TextLine id="r1l124" custom="readingOrder {index:123;}">
                <Coords points="1588,3679 2234,3666 2295,3700 2834,3713 2836,3652 1590,3614"/>
                <Baseline points="1606,3658 1666,3660 1727,3661 1787,3662 1848,3664 1909,3665 1969,3667 2030,3668 2090,3669 2151,3671 2212,3672 2272,3674 2333,3676 2393,3678 2454,3680 2515,3682 2575,3685 2636,3688 2696,3690 2757,3694 2818,3697"/>
                <TextEquiv>
                    <Unicode>keine Geduld, die Umwandlung abzuwarten, und ich wurde</Unicode>
                </TextEquiv>
            </TextLine>
            <TextLine id="r1l125" custom="readingOrder {index:124;}">
                <Coords points="380,3678 1587,3722 1589,3664 382,3627"/>
                <Baseline points="398,3669 456,3671 515,3673 574,3675 632,3677 691,3679 750,3681 808,3683 867,3685 926,3687 985,3689 1043,3691 1102,3692 1161,3694 1219,3696 1278,3698 1337,3699 1395,3701 1454,3702 1513,3703 1572,3705"/>
                <TextEquiv>
                    <Unicode>Repertoire Sie selbst in Deutschland aufzutreten gedenken,</Unicode>
                </TextEquiv>
            </TextLine>
            <TextLine id="r1l126" custom="readingOrder {index:125;}">
                <Coords points="301,3734 318,3735 328,3726 337,3730 350,3727 363,3740 379,3741 381,3680 333,3678 330,3681 327,3677 320,3683 304,3683"/>
                <Baseline points="317,3716 365,3718"/>
                <TextEquiv>
                    <Unicode>so</Unicode>
                </TextEquiv>
            </TextLine>
            <TextLine id="r1l127" custom="readingOrder {index:126;}">
                <Coords points="380,3747 425,3741 457,3754 467,3744 477,3750 496,3731 570,3731 586,3718 606,3718 606,3692 583,3685 560,3692 551,3682 525,3679 379,3680"/>
                <Baseline points="395,3720 423,3721 451,3721 479,3721 507,3721 535,3721 563,3720 591,3720"/>
                <TextEquiv>
                    <Unicode>fragte ich.</Unicode>
                </TextEquiv>
            </TextLine>
            <TextLine id="r1l128" custom="readingOrder {index:127;}">
                <Coords points="1586,3715 2835,3757 2837,3696 1587,3679"/>
                <Baseline points="1604,3710 1664,3710 1725,3711 1786,3712 1846,3713 1907,3715 1968,3716 2028,3718 2089,3719 2150,3721 2211,3722 2271,3724 2332,3726 2393,3728 2453,3731 2514,3732 2575,3734 2635,3737 2696,3739 2757,3741 2818,3743"/>
                <TextEquiv>
                    <Unicode>genötigt, gegen meinen Willen auf den ausgetretenen</Unicode>
                </TextEquiv>
            </TextLine>
            <TextLine id="r1l129" custom="readingOrder {index:128;}">
                <Coords points="276,3773 302,3772 308,3768 328,3777 331,3774 341,3777 348,3783 354,3779 383,3781 381,3736 365,3737 348,3721 336,3732 326,3729 320,3735 310,3733 304,3739 275,3741"/>
                <Baseline points="292,3768 317,3764 342,3763 367,3765"/>
                <TextEquiv>
                    <Unicode>ot¬</Unicode>
                </TextEquiv>
            </TextLine>
            <TextLine id="r1l130" custom="readingOrder {index:129;}">
                <Coords points="1588,3760 2824,3800 2780,3750 2342,3719 1589,3718"/>
                <Baseline points="1604,3753 1664,3755 1724,3757 1784,3758 1844,3759 1904,3761 1964,3763 2025,3765 2085,3766 2145,3768 2205,3770 2265,3772 2325,3773 2385,3775 2446,3778 2506,3780 2566,3782 2626,3785 2686,3787 2746,3791 2807,3794"/>
                <TextEquiv>
                    <Unicode>Pfad zurückzukehren. Ich fügte mich, nahm aber einen Kompagnon,</Unicode>
                </TextEquiv>
            </TextLine>
            <TextLine id="r1l131" custom="readingOrder {index:130;}">
                <Coords points="485,3783 2828,3853 2752,3792 487,3731"/>
                <Baseline points="500,3771 615,3775 731,3779 846,3782 962,3786 1078,3789 1193,3792 1309,3795 1424,3798 1540,3801 1656,3804 1771,3807 1887,3809 2002,3813 2118,3816 2234,3819 2349,3822 2465,3826 2580,3829 2696,3833 2812,3837"/>
                <TextEquiv>
                    <Unicode>„Allerdings wurde ich zu einem Gastspiel nach Deutschland der Sinn hat für das Praktische. Seitdem hat das Theater große</Unicode>
                </TextEquiv>
            </TextLine>
            <TextLine id="r1l132" custom="readingOrder {index:131;}">
                <Coords points="280,3813 300,3814 312,3828 318,3822 390,3817 392,3791 376,3790 354,3772 322,3774 315,3773 309,3766 302,3772 283,3771"/>
                <Baseline points="296,3816 321,3812 346,3812 372,3822"/>
                <TextEquiv>
                    <Unicode>in¬</Unicode>
                </TextEquiv>
            </TextLine>
            <TextLine id="r1l133" custom="readingOrder {index:132;}">
                <Coords points="369,3834 2593,3890 2453,3822 371,3750"/>
                <Baseline points="386,3816 495,3819 605,3822 714,3825 824,3828 933,3831 1043,3834 1152,3837 1262,3839 1371,3843 1481,3845 1590,3848 1700,3851 1809,3854 1919,3857 2028,3860 2138,3863 2247,3866 2357,3869 2466,3872 2576,3875"/>
                <TextEquiv>
                    <Unicode>geladen,“ antwortete Gémier, „doch bin ich dermaßen in Anspruch Kassenerfolge, aber mich freut das Ganze nicht mehr!</Unicode>
                </TextEquiv>
            </TextLine>
            <TextLine id="r1l134" custom="readingOrder {index:133;}">
                <Coords points="286,3879 1597,3911 1598,3850 288,3821"/>
                <Baseline points="304,3859 367,3863 431,3866 495,3869 559,3872 623,3874 686,3876 750,3878 814,3880 878,3881 942,3882 1005,3883 1069,3884 1133,3885 1197,3886 1261,3887 1324,3888 1388,3890 1452,3891 1516,3894 1580,3896"/>
                <TextEquiv>
                    <Unicode>bst genommen, daß davon vorläufig keine Rede sein kann! Frühestens</Unicode>
                </TextEquiv>
            </TextLine>
            <TextLine id="r1l135" custom="readingOrder {index:134;}">
                <Coords points="1685,3903 2782,3950 2833,3942 2836,3867 2741,3894 1686,3861"/>
                <Baseline points="1700,3899 1755,3901 1811,3903 1867,3905 1923,3907 1979,3909 2034,3911 2090,3912 2146,3914 2202,3916 2258,3917 2313,3919 2369,3921 2425,3922 2481,3924 2537,3925 2592,3927 2648,3929 2704,3931 2760,3933 2816,3935"/>
                <TextEquiv>
                    <Unicode>Unsere bevorstehende Novität ist Tristan Bernards Revue,</Unicode>
                </TextEquiv>
            </TextLine>
            <TextLine id="r1l136" custom="readingOrder {index:135;}">
                <Coords points="358,3925 2781,4013 2818,3949 360,3854"/>
                <Baseline points="375,3918 496,3920 617,3922 739,3925 860,3927 981,3930 1103,3934 1224,3937 1345,3940 1467,3943 1588,3947 1709,3950 1831,3954 1952,3958 2073,3962 2195,3966 2316,3970 2437,3973 2559,3977 2680,3980 2802,3984"/>
                <TextEquiv>
                    <Unicode>im Herbst. Am zweckdienlichsten wäre jetzt meiner Meinung nach die ebenfalls ein großer Kassenerfolg zu werden verspricht. (De</Unicode>
                </TextEquiv>
            </TextLine>
            <TextEquiv>
                <Unicode>I.
24. Das veite Lang
box 29/5
du ten wi. en mi. der dislung undekannnn, undermuteten
ei.kommen. Sie schildern sich unfähig in Beruf und Geeuschaft, in Ursache auch das Leiden selbst gesundet werden kann.
jetzt
ischen
ig und
Eine Stunde mit Firmin Gemier.
zu
und
Nun
Internationale Beethoven=Feier in Paris. — Die Riesenbühne der
ch im
Zukunft.
Seine
- Artur Schnitzler im Odéontheater.
=Oper
Von unserem Korrespondenten C. Benedek.
dem
terte,
Paris, den 17. März. ein Berliner Gastspiel der Comédie Française, natürlich mit den
„Das Beethoven=Zentenarium
kommt mir wie gerufen“
ein
möglichst besten Kräften. Nun ist es aber äußerst schwierig, ein
meinte Firmin Gémier, der weitaus
begabteste Theatermann der
ich
gutes französisches Ensemble für ein Auslandgastspiel zusammen¬
Franzosen, dessen Namen die alte staatliche Bühne des Odéon= zustellen. Unsere besten Schauspieler sind stets vielseitig verpflichtet.
nd
theaters mit neuem Ruhm bestrahlt. „In Beethoven“, erklärte er, weshalb die französischen Theater zu Auslandgastspielen meisten¬
sehe ich sowohl den internationalen Künstler, wie auch einen
teils mit einer sehr mäßigen Truppe eintreffen. Mein Repertoire
Mann des Volkes. Die von der Regierung veranstaltete amtliche
für eine Auslandtournee würde im Sinne meines oben erwähnten
Beethoven=Feier wird am 23. Mai stattfinden. Wie bei allen Grundsatzes in erster Reihe etwas Klassisch-Französisches (etwa
ähnlichen Veranstaltungen wird es da wohl elegant und zugleich den „Bourgeois Gentilhomme"),
dann aber nebst Tristan
intim zugehen und daher wird das Fest bloß eine kleine geistige Bernard und Lenormand Theaterstücke unserer jüngsten Bühnen¬
Elite in Mitleidenschaft ziehen. Ich meine aber: die wirkliche
schriftsteller enthalten ..
Elite ist die Menge, daher soll meine Beethoven-Feier zugleich zu
„Wie denken Sie über die Reform des Theaters und die
ine Beethoven=Propaganda für die französischen Volksmassen Bühne der Zukunft?“ fragte ich ihn.
werden und sogar zu einer Propaganda für die Annäherung der
Völker.
„Zweifellos ist das Theater reformbedürftig“, antwortete
Gémier. „Die neuesten Versuche auf diesem Gebiei — namentlich
Im beliebten Volksgarten, dem Wald von Vincennes,
die der Russen -
— sind überaus beachtenswert, doch bedeuten sie
vird im kommenden Juni das Denkmal des tauben Titanen ent= kaum mehr als ein Tasten. Die neue Bühne wird nicht erklügelten
hüllt; bei dieser Gelegenheit will ich dort unter der Aegide
Grundsätzen und Lehren entspringen. Sie muß sich von selbst er¬
Beethovens ein geistiges Locarno veranstalten. Meine Bühne wird
nenern, indem sie sich der erneuten Auffassung der Zuschauer an¬
der herrliche Rasen von Vincennes, die Waldperspektive meine gleicht. Sicherlich wird dieser Vorgang noch Jahrzehnte be¬
Kulisse und der Sommerhimmel die Decke meines Theaters. Auf anspruchen. Das Theater
bedarf eines Genies, das die Emp¬
dieser Bühne Gottes werden vor tausenden Zuschauern außer den findungen des Publikums
gefühlsmäßig erfassen und in seiner
französischen Schauspielern auch die Bühnenkünstler des Auslandes
a5
Person vereinigen würde. Auf den Gebieten der Kunst kann
die Auslese ihrer Schöpfungen vorführen. Die Feierlichkeit wird Neues bloß durch persönliche Intuition geschaffen werden ...
#tur¬
unter dem Patronat der Regierung stattfinden, und bereits trat Unseren Modernsten mache ich hauptsächlich den Vorwurf, daß sie
det, ich mit den verschiedenen diplomatischen Vertretungen in Ver= sich immer kleinere und intimere Bühnen für ihre Dichtungen
ischen bindung, um das Mitwirken der ausländischen Bühnenkunst zu aussuchen, wo doch die Zukunft den Massen gehört, dem groß¬
r hat erwirken. Auch mit Reinhardt sprach ich hierüber, der sich gegen= zügigen Spiel und der Riesenbühne.“
ann= wärtig in Paris aufhält, und mit dem ich freilich auch bezüglich
„Mir schien es, daß Sie im Odéon Ihre Ideen nur zu
von des Festival de printemps so manches zu besprechen habe.
einem kleinen Teil verwirklichen“, bemerkte ich.
Auch bei dem Festival wurde ich von dem Gedanken des
„Mit dem Odéon“, antwortete Gémier unlustig, „ist nicht
geistigen Zusammenschlusses der Völker geleitet. Ich spreche davon viel anzufangen. Nun, ich bin immer noch bestrebt, unser
ungern vor der Oeffentlichkeit, da die einzelnen Programmpunkte
Publikum mit den Größen des Auslandes bekanntzumachen. So
noch nicht genau festgesetzt wurden. Jedenfalls ist die Mitarbeit ließ ich auch Molnars „Schwan“ auf die Bühne bringen. Dieser
der Deutschen, Russen und Engländer bereits gesichert. Die Aufführung schadete eben der zu gute Wille des Autors. Molnar
Bühnenkunst aller Nationen hat sich zu den Festspielen angesagt
hat seinen „Schwan“ auf den Bühnen der verschiedensten Länder
und ich bin bemüht, eine gerechte Auswahl zu treffen, da wir im
gesehen und wollte im Odéon die wirkungsvollen Einfälle all
Interesse der Sache selbst unseren Zuschauern nur wirklich Wert= jener Vorstellungen anhäufen. Allein in den zweiten Aufzug hat
volles und in Frankreich Unbekanntes bieten dürsen. Die aus-er zweiundfünfzig neue Wendungen und Einfälle hineingepreßt; das
ländischen Gäste sollen nebst ihrem eigenen Repertoire und ihren zarte, leichte Stück trug aber schwer an dieser Last. In der nächsten
ad
Künstlern auch ihre Dekorationen und Regisseure nach Paris mit= Zukunft gedenke ich ein österreichisches Meisterwerk Artur
gs¬
führen: es soll Raum geboten werden allen Neuerungsversuchen, mit Schnitzlers, „Le pays de l'äme“ in Szene zu setzen, das
Ein
denen die verschiedenen Völker, gemäß ihrer Eigenart, die Schaubühne voraussichtlich einen großen Erfolg haben wird.
ten,
den neuen Forderungen angleichen wollen... Die geistigen
ad.
Aber mit dem Odéon kommt man nicht weit! Ein staatliches
Arbeiter und die Künstler sollten Politikern und Diplomaten den Institut, dessen Schicksal von den Logenabonnenten abhängt,
nur
Weg zum einheitlichen Europa weisen. Leider geschieht das zumeist ältere Herrschaften, deren Geschmack der neuen Zeit nicht
Gegenteil: die zum Vorkämpfer berufene Kunst trottet stets weit
à
immer gerecht wird. Ich kam mit weitgehenden Reformabsichten
hinter dem Karren der Politik.
aus Odéon. Die Schauspieler paßten mir überaus: junge,
Den in Paris gastierenden ausländischen Truppen müßte
intelligente Kräfte, die einer fachgemäßen Leitung willig gehorchen.
im allgemeinen klargemacht werden, daß sie dem Pariser Publikum
In den ersten Jahren ging es tätsächlich vielversprechend an und
nicht die pariserische Art vorzumachen haben — auch nicht, wenn
wir schufen schöne Sachen. Ich hätte noch etwa drei Jahre
es ihnen noch so gut gelingt. Es interessiert uns nicht, wie sehr
benötigt, um (was wichtiger ist) auch den Zuschauerraum
sich dieses oder jenes Land in den französischen Salonstücken
reformieren zu können. Nach und nach meldete sich langsam das
hervortut, sondern vielmehr, was es ganz unabhängig von der neue Publikum, aber die Alten blieben aus und das Theater
französischen Weise in seiner eigenen Art zu leisten vermag!“
arbeitete vorübergehend mit Defizit. Nun, man hatte eben
„Nun würde es mich aber überaus interessieren, mit welchem
nd
keine Geduld, die Umwandlung abzuwarten, und ich wurde
Repertoire Sie selbst in Deutschland aufzutreten gedenken,
so
fragte ich.
genötigt, gegen meinen Willen auf den ausgetretenen
ot¬
Pfad zurückzukehren. Ich fügte mich, nahm aber einen Kompagnon,
„Allerdings wurde ich zu einem Gastspiel nach Deutschland der Sinn hat für das Praktische. Seitdem hat das Theater große
in¬
geladen,“ antwortete Gémier, „doch bin ich dermaßen in Anspruch Kassenerfolge, aber mich freut das Ganze nicht mehr!
bst genommen, daß davon vorläufig keine Rede sein kann! Frühestens
Unsere bevorstehende Novität ist Tristan Bernards Revue,
im Herbst. Am zweckdienlichsten wäre jetzt meiner Meinung nach die ebenfalls ein großer Kassenerfolg zu werden verspricht. (De</Unicode>
            </TextEquiv>
        </TextRegion>
        <TextRegion orientation="0.0" id="r2" custom="readingOrder {index:1;}">
            <Coords points="2986,455 2986,609 3000,609 3000,455"/>
            <TextLine id="r2l1" custom="readingOrder {index:0;}">
                <Coords points="2976,580 3022,574 2959,357 2940,359 2933,371 2918,375"/>
                <Baseline points="2986,559 3000,555"/>
                <TextEquiv>
                    <Unicode>2</Unicode>
                </TextEquiv>
            </TextLine>
            <TextEquiv>
                <Unicode>2</Unicode>
            </TextEquiv>
        </TextRegion>
    </Page>
</PcGts>
