<?xml version="1.0" encoding="UTF-8" standalone="yes"?>
<PcGts xmlns="http://schema.primaresearch.org/PAGE/gts/pagecontent/2013-07-15" xmlns:xsi="http://www.w3.org/2001/XMLSchema-instance" xsi:schemaLocation="http://schema.primaresearch.org/PAGE/gts/pagecontent/2013-07-15 http://schema.primaresearch.org/PAGE/gts/pagecontent/2013-07-15/pagecontent.xsd">
    <Metadata>
        <Creator>prov=University of Rostock/Institute of Mathematics/CITlab/Gundram Leifert/gundram.leifert@uni-rostock.de:name=ONB_Newseye_GT_M1+(htr_id=10810)::::v=2.4.2
prov=University of Rostock/Institute of Mathematics/CITlab/Tobias Gruening/tobias.gruening@uni-rostock.de:name=de.uros.citlab.module.baseline2polygon.B2PSeamMultiOriented:v=2.4.2
prov=University of Rostock/Institute of Mathematics/CITlab/Tobias Gruening/tobias.gruening@uni-rostock.de:name=/mnt/transkribus/LA/DEA/URO/LA_news_onb_att.pb:de.uros.citlab.segmentation.CITlab_LA_ML:v=2.4.2
Transkribus</Creator>
        <Created>2019-10-07T11:15:30.403+02:00</Created>
        <LastChange>2019-10-08T06:31:23.316+02:00</LastChange>
        <TranskribusMetadata docId="223964" pageId="9498123" pageNr="709" tsid="16504230" status="IN_PROGRESS" userId="40391" imgUrl="https://files.transkribus.eu/Get?id=HDVFHMMEKFTTGZFHOURKXITD&amp;fileType=view" xmlUrl="https://files.transkribus.eu/Get?id=JDNTODJNFTPKDKIBWBFAXHFN" imageId="6188349"/>
    </Metadata>
    <Page imageFilename="223964_0709.jpeg" imageWidth="3392" imageHeight="4352">
        <ReadingOrder>
            <OrderedGroup id="ro_1711442024852" caption="Regions reading order">
                <RegionRefIndexed index="0" regionRef="r1"/>
            </OrderedGroup>
        </ReadingOrder>
        <TextRegion orientation="0.0" id="r1" custom="readingOrder {index:0;}">
            <Coords points="332,161 332,4177 2871,4177 2871,161"/>
            <TextLine id="r1l1" custom="readingOrder {index:0;}">
                <Coords points="1447,226 1499,210 1551,236 1663,201 1695,225 1723,205 1790,224 1817,204 1840,225 1872,205 1909,207 1909,169 1818,139 1756,150 1706,139 1648,179 1595,151 1562,161 1490,138 1448,157"/>
                <Baseline points="1455,200 1481,199 1507,199 1533,199 1559,200 1586,201 1612,202 1638,202 1664,203 1691,204 1717,205 1743,205 1769,206 1796,206 1822,205 1848,204 1874,203 1901,200"/>
                <TextEquiv>
                    <Unicode>box 29/5</Unicode>
                </TextEquiv>
            </TextLine>
            <TextLine id="r1l2" custom="readingOrder {index:1;}">
                <Coords points="324,186 648,236 1269,241 1293,165 881,140 726,167 578,135 513,179 439,138 325,139"/>
                <Baseline points="332,183 379,188 427,193 474,197 522,201 570,204 617,207 665,209 712,211 760,212 808,213 855,214 903,215 950,215 998,216 1046,216 1093,217 1141,217 1188,218 1236,218 1284,219"/>
                <TextEquiv>
                    <Unicode>24. Das veite Land</Unicode>
                </TextEquiv>
            </TextLine>
            <TextLine id="r1l3" custom="readingOrder {index:2;}">
                <Coords points="909,538 1139,558 1210,543 1306,570 1518,577 1558,560 1560,515 1466,492 1410,508 1225,490 1152,510 913,469"/>
                <Baseline points="918,526 949,529 981,533 1012,535 1044,538 1076,540 1107,542 1139,545 1170,547 1202,549 1234,551 1265,552 1297,553 1328,554 1360,555 1392,556 1423,557 1455,557 1486,558 1518,558 1550,558"/>
                <TextEquiv>
                    <Unicode>Dr. Max Soldschmiet</Unicode>
                </TextEquiv>
            </TextLine>
            <TextLine id="r1l4" custom="readingOrder {index:3;}">
                <Coords points="912,586 1051,589 1114,619 1170,604 1513,626 1546,619 1548,579 1201,552 1127,572 1094,547 914,537"/>
                <Baseline points="920,581 952,584 985,587 1017,590 1050,592 1082,594 1115,597 1148,599 1180,600 1213,602 1245,603 1278,605 1310,605 1343,606 1376,608 1408,608 1441,610 1473,610 1506,611 1539,612"/>
                <TextEquiv>
                    <Unicode>Büro für Zeitungsausschnitte</Unicode>
                </TextEquiv>
            </TextLine>
            <TextLine id="r1l5" custom="readingOrder {index:4;}">
                <Coords points="716,620 882,637 913,627 946,639 1033,626 1035,599 972,600 923,590 906,573 843,580 824,568 783,580 766,565 734,577 720,571"/>
                <Baseline points="725,613 752,614 779,615 806,618 833,620 860,622 887,625 914,626 941,629 968,632 995,634 1023,636"/>
                <TextEquiv>
                    <Unicode>BBRLIN N 4</Unicode>
                </TextEquiv>
            </TextLine>
            <TextLine id="r1l6" custom="readingOrder {index:5;}">
                <Coords points="1284,652 1569,672 1603,658 1641,678 1694,677 1735,663 1737,603 1661,593 1599,631 1285,614"/>
                <Baseline points="1292,644 1317,646 1343,648 1368,650 1394,652 1419,653 1445,655 1471,657 1496,657 1522,659 1547,659 1573,660 1599,661 1624,661 1650,661 1675,661 1701,661 1727,660"/>
                <TextEquiv>
                    <Unicode>Teleion: Norden äpst</Unicode>
                </TextEquiv>
            </TextLine>
            <TextLine id="r1l7" custom="readingOrder {index:6;}">
                <Coords points="1052,701 1138,725 1175,711 1308,730 1391,723 1392,695 1314,680 1290,689 1244,674 1215,683 1116,679 1103,668 1052,688"/>
                <Baseline points="1060,704 1086,705 1113,707 1140,707 1167,708 1194,709 1221,710 1247,711 1274,712 1301,713 1328,714 1355,716 1382,719"/>
                <TextEquiv>
                    <Unicode>Ausschnitt aus:</Unicode>
                </TextEquiv>
            </TextLine>
            <TextLine id="r1l8" custom="readingOrder {index:7;}">
                <Coords points="891,756 1074,778 1149,762 1242,793 1394,776 1476,784 1504,810 1584,790 1586,771 1475,717 1377,738 1044,700 958,712 895,686"/>
                <Baseline points="900,747 933,748 967,751 1001,753 1035,754 1069,756 1102,758 1136,759 1170,761 1204,763 1238,765 1271,766 1305,768 1339,770 1373,773 1406,775 1440,778 1474,781 1508,785 1542,789 1576,793"/>
                <TextEquiv>
                    <Unicode>Berliner Börsenzeitung</Unicode>
                </TextEquiv>
            </TextLine>
            <TextLine id="r1l9" custom="readingOrder {index:8;}">
                <Coords points="1347,966 1439,962 1496,990 1520,983 1548,1010 1609,1006 1637,1026 1667,1028 1684,951 1634,931 1615,938 1566,927 1555,914 1525,927 1504,908 1494,914 1446,890 1367,877"/>
                <Baseline points="1358,953 1383,953 1408,954 1434,959 1459,964 1485,971 1510,979 1535,986 1561,993 1586,999 1612,1003 1637,1005 1663,1006"/>
                <TextEquiv>
                    <Unicode>1. Dez 1929</Unicode>
                </TextEquiv>
            </TextLine>
            <TextLine id="r1l10" custom="readingOrder {index:9;}">
                <Coords points="1716,1054 1741,1052 1754,1064 1766,1057 1781,1069 1803,1069 1803,990 1778,998 1768,992 1761,997 1749,993 1746,997 1734,995 1726,1002 1716,1000"/>
                <Baseline points="1725,1048 1760,1048 1795,1048"/>
                <TextEquiv>
                    <Unicode>K</Unicode>
                </TextEquiv>
            </TextLine>
            <TextLine id="r1l11" custom="readingOrder {index:10;}">
                <Coords points="938,1203 1000,1192 1013,1204 1039,1188 1075,1205 1101,1187 1145,1204 1189,1196 1225,1221 1309,1200 1314,1088 1246,1101 1176,1092 1134,1056 1100,1069 1074,1049 999,1050 969,1075 943,1067"/>
                <Baseline points="947,1179 972,1178 997,1177 1022,1177 1048,1177 1073,1179 1098,1180 1124,1181 1149,1183 1174,1185 1199,1186 1225,1187 1250,1188 1275,1188 1301,1187"/>
                <TextEquiv>
                    <Unicode>Kune</Unicode>
                </TextEquiv>
            </TextLine>
            <TextLine id="r1l12" custom="readingOrder {index:11;}">
                <Coords points="1315,1191 2668,1202 2668,1144 2516,1068 2407,1121 2335,1069 2201,1122 1954,1110 1857,1050 1440,1132 1315,1071"/>
                <Baseline points="1323,1201 1389,1198 1456,1195 1523,1193 1590,1192 1657,1191 1724,1191 1790,1191 1857,1191 1924,1192 1991,1193 2058,1194 2125,1195 2192,1196 2258,1197 2325,1198 2392,1198 2459,1199 2526,1199 2593,1199 2660,1198"/>
                <TextEquiv>
                    <Unicode>t und Wliesenschaft.</Unicode>
                </TextEquiv>
            </TextLine>
            <TextLine id="r1l13" custom="readingOrder {index:12;}">
                <Coords points="1800,1277 2867,1295 2867,1254 2751,1231 1801,1224"/>
                <Baseline points="1809,1270 1861,1271 1914,1271 1966,1272 2019,1272 2071,1273 2124,1274 2176,1275 2229,1276 2281,1276 2334,1277 2386,1278 2439,1278 2491,1279 2544,1279 2596,1280 2649,1280 2701,1281 2754,1281 2806,1281 2859,1281"/>
                <TextEquiv>
                    <Unicode>der als Hoteldirektor Natürlichkeit spielt, Herrn Falken¬</Unicode>
                </TextEquiv>
            </TextLine>
            <TextLine id="r1l14" custom="readingOrder {index:13;}">
                <Coords points="794,1276 993,1309 1627,1315 1670,1304 1671,1272 1564,1230 795,1234"/>
                <Baseline points="802,1279 845,1280 888,1281 931,1282 974,1283 1017,1284 1060,1285 1103,1286 1146,1286 1189,1287 1232,1288 1275,1289 1318,1289 1361,1290 1404,1290 1447,1291 1490,1291 1533,1291 1576,1291 1619,1291 1663,1290"/>
                <TextEquiv>
                    <Unicode>Die Rotters im Lessing=Theater.</Unicode>
                </TextEquiv>
            </TextLine>
            <TextLine id="r1l15" custom="readingOrder {index:14;}">
                <Coords points="1806,1323 2880,1322 2846,1289 1948,1304 1806,1277"/>
                <Baseline points="1814,1316 1866,1317 1919,1318 1972,1319 2025,1320 2078,1321 2131,1321 2183,1322 2236,1322 2289,1322 2342,1322 2395,1323 2448,1323 2501,1323 2553,1323 2606,1323 2659,1324 2712,1324 2765,1324 2818,1324 2871,1325"/>
                <TextEquiv>
                    <Unicode>stein, den Schriftsteller mit ein paar sitzenden Zügen</Unicode>
                </TextEquiv>
            </TextLine>
            <TextLine id="r1l16" custom="readingOrder {index:15;}">
                <Coords points="896,1340 1167,1360 1569,1350 1569,1306 1246,1302 1162,1323 934,1297 897,1315"/>
                <Baseline points="905,1340 937,1341 970,1342 1003,1343 1036,1344 1069,1344 1101,1345 1134,1345 1167,1346 1200,1346 1233,1346 1265,1346 1298,1347 1331,1347 1364,1347 1396,1346 1429,1346 1462,1346 1495,1346 1528,1346 1561,1346"/>
                <TextEquiv>
                    <Unicode>Schnitzler: „Das weite Land“.</Unicode>
                </TextEquiv>
            </TextLine>
            <TextLine id="r1l17" custom="readingOrder {index:16;}">
                <Coords points="1803,1372 2752,1384 2875,1374 2876,1340 1804,1337"/>
                <Baseline points="1812,1357 1864,1358 1917,1359 1970,1360 2023,1360 2075,1361 2128,1362 2181,1363 2234,1364 2286,1364 2339,1365 2392,1365 2445,1366 2497,1366 2550,1367 2603,1367 2656,1367 2708,1367 2761,1367 2814,1366 2867,1366"/>
                <TextEquiv>
                    <Unicode>charakterisierend, ebenso wie Schroth den Bankier</Unicode>
                </TextEquiv>
            </TextLine>
            <TextLine id="r1l18" custom="readingOrder {index:17;}">
                <Coords points="769,1386 1710,1409 1777,1406 1778,1358 1686,1351 1644,1383 1584,1355 769,1344"/>
                <Baseline points="777,1382 826,1384 876,1386 925,1387 975,1389 1025,1390 1074,1392 1124,1392 1173,1393 1223,1394 1273,1395 1322,1395 1372,1396 1421,1396 1471,1396 1521,1396 1570,1397 1620,1397 1669,1397 1719,1397 1769,1396"/>
                <TextEquiv>
                    <Unicode>Beginn der Aera Rotter im Lessing=Theater. Das</Unicode>
                </TextEquiv>
            </TextLine>
            <TextLine id="r1l19" custom="readingOrder {index:18;}">
                <Coords points="1804,1410 2878,1416 2878,1386 2810,1374 1805,1369"/>
                <Baseline points="1813,1403 1865,1403 1918,1403 1971,1403 2024,1404 2077,1404 2130,1405 2182,1405 2235,1406 2288,1407 2341,1407 2394,1408 2447,1409 2500,1409 2552,1410 2605,1410 2658,1410 2711,1410 2764,1410 2817,1410 2870,1409"/>
                <TextEquiv>
                    <Unicode>Natter, und die Schneider=Nissen, als geschwätzig¬</Unicode>
                </TextEquiv>
            </TextLine>
            <TextLine id="r1l20" custom="readingOrder {index:19;}">
                <Coords points="696,1436 1673,1458 1776,1444 1777,1406 697,1385"/>
                <Baseline points="705,1428 758,1429 811,1429 864,1431 917,1431 970,1433 1023,1434 1077,1435 1130,1436 1183,1437 1236,1439 1289,1440 1342,1440 1395,1441 1449,1441 1502,1441 1555,1441 1608,1441 1661,1440 1714,1439 1768,1437"/>
                <TextEquiv>
                    <Unicode>Revue=Provisorium ist zu Ende. Jetzt heißt es: selbst ist</Unicode>
                </TextEquiv>
            </TextLine>
            <TextLine id="r1l21" custom="readingOrder {index:20;}">
                <Coords points="1808,1454 2845,1467 2873,1419 1809,1419"/>
                <Baseline points="1817,1444 1869,1446 1921,1446 1974,1447 2026,1448 2078,1448 2131,1449 2183,1449 2235,1450 2288,1450 2340,1451 2392,1451 2445,1451 2497,1452 2549,1452 2602,1453 2654,1453 2706,1453 2759,1454 2811,1454 2864,1455"/>
                <TextEquiv>
                    <Unicode>neugierige Frau Wahl von ausreichender Komik. Josef</Unicode>
                </TextEquiv>
            </TextLine>
            <TextLine id="r1l22" custom="readingOrder {index:21;}">
                <Coords points="701,1480 1783,1487 1783,1439 701,1436"/>
                <Baseline points="709,1473 762,1473 815,1474 868,1475 922,1476 975,1477 1028,1478 1082,1479 1135,1480 1188,1481 1242,1482 1295,1482 1348,1483 1401,1483 1455,1484 1508,1484 1561,1484 1615,1484 1668,1484 1721,1483 1775,1483"/>
                <TextEquiv>
                    <Unicode>der Mann (oder: selbst sind die Männer). Ich hätte ge¬</Unicode>
                </TextEquiv>
            </TextLine>
            <TextLine id="r1l23" custom="readingOrder {index:22;}">
                <Coords points="1805,1499 2874,1502 2829,1461 1805,1449"/>
                <Baseline points="1814,1484 1866,1486 1919,1489 1971,1490 2024,1492 2076,1492 2129,1494 2181,1494 2234,1495 2286,1495 2339,1496 2392,1496 2444,1496 2497,1496 2549,1496 2602,1496 2654,1496 2707,1496 2759,1496 2812,1496 2865,1496"/>
                <TextEquiv>
                    <Unicode>Kleins Noblesse geht glatt in dem „anständigen" Doktor</Unicode>
                </TextEquiv>
            </TextLine>
            <TextLine id="r1l24" custom="readingOrder {index:23;}">
                <Coords points="691,1523 1772,1543 1740,1491 692,1487"/>
                <Baseline points="700,1517 753,1518 806,1518 859,1519 912,1520 965,1520 1018,1521 1072,1522 1125,1523 1178,1524 1231,1524 1284,1525 1337,1526 1390,1527 1444,1527 1497,1527 1550,1528 1603,1528 1656,1528 1709,1528 1763,1528"/>
                <TextEquiv>
                    <Unicode>wünscht: Rotters hätten an diesem Punkte die Kritik (die zu</Unicode>
                </TextEquiv>
            </TextLine>
            <TextLine id="r1l25" custom="readingOrder {index:24;}">
                <Coords points="1805,1537 2879,1544 2879,1502 1806,1499"/>
                <Baseline points="1814,1528 1866,1530 1919,1533 1972,1534 2025,1536 2078,1537 2131,1538 2183,1539 2236,1539 2289,1540 2342,1540 2395,1540 2448,1540 2501,1540 2553,1540 2606,1540 2659,1540 2712,1541 2765,1541 2818,1541 2871,1542"/>
                <TextEquiv>
                    <Unicode>Mauer auf. Ganz verlassen in dieser Welt nur eine</Unicode>
                </TextEquiv>
            </TextLine>
            <TextLine id="r1l26" custom="readingOrder {index:25;}">
                <Coords points="688,1577 1768,1584 1768,1546 1628,1534 688,1527"/>
                <Baseline points="696,1559 749,1561 802,1562 855,1564 908,1565 961,1565 1014,1566 1068,1567 1121,1567 1174,1567 1227,1567 1280,1567 1333,1567 1386,1568 1440,1568 1493,1568 1546,1569 1599,1570 1652,1571 1705,1572 1759,1574"/>
                <TextEquiv>
                    <Unicode>99 Prozent gegen sie ist) mundtot gemacht, vielmehr: zu</Unicode>
                </TextEquiv>
            </TextLine>
            <TextLine id="r1l27" custom="readingOrder {index:26;}">
                <Coords points="1796,1600 2877,1582 2867,1544 1797,1550"/>
                <Baseline points="1805,1574 1858,1574 1911,1574 1964,1575 2017,1576 2070,1577 2123,1578 2177,1579 2230,1580 2283,1581 2336,1582 2389,1583 2442,1584 2495,1585 2549,1585 2602,1585 2655,1585 2708,1585 2761,1584 2814,1583 2868,1581"/>
                <TextEquiv>
                    <Unicode>jüngere Schauspielerin Ellen Tietz. Ist's schauspiele¬</Unicode>
                </TextEquiv>
            </TextLine>
            <TextLine id="r1l28" custom="readingOrder {index:27;}">
                <Coords points="700,1619 1767,1619 1690,1579 700,1574"/>
                <Baseline points="708,1605 760,1606 813,1607 865,1609 918,1609 970,1610 1023,1611 1075,1612 1128,1612 1180,1613 1233,1613 1286,1613 1338,1614 1391,1614 1443,1614 1496,1614 1548,1614 1601,1613 1653,1613 1706,1612 1759,1612"/>
                <TextEquiv>
                    <Unicode>sich herübergezwungen. Durch die Wahl eines neuen</Unicode>
                </TextEquiv>
            </TextLine>
            <TextLine id="r1l29" custom="readingOrder {index:28;}">
                <Coords points="1795,1625 2874,1628 2838,1591 1795,1601"/>
                <Baseline points="1804,1616 1857,1617 1910,1619 1963,1620 2016,1621 2069,1622 2122,1623 2175,1624 2228,1625 2281,1626 2334,1626 2387,1627 2440,1628 2493,1628 2546,1629 2599,1629 2652,1630 2705,1630 2758,1631 2811,1631 2865,1632"/>
                <TextEquiv>
                    <Unicode>rische Unbeholfenheit oder die Herbheit einer Natur, daß</Unicode>
                </TextEquiv>
            </TextLine>
            <TextLine id="r1l30" custom="readingOrder {index:29;}">
                <Coords points="697,1663 1771,1658 1771,1624 697,1618"/>
                <Baseline points="705,1648 757,1648 810,1649 863,1650 916,1651 969,1652 1022,1652 1074,1653 1127,1654 1180,1655 1233,1656 1286,1657 1339,1657 1392,1658 1444,1658 1497,1658 1550,1658 1603,1658 1656,1658 1709,1657 1762,1656"/>
                <TextEquiv>
                    <Unicode>Stückes, das den Stempel unserer Zeit trägt. Durch eine</Unicode>
                </TextEquiv>
            </TextLine>
            <TextLine id="r1l31" custom="readingOrder {index:30;}">
                <Coords points="1805,1672 2876,1675 2838,1640 2681,1629 1806,1629"/>
                <Baseline points="1814,1659 1866,1661 1919,1662 1971,1663 2024,1664 2077,1665 2129,1665 2182,1666 2235,1667 2287,1668 2340,1669 2393,1670 2445,1670 2498,1671 2551,1671 2603,1672 2656,1673 2709,1673 2761,1673 2814,1674 2867,1674"/>
                <TextEquiv>
                    <Unicode>sie der dem Don Juan Verfallenen innerlich völlig fremd</Unicode>
                </TextEquiv>
            </TextLine>
            <TextLine id="r1l32" custom="readingOrder {index:31;}">
                <Coords points="690,1695 1772,1722 1746,1665 691,1667"/>
                <Baseline points="699,1692 752,1692 805,1693 858,1694 912,1694 965,1695 1018,1696 1072,1697 1125,1698 1178,1699 1232,1699 1285,1700 1338,1701 1391,1701 1445,1702 1498,1702 1551,1702 1605,1702 1658,1702 1711,1702 1765,1702"/>
                <TextEquiv>
                    <Unicode>Besetzung mit Schauspielern, die Neues zu sagen haben.</Unicode>
                </TextEquiv>
            </TextLine>
            <TextLine id="r1l33" custom="readingOrder {index:32;}">
                <Coords points="1799,1715 1850,1722 1863,1714 1871,1717 1890,1709 1920,1716 1938,1697 1952,1699 1952,1674 1938,1671 1912,1669 1898,1674 1872,1669 1860,1677 1841,1667 1800,1675"/>
                <Baseline points="1807,1700 1834,1702 1861,1702 1889,1701 1916,1701 1944,1703"/>
                <TextEquiv>
                    <Unicode>bleibt?</Unicode>
                </TextEquiv>
            </TextLine>
            <TextLine id="r1l34" custom="readingOrder {index:33;}">
                <Coords points="694,1734 1649,1764 1766,1754 1767,1718 695,1707"/>
                <Baseline points="702,1735 754,1737 807,1738 860,1739 913,1740 966,1741 1018,1741 1071,1742 1124,1742 1177,1742 1230,1743 1282,1743 1335,1743 1388,1743 1441,1743 1494,1743 1546,1743 1599,1744 1652,1744 1705,1744 1758,1744"/>
                <TextEquiv>
                    <Unicode>Aber sie bleiben im sicheren Port. Greifen wieder auf einen</Unicode>
                </TextEquiv>
            </TextLine>
            <TextLine id="r1l35" custom="readingOrder {index:34;}">
                <Coords points="1869,1749 2880,1763 2880,1724 2828,1718 2156,1727 2058,1690 2022,1720 1870,1717"/>
                <Baseline points="1878,1747 1927,1747 1977,1748 2026,1749 2076,1749 2126,1751 2175,1751 2225,1753 2275,1754 2324,1755 2374,1756 2424,1758 2473,1759 2523,1759 2573,1760 2622,1761 2672,1761 2722,1761 2771,1761 2821,1760 2871,1759"/>
                <TextEquiv>
                    <Unicode>Der Spielleiter Kanehl hatte es nicht schwer, mit</Unicode>
                </TextEquiv>
            </TextLine>
            <TextLine id="r1l36" custom="readingOrder {index:35;}">
                <Coords points="696,1787 1775,1786 1672,1751 697,1755"/>
                <Baseline points="705,1779 758,1781 811,1782 864,1783 917,1784 970,1785 1023,1786 1076,1786 1129,1787 1182,1787 1236,1788 1289,1788 1342,1788 1395,1788 1448,1789 1501,1789 1554,1789 1607,1789 1660,1789 1713,1789 1767,1788"/>
                <TextEquiv>
                    <Unicode>alten Schnitzler zurück. Und besetzen ihn mit einem</Unicode>
                </TextEquiv>
            </TextLine>
            <TextLine id="r1l37" custom="readingOrder {index:36;}">
                <Coords points="1801,1806 2873,1816 2873,1772 2835,1765 1802,1752"/>
                <Baseline points="1810,1789 1862,1790 1915,1790 1968,1791 2021,1792 2073,1793 2126,1793 2179,1795 2232,1796 2284,1797 2337,1798 2390,1799 2443,1800 2495,1801 2548,1802 2601,1803 2654,1804 2706,1804 2759,1805 2812,1805 2865,1804"/>
                <TextEquiv>
                    <Unicode>der alten Mimenschar den Schnitzler=Ton zu treffen. Und</Unicode>
                </TextEquiv>
            </TextLine>
            <TextLine id="r1l38" custom="readingOrder {index:37;}">
                <Coords points="695,1835 1774,1840 1736,1798 695,1795"/>
                <Baseline points="704,1823 757,1824 810,1825 863,1826 916,1827 969,1828 1022,1829 1075,1829 1128,1830 1181,1830 1234,1831 1287,1831 1340,1831 1393,1831 1446,1831 1499,1831 1552,1831 1605,1830 1658,1830 1711,1830 1765,1829"/>
                <TextEquiv>
                    <Unicode>Senioren=Konvent von Mimen. Die Folge: sie machen uns</Unicode>
                </TextEquiv>
            </TextLine>
            <TextLine id="r1l39" custom="readingOrder {index:38;}">
                <Coords points="1797,1842 2819,1864 2870,1810 1798,1804"/>
                <Baseline points="1806,1831 1858,1832 1911,1834 1964,1835 2017,1836 2069,1837 2122,1839 2175,1840 2228,1841 2280,1843 2333,1844 2386,1845 2439,1845 2491,1846 2544,1846 2597,1847 2650,1847 2702,1847 2755,1846 2808,1845 2861,1844"/>
                <TextEquiv>
                    <Unicode>wenn die Langsamkeit des Tempos an unseren Nerven</Unicode>
                </TextEquiv>
            </TextLine>
            <TextLine id="r1l40" custom="readingOrder {index:39;}">
                <Coords points="693,1886 1769,1875 1757,1840 693,1835"/>
                <Baseline points="702,1869 757,1870 813,1871 869,1872 924,1873 980,1873 1036,1874 1092,1874 1147,1875 1203,1875 1259,1876 1315,1876 1370,1876 1426,1876 1482,1876 1538,1876 1593,1876 1649,1876 1705,1876 1761,1875"/>
                <TextEquiv>
                    <Unicode>gleichgültig. Gegen sie zu wettern, den 99 Prozent wäre</Unicode>
                </TextEquiv>
            </TextLine>
            <TextLine id="r1l41" custom="readingOrder {index:40;}">
                <Coords points="1804,1887 2851,1910 2870,1855 1804,1845"/>
                <Baseline points="1812,1879 1864,1880 1916,1880 1969,1880 2021,1881 2074,1882 2126,1883 2179,1884 2231,1885 2284,1886 2336,1887 2388,1888 2441,1889 2493,1889 2546,1890 2598,1891 2651,1892 2703,1892 2756,1892 2808,1892 2861,1892"/>
                <TextEquiv>
                    <Unicode>riß, so darf er vielleicht gerade darum für sich in Anspruch</Unicode>
                </TextEquiv>
            </TextLine>
            <TextLine id="r1l42" custom="readingOrder {index:41;}">
                <Coords points="689,1916 1706,1937 1766,1925 1767,1882 689,1891"/>
                <Baseline points="698,1910 751,1911 804,1912 857,1913 910,1914 963,1915 1016,1916 1069,1917 1122,1917 1175,1918 1228,1919 1281,1919 1334,1919 1387,1920 1440,1920 1493,1920 1546,1920 1599,1920 1652,1919 1705,1919 1758,1918"/>
                <TextEquiv>
                    <Unicode>es eine Lust gewesen. Und ein paar Mutige (müde der schon</Unicode>
                </TextEquiv>
            </TextLine>
            <TextLine id="r1l43" custom="readingOrder {index:42;}">
                <Coords points="1805,1930 2876,1937 2876,1902 2794,1897 1806,1888"/>
                <Baseline points="1814,1920 1866,1921 1919,1923 1972,1924 2024,1925 2077,1926 2130,1927 2182,1928 2235,1929 2288,1929 2341,1930 2393,1931 2446,1932 2499,1933 2551,1933 2604,1934 2657,1934 2709,1935 2762,1935 2815,1935 2868,1934"/>
                <TextEquiv>
                    <Unicode>nehmen, daß er das Tempo seines Dichters innegehalten</Unicode>
                </TextEquiv>
            </TextLine>
            <TextLine id="r1l44" custom="readingOrder {index:43;}">
                <Coords points="693,1958 1764,1969 1734,1925 694,1921"/>
                <Baseline points="701,1955 753,1956 806,1957 859,1957 911,1958 964,1959 1017,1960 1069,1960 1122,1961 1175,1962 1228,1963 1280,1963 1333,1964 1386,1964 1438,1965 1491,1965 1544,1965 1596,1964 1649,1964 1702,1963 1755,1962"/>
                <TextEquiv>
                    <Unicode>mechanischen Rotter=Beschimpfung) wären zu ihnen ge¬</Unicode>
                </TextEquiv>
            </TextLine>
            <TextLine id="r1l45" custom="readingOrder {index:44;}">
                <Coords points="1800,1984 1815,1981 1831,1993 1836,1988 1841,1993 1851,1990 1856,1994 1882,1972 1898,1976 1909,1968 1932,1968 1932,1945 1904,1951 1861,1930 1836,1936 1801,1924"/>
                <Baseline points="1809,1964 1837,1963 1866,1963 1894,1964 1923,1966"/>
                <TextEquiv>
                    <Unicode>habe.</Unicode>
                </TextEquiv>
            </TextLine>
            <TextLine id="r1l46" custom="readingOrder {index:45;}">
                <Coords points="2471,1982 2528,1981 2562,1999 2601,1990 2649,2004 2673,1993 2703,1999 2798,1985 2799,1956 2777,1964 2754,1945 2677,1952 2646,1937 2610,1950 2594,1939 2565,1949 2497,1934 2472,1943"/>
                <Baseline points="2480,1973 2505,1974 2531,1974 2557,1975 2583,1977 2609,1977 2635,1978 2660,1979 2686,1979 2712,1980 2738,1980 2764,1980 2790,1979"/>
                <TextEquiv>
                    <Unicode>Franz Köppen.</Unicode>
                </TextEquiv>
            </TextLine>
            <TextLine id="r1l47" custom="readingOrder {index:46;}">
                <Coords points="698,2008 1764,2021 1722,1972 699,1963"/>
                <Baseline points="706,1997 758,1998 811,1999 863,2000 916,2001 968,2002 1021,2003 1073,2004 1126,2004 1178,2005 1231,2006 1283,2006 1336,2006 1388,2007 1441,2007 1493,2007 1546,2007 1598,2007 1651,2006 1703,2006 1756,2005"/>
                <TextEquiv>
                    <Unicode>standen; hätten allem Geheul gegenüber ohne Scheu be¬</Unicode>
                </TextEquiv>
            </TextLine>
            <TextLine id="r1l48" custom="readingOrder {index:47;}">
                <Coords points="697,2049 1771,2053 1691,2012 697,2009"/>
                <Baseline points="705,2040 757,2041 810,2042 863,2043 916,2044 969,2045 1022,2046 1075,2046 1128,2047 1181,2047 1234,2048 1286,2048 1339,2049 1392,2049 1445,2049 1498,2050 1551,2050 1604,2050 1657,2051 1710,2051 1763,2052"/>
                <TextEquiv>
                    <Unicode>kannt: wir nehmen Gutes und Neues und Wagemutiges</Unicode>
                </TextEquiv>
            </TextLine>
            <TextLine id="r1l49" custom="readingOrder {index:48;}">
                <Coords points="692,2090 1762,2123 1721,2059 692,2050"/>
                <Baseline points="700,2083 752,2085 805,2086 858,2087 910,2088 963,2089 1016,2090 1068,2091 1121,2091 1174,2092 1227,2092 1279,2092 1332,2093 1385,2093 1437,2093 1490,2094 1543,2094 1595,2095 1648,2095 1701,2096 1754,2097"/>
                <TextEquiv>
                    <Unicode>an, von wem es auch kommt. Nun aber: kein Neuland; ein</Unicode>
                </TextEquiv>
            </TextLine>
            <TextLine id="r1l50" custom="readingOrder {index:49;}">
                <Coords points="702,2160 780,2137 1257,2151 1389,2131 1389,2109 1234,2094 702,2095"/>
                <Baseline points="710,2128 743,2129 777,2130 810,2132 844,2132 877,2133 911,2134 944,2134 978,2135 1011,2135 1045,2135 1078,2135 1112,2135 1145,2135 1179,2135 1212,2135 1246,2134 1279,2134 1313,2134 1346,2133 1380,2132"/>
                <TextEquiv>
                    <Unicode>schlecht gelüftetes, dumpfes Museum.</Unicode>
                </TextEquiv>
            </TextLine>
            <TextLine id="r1l51" custom="readingOrder {index:50;}">
                <Coords points="763,2172 1009,2205 1143,2176 1226,2201 1772,2181 1772,2141 763,2144"/>
                <Baseline points="771,2172 820,2172 870,2173 919,2174 969,2175 1019,2176 1068,2177 1118,2177 1167,2178 1217,2178 1267,2179 1316,2180 1366,2180 1415,2180 1465,2181 1515,2181 1564,2181 1614,2181 1663,2182 1713,2182 1763,2182"/>
                <TextEquiv>
                    <Unicode>Warum Schnitzler? Rotters werden sich als Tempel¬</Unicode>
                </TextEquiv>
            </TextLine>
            <TextLine id="r1l52" custom="readingOrder {index:51;}">
                <Coords points="693,2226 1767,2231 1715,2187 1011,2206 693,2178"/>
                <Baseline points="701,2214 753,2217 806,2218 859,2219 912,2220 965,2221 1018,2222 1071,2223 1124,2223 1177,2223 1230,2224 1282,2224 1335,2224 1388,2224 1441,2225 1494,2225 1547,2225 1600,2226 1653,2226 1706,2227 1759,2228"/>
                <TextEquiv>
                    <Unicode>hüter aufspielen. Etwa so: gerade Schnitzler an dieser</Unicode>
                </TextEquiv>
            </TextLine>
            <TextLine id="r1l53" custom="readingOrder {index:52;}">
                <Coords points="690,2263 1622,2286 1767,2275 1768,2243 691,2229"/>
                <Baseline points="699,2255 752,2257 805,2259 858,2260 911,2261 964,2263 1017,2264 1070,2265 1123,2266 1176,2267 1229,2268 1282,2268 1335,2269 1388,2269 1441,2270 1494,2270 1547,2270 1600,2270 1653,2271 1706,2271 1759,2271"/>
                <TextEquiv>
                    <Unicode>Stätte, im Hause Brahms! O, falsch verstandene Pietät!</Unicode>
                </TextEquiv>
            </TextLine>
            <TextLine id="r1l54" custom="readingOrder {index:53;}">
                <Coords points="688,2303 1653,2330 1776,2282 689,2261"/>
                <Baseline points="697,2301 750,2302 804,2303 857,2304 911,2305 964,2306 1018,2308 1071,2308 1125,2309 1178,2310 1232,2311 1285,2312 1339,2313 1392,2313 1446,2314 1499,2314 1553,2315 1606,2315 1660,2315 1713,2315 1767,2315"/>
                <TextEquiv>
                    <Unicode>Als Brahm Schnitzler und Hauptmann aufführte, waren</Unicode>
                </TextEquiv>
            </TextLine>
            <TextLine id="r1l55" custom="readingOrder {index:54;}">
                <Coords points="690,2353 1772,2366 1772,2329 1731,2320 691,2301"/>
                <Baseline points="699,2344 752,2345 805,2347 858,2349 911,2349 965,2351 1018,2351 1071,2352 1124,2353 1177,2353 1231,2354 1284,2354 1337,2355 1390,2355 1443,2355 1497,2356 1550,2356 1603,2356 1656,2356 1709,2357 1763,2357"/>
                <TextEquiv>
                    <Unicode>die ja Dichter ihrer Zeit, Moderne. Die Tradition des</Unicode>
                </TextEquiv>
            </TextLine>
            <TextLine id="r1l56" custom="readingOrder {index:55;}">
                <Coords points="685,2394 1769,2408 1769,2378 1687,2360 685,2362"/>
                <Baseline points="693,2388 746,2389 799,2391 853,2392 906,2393 960,2394 1013,2394 1066,2394 1120,2395 1173,2395 1227,2395 1280,2395 1333,2396 1387,2396 1440,2396 1494,2397 1547,2398 1600,2399 1654,2401 1707,2402 1761,2404"/>
                <TextEquiv>
                    <Unicode>Hauses, im Brahmschen Sinne, hätten die Rotters gewahrt,</Unicode>
                </TextEquiv>
            </TextLine>
            <TextLine id="r1l57" custom="readingOrder {index:56;}">
                <Coords points="697,2439 1778,2449 1778,2415 1711,2406 698,2394"/>
                <Baseline points="705,2434 758,2435 811,2436 864,2436 917,2437 971,2438 1024,2438 1077,2439 1130,2439 1183,2440 1237,2440 1290,2441 1343,2442 1396,2442 1449,2442 1503,2443 1556,2443 1609,2444 1662,2445 1715,2445 1769,2446"/>
                <TextEquiv>
                    <Unicode>wenn sie zum Beginn der neuen Aera des Hauses ein Be¬</Unicode>
                </TextEquiv>
            </TextLine>
            <TextLine id="r1l58" custom="readingOrder {index:57;}">
                <Coords points="691,2495 1599,2507 1758,2494 1772,2459 691,2435"/>
                <Baseline points="699,2479 752,2478 805,2477 858,2477 911,2477 964,2478 1017,2478 1071,2479 1124,2480 1177,2481 1230,2482 1283,2484 1336,2485 1389,2486 1443,2487 1496,2488 1549,2488 1602,2488 1655,2488 1708,2488 1762,2487"/>
                <TextEquiv>
                    <Unicode>kenntnis zur Dichtung ihrer Zeit abgelegt hätten. Schade</Unicode>
                </TextEquiv>
            </TextLine>
            <TextLine id="r1l59" custom="readingOrder {index:58;}">
                <Coords points="694,2528 1774,2554 1752,2490 695,2490"/>
                <Baseline points="703,2519 756,2519 809,2520 862,2521 915,2522 969,2523 1022,2524 1075,2525 1128,2526 1181,2527 1235,2528 1288,2529 1341,2530 1394,2531 1447,2531 1501,2531 1554,2531 1607,2531 1660,2531 1713,2531 1767,2530"/>
                <TextEquiv>
                    <Unicode>um die verpaßte Gelegenheit! Nun, statt daß der Sturm¬</Unicode>
                </TextEquiv>
            </TextLine>
            <TextLine id="r1l60" custom="readingOrder {index:59;}">
                <Coords points="686,2572 1506,2572 1772,2608 1772,2548 1607,2531 687,2543"/>
                <Baseline points="695,2563 748,2565 801,2566 855,2567 908,2568 962,2569 1015,2569 1068,2570 1122,2571 1175,2571 1229,2571 1282,2572 1335,2572 1389,2573 1442,2573 1496,2574 1549,2574 1602,2575 1656,2575 1709,2576 1763,2577"/>
                <TextEquiv>
                    <Unicode>wind der Zeit uns gepackt hätte, atmeten wir schwere</Unicode>
                </TextEquiv>
            </TextLine>
            <TextLine id="r1l61" custom="readingOrder {index:60;}">
                <Coords points="692,2629 747,2615 767,2624 841,2616 859,2625 913,2609 913,2587 901,2591 875,2565 856,2577 835,2578 828,2571 813,2581 788,2570 771,2570 754,2583 734,2568 693,2572"/>
                <Baseline points="700,2603 725,2604 751,2604 776,2605 802,2605 827,2605 853,2606 878,2606 904,2607"/>
                <TextEquiv>
                    <Unicode>Moderluft.</Unicode>
                </TextEquiv>
            </TextLine>
            <TextLine id="r1l62" custom="readingOrder {index:61;}">
                <Coords points="762,2655 1682,2679 1767,2668 1768,2631 1346,2636 1240,2606 980,2631 930,2592 763,2621"/>
                <Baseline points="771,2650 820,2652 869,2653 919,2655 968,2655 1018,2656 1067,2656 1116,2657 1166,2657 1215,2658 1265,2658 1314,2658 1363,2659 1413,2659 1462,2660 1512,2660 1561,2661 1610,2663 1660,2664 1709,2666 1759,2668"/>
                <TextEquiv>
                    <Unicode>Schnitzlers „Weites Land“ ist uns vielmehr eine</Unicode>
                </TextEquiv>
            </TextLine>
            <TextLine id="r1l63" custom="readingOrder {index:62;}">
                <Coords points="689,2705 1596,2722 1734,2717 1762,2679 690,2657"/>
                <Baseline points="697,2692 749,2694 802,2695 855,2696 908,2698 961,2699 1013,2700 1066,2701 1119,2702 1172,2703 1225,2703 1277,2704 1330,2705 1383,2705 1436,2705 1489,2706 1541,2706 1594,2706 1647,2706 1700,2706 1753,2706"/>
                <TextEquiv>
                    <Unicode>seelische Beengtheit. Das Kitschwort: „Die Seele ist ein</Unicode>
                </TextEquiv>
            </TextLine>
            <TextLine id="r1l64" custom="readingOrder {index:63;}">
                <Coords points="687,2747 1713,2764 1778,2760 1779,2707 688,2707"/>
                <Baseline points="696,2738 749,2739 803,2740 856,2741 910,2743 964,2744 1017,2745 1071,2746 1125,2747 1178,2748 1232,2749 1286,2750 1339,2750 1393,2751 1447,2751 1500,2752 1554,2752 1608,2752 1661,2752 1715,2751 1769,2750"/>
                <TextEquiv>
                    <Unicode>weites Land“ wird durch diese begrenzte Sphäre Lügen</Unicode>
                </TextEquiv>
            </TextLine>
            <TextLine id="r1l65" custom="readingOrder {index:64;}">
                <Coords points="682,2804 1768,2787 1476,2743 683,2758"/>
                <Baseline points="690,2782 743,2783 797,2783 850,2784 904,2785 957,2786 1011,2786 1064,2787 1118,2789 1171,2789 1225,2790 1278,2791 1332,2792 1385,2793 1439,2793 1492,2793 1546,2793 1599,2793 1653,2793 1706,2792 1760,2792"/>
                <TextEquiv>
                    <Unicode>gestraft. Schon neulich, als eine andere Bühne uns wieder</Unicode>
                </TextEquiv>
            </TextLine>
            <TextLine id="r1l66" custom="readingOrder {index:65;}">
                <Coords points="694,2832 1764,2857 1765,2810 694,2799"/>
                <Baseline points="702,2825 754,2826 807,2827 860,2828 912,2829 965,2830 1018,2831 1070,2832 1123,2832 1176,2833 1229,2834 1281,2834 1334,2835 1387,2835 1439,2835 1492,2836 1545,2836 1597,2836 1650,2836 1703,2836 1756,2836"/>
                <TextEquiv>
                    <Unicode>auf den „Einsamen Weg“ zu führen für nötig befand,</Unicode>
                </TextEquiv>
            </TextLine>
            <TextLine id="r1l67" custom="readingOrder {index:66;}">
                <Coords points="686,2876 1770,2876 1678,2841 686,2834"/>
                <Baseline points="695,2868 748,2869 801,2870 854,2871 908,2872 961,2873 1014,2874 1068,2875 1121,2875 1174,2876 1228,2877 1281,2877 1334,2877 1387,2878 1441,2879 1494,2879 1547,2880 1601,2880 1654,2881 1707,2882 1761,2883"/>
                <TextEquiv>
                    <Unicode>revoltierten wir gegen diese egozentrische Enge, gegen diese</Unicode>
                </TextEquiv>
            </TextLine>
            <TextLine id="r1l68" custom="readingOrder {index:67;}">
                <Coords points="690,2932 1434,2918 1506,2946 1734,2935 1768,2895 691,2879"/>
                <Baseline points="699,2910 752,2912 805,2913 858,2915 911,2916 964,2917 1017,2918 1070,2919 1123,2920 1176,2920 1229,2921 1282,2921 1335,2922 1388,2922 1441,2923 1494,2923 1547,2923 1600,2924 1653,2924 1706,2924 1759,2924"/>
                <TextEquiv>
                    <Unicode>kokettierende Selbstbespiegelung, die nur auf und in das</Unicode>
                </TextEquiv>
            </TextLine>
            <TextLine id="r1l69" custom="readingOrder {index:68;}">
                <Coords points="686,2953 1763,2966 1763,2931 686,2926"/>
                <Baseline points="695,2956 748,2957 801,2958 854,2959 907,2960 960,2961 1013,2962 1066,2962 1119,2963 1172,2963 1225,2964 1278,2964 1331,2964 1384,2964 1437,2965 1490,2965 1543,2965 1596,2966 1649,2966 1702,2966 1755,2967"/>
                <TextEquiv>
                    <Unicode>eigene, sich so wichtig nehmende Ich blickt. Noch pein¬</Unicode>
                </TextEquiv>
            </TextLine>
            <TextLine id="r1l70" custom="readingOrder {index:69;}">
                <Coords points="688,3007 1769,3009 1754,2959 1610,2996 689,2968"/>
                <Baseline points="697,3001 750,3001 803,3001 856,3001 909,3002 963,3002 1016,3003 1069,3004 1122,3004 1175,3005 1229,3006 1282,3006 1335,3007 1388,3008 1441,3008 1495,3009 1548,3010 1601,3010 1654,3011 1707,3011 1761,3011"/>
                <TextEquiv>
                    <Unicode>licher wirkt die Enge hier, wo uns zuge¬</Unicode>
                </TextEquiv>
            </TextLine>
            <TextLine id="r1l71" custom="readingOrder {index:70;}">
                <Coords points="687,3049 1575,3071 1627,3043 1770,3078 1771,3028 687,3009"/>
                <Baseline points="696,3043 749,3044 802,3044 855,3045 909,3046 962,3047 1015,3048 1069,3048 1122,3049 1175,3050 1229,3050 1282,3051 1335,3052 1388,3052 1442,3053 1495,3053 1548,3054 1602,3054 1655,3054 1708,3055 1762,3055"/>
                <TextEquiv>
                    <Unicode>mutet wird, die Perspektive des „weiten Landes“ darin</Unicode>
                </TextEquiv>
            </TextLine>
            <TextLine id="r1l72" custom="readingOrder {index:71;}">
                <Coords points="688,3097 1760,3116 1760,3072 1630,3059 688,3050"/>
                <Baseline points="696,3092 748,3092 801,3091 854,3091 907,3091 959,3091 1012,3092 1065,3092 1118,3092 1170,3093 1223,3094 1276,3094 1329,3095 1381,3096 1434,3097 1487,3098 1540,3099 1592,3100 1645,3101 1698,3101 1751,3102"/>
                <TextEquiv>
                    <Unicode>zu sehen. Wo uns mit heiligem Ernst, psychologischem</Unicode>
                </TextEquiv>
            </TextLine>
            <TextLine id="r1l73" custom="readingOrder {index:72;}">
                <Coords points="683,3152 1083,3122 1761,3160 1762,3114 683,3097"/>
                <Baseline points="691,3133 744,3133 797,3134 850,3134 903,3134 956,3134 1009,3134 1062,3135 1115,3135 1168,3135 1222,3136 1275,3137 1328,3137 1381,3138 1434,3139 1487,3140 1540,3142 1593,3143 1646,3145 1699,3147 1753,3149"/>
                <TextEquiv>
                    <Unicode>Ballast zugemutet wird, eine Sache tragisch zu</Unicode>
                </TextEquiv>
            </TextLine>
            <TextLine id="r1l74" custom="readingOrder {index:73;}">
                <Coords points="690,3182 1768,3188 1678,3147 691,3142"/>
                <Baseline points="699,3175 752,3176 805,3176 858,3176 911,3177 964,3177 1017,3178 1070,3178 1123,3178 1176,3179 1229,3179 1282,3180 1335,3181 1388,3181 1441,3182 1494,3183 1547,3183 1600,3184 1653,3185 1706,3186 1760,3187"/>
                <TextEquiv>
                    <Unicode>nehmen, bei der alle unsere Sinne nach der Komödie</Unicode>
                </TextEquiv>
            </TextLine>
            <TextLine id="r1l75" custom="readingOrder {index:74;}">
                <Coords points="683,3224 1770,3228 1749,3193 683,3177"/>
                <Baseline points="692,3215 745,3215 798,3216 852,3216 905,3217 959,3217 1012,3218 1066,3219 1119,3220 1173,3221 1226,3222 1279,3223 1333,3224 1386,3225 1440,3226 1493,3227 1547,3228 1600,3229 1654,3229 1707,3229 1761,3230"/>
                <TextEquiv>
                    <Unicode>schreten. Den Herrn Fabrikaten Hofreiter, vor dem kein</Unicode>
                </TextEquiv>
            </TextLine>
            <TextLine id="r1l76" custom="readingOrder {index:75;}">
                <Coords points="682,3258 1769,3278 1758,3225 683,3227"/>
                <Baseline points="690,3254 743,3255 797,3256 850,3258 904,3259 957,3260 1011,3261 1064,3263 1118,3264 1171,3265 1225,3266 1278,3267 1332,3268 1385,3269 1439,3270 1492,3271 1546,3271 1599,3272 1653,3273 1706,3273 1760,3274"/>
                <TextEquiv>
                    <Unicode>weibliches Wesen sicher ist, hat das Mißgeschick getroffen,</Unicode>
                </TextEquiv>
            </TextLine>
            <TextLine id="r1l77" custom="readingOrder {index:76;}">
                <Coords points="688,3304 1761,3328 1761,3279 689,3266"/>
                <Baseline points="697,3298 749,3299 802,3300 855,3301 908,3303 961,3303 1014,3305 1066,3305 1119,3307 1172,3307 1225,3308 1278,3309 1331,3310 1384,3311 1436,3312 1489,3313 1542,3313 1595,3314 1648,3315 1701,3316 1754,3317"/>
                <TextEquiv>
                    <Unicode>daß wir inzwischen mal über einen (gallisch lustigen)</Unicode>
                </TextEquiv>
            </TextLine>
            <TextLine id="r1l78" custom="readingOrder {index:77;}">
                <Coords points="694,3358 1761,3360 1761,3328 1579,3313 694,3321"/>
                <Baseline points="702,3342 754,3343 807,3343 859,3344 912,3345 964,3346 1017,3347 1069,3347 1122,3348 1174,3349 1227,3350 1280,3351 1332,3351 1385,3352 1437,3353 1490,3354 1542,3355 1595,3356 1647,3357 1700,3357 1753,3358"/>
                <TextEquiv>
                    <Unicode>„Hühnerhof“ gewandelt sind. Don Juan will es nicht mehr</Unicode>
                </TextEquiv>
            </TextLine>
            <TextLine id="r1l79" custom="readingOrder {index:78;}">
                <Coords points="687,3395 1761,3413 1726,3369 1551,3355 688,3362"/>
                <Baseline points="696,3386 748,3387 801,3387 854,3388 907,3388 960,3389 1013,3389 1065,3390 1118,3390 1171,3391 1224,3391 1277,3392 1330,3393 1383,3393 1435,3394 1488,3395 1541,3396 1594,3398 1647,3399 1700,3401 1753,3403"/>
                <TextEquiv>
                    <Unicode>gelingen, uns an das Tragische und Dämonische seiner</Unicode>
                </TextEquiv>
            </TextLine>
            <TextLine id="r1l80" custom="readingOrder {index:79;}">
                <Coords points="688,3432 1719,3461 1768,3450 1769,3409 688,3395"/>
                <Baseline points="697,3426 750,3427 803,3428 856,3429 909,3430 962,3431 1015,3432 1069,3433 1122,3434 1175,3435 1228,3436 1281,3436 1334,3437 1387,3438 1441,3438 1494,3439 1547,3439 1600,3440 1653,3440 1706,3440 1760,3440"/>
                <TextEquiv>
                    <Unicode>Natur glauben zu machen. Selbst auf der Opernbühne</Unicode>
                </TextEquiv>
            </TextLine>
            <TextLine id="r1l81" custom="readingOrder {index:80;}">
                <Coords points="682,3477 1771,3482 1755,3448 683,3435"/>
                <Baseline points="691,3468 744,3469 798,3470 851,3471 905,3472 958,3473 1012,3474 1065,3475 1119,3477 1172,3478 1226,3479 1280,3480 1333,3481 1387,3482 1440,3482 1494,3483 1547,3483 1601,3484 1654,3484 1708,3484 1762,3483"/>
                <TextEquiv>
                    <Unicode>wird er uns nur noch erträglich, wenn er sich stark buffo¬</Unicode>
                </TextEquiv>
            </TextLine>
            <TextLine id="r1l82" custom="readingOrder {index:81;}">
                <Coords points="681,3520 1692,3541 1768,3537 1769,3484 681,3485"/>
                <Baseline points="689,3511 742,3512 796,3514 849,3515 903,3516 956,3518 1010,3519 1063,3520 1117,3521 1170,3522 1224,3522 1277,3523 1331,3524 1384,3525 1438,3525 1491,3526 1545,3526 1598,3527 1652,3527 1705,3528 1759,3528"/>
                <TextEquiv>
                    <Unicode>nesk drapiert. Mag der Herr Hofreiter sich ernst nehmen)</Unicode>
                </TextEquiv>
            </TextLine>
            <TextLine id="r1l83" custom="readingOrder {index:82;}">
                <Coords points="678,3551 1713,3583 1751,3577 1752,3530 678,3518"/>
                <Baseline points="687,3554 739,3555 792,3556 845,3558 898,3559 951,3560 1003,3562 1056,3562 1109,3563 1162,3564 1215,3565 1267,3566 1320,3566 1373,3567 1426,3568 1479,3568 1531,3568 1584,3569 1637,3569 1690,3569 1743,3570"/>
                <TextEquiv>
                    <Unicode>wir tun ihm den Gefallen nicht mehr. Lachen vielmehr</Unicode>
                </TextEquiv>
            </TextLine>
            <TextLine id="r1l84" custom="readingOrder {index:83;}">
                <Coords points="683,3609 1755,3612 1755,3580 1605,3570 1519,3595 683,3571"/>
                <Baseline points="692,3597 744,3598 797,3600 850,3601 903,3603 955,3604 1008,3604 1061,3605 1114,3605 1166,3606 1219,3606 1272,3607 1325,3607 1377,3608 1430,3608 1483,3609 1536,3610 1588,3611 1641,3612 1694,3613 1747,3615"/>
                <TextEquiv>
                    <Unicode>ihn aus, wenn er, überall hin liebäugelnd, der Gattin</Unicode>
                </TextEquiv>
            </TextLine>
            <TextLine id="r1l85" custom="readingOrder {index:84;}">
                <Coords points="674,3643 1756,3667 1756,3629 1700,3618 675,3607"/>
                <Baseline points="682,3643 735,3644 788,3644 841,3645 895,3646 948,3646 1001,3647 1054,3648 1108,3648 1161,3649 1214,3649 1267,3650 1321,3651 1374,3652 1427,3652 1480,3653 1534,3654 1587,3655 1640,3655 1693,3656 1747,3657"/>
                <TextEquiv>
                    <Unicode>gegenüber Eisensuchtsanwandlungen nicht unterdrücken</Unicode>
                </TextEquiv>
            </TextLine>
            <TextLine id="r1l86" custom="readingOrder {index:85;}">
                <Coords points="672,3681 1763,3706 1763,3665 673,3666"/>
                <Baseline points="680,3683 733,3684 787,3686 841,3687 895,3688 948,3689 1002,3689 1056,3690 1110,3690 1163,3691 1217,3691 1271,3692 1325,3692 1378,3693 1432,3693 1486,3694 1540,3695 1593,3696 1647,3698 1701,3700 1755,3701"/>
                <TextEquiv>
                    <Unicode>kann; wenn er deren jungen Liebhaber niederknallt: aus</Unicode>
                </TextEquiv>
            </TextLine>
            <TextLine id="r1l87" custom="readingOrder {index:86;}">
                <Coords points="672,3727 1766,3748 1746,3701 673,3695"/>
                <Baseline points="681,3725 734,3726 788,3727 842,3728 896,3729 950,3730 1003,3731 1057,3731 1111,3732 1165,3733 1219,3734 1272,3734 1326,3735 1380,3736 1434,3737 1488,3737 1541,3738 1595,3739 1649,3740 1703,3741 1757,3742"/>
                <TextEquiv>
                    <Unicode>Eifersucht übrigens? oder wegen verletzter Eitelkeit? oder</Unicode>
                </TextEquiv>
            </TextLine>
            <TextLine id="r1l88" custom="readingOrder {index:87;}">
                <Coords points="678,3772 1666,3799 1764,3758 678,3731"/>
                <Baseline points="687,3766 740,3768 793,3770 847,3772 900,3773 954,3774 1007,3775 1060,3776 1114,3777 1167,3778 1221,3778 1274,3779 1327,3779 1381,3780 1434,3780 1488,3780 1541,3781 1594,3781 1648,3781 1701,3782 1755,3782"/>
                <TextEquiv>
                    <Unicode>aus Angst vor der, Haß gegen die Jugend? Wenn wir schon</Unicode>
                </TextEquiv>
            </TextLine>
            <TextLine id="r1l89" custom="readingOrder {index:88;}">
                <Coords points="677,3822 1764,3822 1738,3790 677,3772"/>
                <Baseline points="685,3809 738,3811 792,3812 845,3814 899,3815 952,3816 1006,3818 1059,3819 1113,3820 1166,3820 1220,3821 1273,3822 1327,3822 1380,3823 1434,3823 1487,3823 1541,3823 1594,3823 1648,3823 1701,3823 1755,3822"/>
                <TextEquiv>
                    <Unicode>dem dummen Jungen, eher noch seiner alten Mutter eine</Unicode>
                </TextEquiv>
            </TextLine>
            <TextLine id="r1l90" custom="readingOrder {index:89;}">
                <Coords points="670,3867 1680,3884 1756,3850 670,3832"/>
                <Baseline points="679,3855 732,3856 785,3857 839,3858 892,3858 946,3859 999,3860 1052,3861 1106,3862 1159,3863 1213,3864 1266,3865 1319,3866 1373,3867 1426,3867 1480,3868 1533,3868 1586,3869 1640,3869 1693,3870 1747,3870"/>
                <TextEquiv>
                    <Unicode>Träne widmen wollen, — sie wird erstickt durch das Lachen</Unicode>
                </TextEquiv>
            </TextLine>
            <TextLine id="r1l91" custom="readingOrder {index:90;}">
                <Coords points="674,3901 1753,3916 1753,3873 675,3872"/>
                <Baseline points="683,3895 736,3896 789,3898 842,3900 895,3901 948,3902 1001,3904 1054,3905 1107,3906 1160,3907 1213,3908 1266,3908 1319,3909 1372,3909 1425,3910 1478,3910 1531,3910 1584,3909 1637,3909 1690,3908 1744,3907"/>
                <TextEquiv>
                    <Unicode>über die Motive des tragisch sich gebärdenden Mörders.</Unicode>
                </TextEquiv>
            </TextLine>
            <TextLine id="r1l92" custom="readingOrder {index:91;}">
                <Coords points="677,3931 1757,3953 1709,3917 677,3901"/>
                <Baseline points="685,3938 738,3940 791,3941 844,3943 897,3944 950,3945 1003,3946 1057,3947 1110,3948 1163,3949 1216,3950 1269,3950 1322,3951 1375,3951 1429,3951 1482,3952 1535,3952 1588,3952 1641,3952 1694,3952 1748,3951"/>
                <TextEquiv>
                    <Unicode>Freilich sagt Schnitzler: Tragikomödie. Aber es bleibt</Unicode>
                </TextEquiv>
            </TextLine>
            <TextLine id="r1l93" custom="readingOrder {index:92;}">
                <Coords points="671,3990 1753,4007 1753,3968 1713,3962 672,3941"/>
                <Baseline points="680,3981 733,3982 786,3983 839,3984 893,3985 946,3986 999,3987 1052,3988 1106,3990 1159,3991 1212,3991 1265,3992 1319,3993 1372,3994 1425,3994 1478,3995 1532,3996 1585,3996 1638,3996 1691,3996 1745,3996"/>
                <TextEquiv>
                    <Unicode>beim Etikett. Die Gestaltung (wenn die Dialogisierung je</Unicode>
                </TextEquiv>
            </TextLine>
            <TextLine id="r1l94" custom="readingOrder {index:93;}">
                <Coords points="675,4029 1637,4050 1637,4020 1579,4001 676,3989"/>
                <Baseline points="684,4023 731,4024 778,4025 825,4025 872,4026 920,4027 967,4028 1014,4029 1061,4029 1108,4030 1156,4031 1203,4031 1250,4032 1297,4033 1344,4033 1392,4034 1439,4035 1486,4035 1533,4036 1580,4036 1628,4037"/>
                <TextEquiv>
                    <Unicode>so weit kommt) ist von verzweifelter Ernsthaftigkeit.</Unicode>
                </TextEquiv>
            </TextLine>
            <TextLine id="r1l95" custom="readingOrder {index:94;}">
                <Coords points="758,4070 1753,4099 1753,4057 1703,4046 759,4040"/>
                <Baseline points="767,4065 815,4066 864,4067 913,4068 962,4069 1011,4070 1060,4071 1109,4072 1158,4073 1207,4074 1256,4075 1304,4075 1353,4076 1402,4077 1451,4078 1500,4079 1549,4080 1598,4080 1647,4081 1696,4081 1745,4082"/>
                <TextEquiv>
                    <Unicode>Und, bei aller unendlichen Weitschweifigkeit, von einer</Unicode>
                </TextEquiv>
            </TextLine>
            <TextLine id="r1l96" custom="readingOrder {index:95;}">
                <Coords points="668,4114 1949,4139 1950,4072 1795,4062 1640,4103 669,4061"/>
                <Baseline points="677,4107 740,4107 803,4107 866,4107 930,4108 993,4109 1056,4110 1119,4112 1183,4113 1246,4115 1309,4117 1372,4118 1436,4119 1499,4121 1562,4122 1625,4123 1689,4123 1752,4123 1815,4123 1878,4122 1942,4121"/>
                <TextEquiv>
                    <Unicode>die seelische Beengtheit verratenden Kurzatmigkeit. Die 1——</Unicode>
                </TextEquiv>
            </TextLine>
            <TextLine id="r1l97" custom="readingOrder {index:96;}">
                <Coords points="683,4154 1702,4175 1752,4168 1753,4131 684,4117"/>
                <Baseline points="692,4144 744,4146 797,4147 849,4149 902,4150 954,4152 1007,4153 1059,4154 1112,4156 1164,4157 1217,4159 1270,4160 1322,4161 1375,4162 1427,4163 1480,4164 1532,4165 1585,4165 1637,4166 1690,4166 1743,4167"/>
                <TextEquiv>
                    <Unicode>mühsam verdeckt werden soll durch das breite Episoden¬</Unicode>
                </TextEquiv>
            </TextLine>
            <TextEquiv>
                <Unicode>box 29/5
24. Das veite Land
Dr. Max Soldschmiet
Büro für Zeitungsausschnitte
BBRLIN N 4
Teleion: Norden äpst
Ausschnitt aus:
Berliner Börsenzeitung
1. Dez 1929
K
Kune
t und Wliesenschaft.
der als Hoteldirektor Natürlichkeit spielt, Herrn Falken¬
Die Rotters im Lessing=Theater.
stein, den Schriftsteller mit ein paar sitzenden Zügen
Schnitzler: „Das weite Land“.
charakterisierend, ebenso wie Schroth den Bankier
Beginn der Aera Rotter im Lessing=Theater. Das
Natter, und die Schneider=Nissen, als geschwätzig¬
Revue=Provisorium ist zu Ende. Jetzt heißt es: selbst ist
neugierige Frau Wahl von ausreichender Komik. Josef
der Mann (oder: selbst sind die Männer). Ich hätte ge¬
Kleins Noblesse geht glatt in dem „anständigen" Doktor
wünscht: Rotters hätten an diesem Punkte die Kritik (die zu
Mauer auf. Ganz verlassen in dieser Welt nur eine
99 Prozent gegen sie ist) mundtot gemacht, vielmehr: zu
jüngere Schauspielerin Ellen Tietz. Ist's schauspiele¬
sich herübergezwungen. Durch die Wahl eines neuen
rische Unbeholfenheit oder die Herbheit einer Natur, daß
Stückes, das den Stempel unserer Zeit trägt. Durch eine
sie der dem Don Juan Verfallenen innerlich völlig fremd
Besetzung mit Schauspielern, die Neues zu sagen haben.
bleibt?
Aber sie bleiben im sicheren Port. Greifen wieder auf einen
Der Spielleiter Kanehl hatte es nicht schwer, mit
alten Schnitzler zurück. Und besetzen ihn mit einem
der alten Mimenschar den Schnitzler=Ton zu treffen. Und
Senioren=Konvent von Mimen. Die Folge: sie machen uns
wenn die Langsamkeit des Tempos an unseren Nerven
gleichgültig. Gegen sie zu wettern, den 99 Prozent wäre
riß, so darf er vielleicht gerade darum für sich in Anspruch
es eine Lust gewesen. Und ein paar Mutige (müde der schon
nehmen, daß er das Tempo seines Dichters innegehalten
mechanischen Rotter=Beschimpfung) wären zu ihnen ge¬
habe.
Franz Köppen.
standen; hätten allem Geheul gegenüber ohne Scheu be¬
kannt: wir nehmen Gutes und Neues und Wagemutiges
an, von wem es auch kommt. Nun aber: kein Neuland; ein
schlecht gelüftetes, dumpfes Museum.
Warum Schnitzler? Rotters werden sich als Tempel¬
hüter aufspielen. Etwa so: gerade Schnitzler an dieser
Stätte, im Hause Brahms! O, falsch verstandene Pietät!
Als Brahm Schnitzler und Hauptmann aufführte, waren
die ja Dichter ihrer Zeit, Moderne. Die Tradition des
Hauses, im Brahmschen Sinne, hätten die Rotters gewahrt,
wenn sie zum Beginn der neuen Aera des Hauses ein Be¬
kenntnis zur Dichtung ihrer Zeit abgelegt hätten. Schade
um die verpaßte Gelegenheit! Nun, statt daß der Sturm¬
wind der Zeit uns gepackt hätte, atmeten wir schwere
Moderluft.
Schnitzlers „Weites Land“ ist uns vielmehr eine
seelische Beengtheit. Das Kitschwort: „Die Seele ist ein
weites Land“ wird durch diese begrenzte Sphäre Lügen
gestraft. Schon neulich, als eine andere Bühne uns wieder
auf den „Einsamen Weg“ zu führen für nötig befand,
revoltierten wir gegen diese egozentrische Enge, gegen diese
kokettierende Selbstbespiegelung, die nur auf und in das
eigene, sich so wichtig nehmende Ich blickt. Noch pein¬
licher wirkt die Enge hier, wo uns zuge¬
mutet wird, die Perspektive des „weiten Landes“ darin
zu sehen. Wo uns mit heiligem Ernst, psychologischem
Ballast zugemutet wird, eine Sache tragisch zu
nehmen, bei der alle unsere Sinne nach der Komödie
schreten. Den Herrn Fabrikaten Hofreiter, vor dem kein
weibliches Wesen sicher ist, hat das Mißgeschick getroffen,
daß wir inzwischen mal über einen (gallisch lustigen)
„Hühnerhof“ gewandelt sind. Don Juan will es nicht mehr
gelingen, uns an das Tragische und Dämonische seiner
Natur glauben zu machen. Selbst auf der Opernbühne
wird er uns nur noch erträglich, wenn er sich stark buffo¬
nesk drapiert. Mag der Herr Hofreiter sich ernst nehmen)
wir tun ihm den Gefallen nicht mehr. Lachen vielmehr
ihn aus, wenn er, überall hin liebäugelnd, der Gattin
gegenüber Eisensuchtsanwandlungen nicht unterdrücken
kann; wenn er deren jungen Liebhaber niederknallt: aus
Eifersucht übrigens? oder wegen verletzter Eitelkeit? oder
aus Angst vor der, Haß gegen die Jugend? Wenn wir schon
dem dummen Jungen, eher noch seiner alten Mutter eine
Träne widmen wollen, — sie wird erstickt durch das Lachen
über die Motive des tragisch sich gebärdenden Mörders.
Freilich sagt Schnitzler: Tragikomödie. Aber es bleibt
beim Etikett. Die Gestaltung (wenn die Dialogisierung je
so weit kommt) ist von verzweifelter Ernsthaftigkeit.
Und, bei aller unendlichen Weitschweifigkeit, von einer
die seelische Beengtheit verratenden Kurzatmigkeit. Die 1——
mühsam verdeckt werden soll durch das breite Episoden¬</Unicode>
            </TextEquiv>
        </TextRegion>
    </Page>
</PcGts>
