3436 4320
1374 158 1849 245 box 28/5
274 137 1243 265 24. Das weite Land
1945 867 2696 961 gund auf die Sinne hätte einwiteen ..
971 884 1260 961 Der Börsißen.
1359 889 1911 985 leis, der frühere Minister
664 913 1608 1016 Fischbeck, wird hierbei eine Ansprache halten.
1896 914 3203 1018 fachen Ausstattung dieser Szene hätte man auch das mit Raffinement
1907 971 3139 1065 ausgestattete Schlafgemach einer verwöhnten Schauspielerin wieder¬
1902 1090 3122 1197 Zorn; töten ohne Groll; sind eitel ohne Größe; liebenswert ohne
3157 1101 3219 1166 al
699 1044 1884 1186 Schnitzler: „Das weite Land“.
1917 1138 2542 1215 Verlaß; freundlich ohne Gewissen.
3128 1157 3212 1204 in
1941 1179 2460 1258 Es gibt nur a Kaiserstadt.
1108 1179 1473 1271 Residenztheater.
2456 1224 2553 1294 IV.
1949 1242 3128 1360 Ein Donau=Europäer schrieb das Stück. Seine Leute stammen
713 1275 1892 1366 Vor zohn Jahren gab man dieses Werk zuerst. Anno Agadir;
1894 1307 3129 1405 zwar aus Wien: doch ihre Sorgen sind nebenher allmenschlichen In¬
662 1329 1893 1415 Lloyd George und Asquith wetterten gegen unsere Treiber; die Welt
1902 1343 2042 1417 halts.
671 1370 1669 1452 hatte Bauchgrimmen . .. aber noch nicht die Cholera.
1948 1396 3125 1492 Moral kennen sie nicht Es ist nur ein Unterschied zwischen einem,
703 1413 1887 1485 Man könnnte jetzt mit gehobenem Zeigefinger als criticus be¬
1894 1427 3128 1538 der noch keine kennt . . . und einem, der keine mehr kennt. (Denn
652 1434 1889 1536 haupten: „Die schrankenlose Selbstsucht (das Adjektiv „schrankenlos“
1885 1482 2712 1558 der kennt sie ja doch — möcht' man sprechen.)
652 1502 1889 1585 gehört halt zu „Salbstsucht") . .. schrankenlose Selbstsucht all' dieser
1949 1529 3116 1625 Die steht zu den Leuten Schnitzler selbst? Verabscheut er sie?
661 1543 1886 1628 schnitzlerischen Menschen läßt schon die, drei Jahre darauf einsetzende,
1885 1542 2581 1635 Billigt er sie? — Er zeigt sie. Ecco.
3101 1572 3243 1637 uns
645 1597 1469 1657 Weltkatastrophe deutlich ahnen." Oder so.
1942 1611 3109 1700 Dieses Stück ist wirklich am Schluß etwas breiter als ... diese
3106 1624 3254 1678 änder
694 1635 1888 1719 Wahr ist; daß bei gleicher Seelenverfassung dieser schnitzlerischen
1882 1659 2677 1741 Stücke. Doch ein Landgewinner schuf es.
3100 1667 3258 1723 nach
642 1671 1531 1738 Menschen Oesterreich ruhig hätte siegen können.
3107 1710 3257 1768 von L
698 1717 1785 1810 Seid's einfach, Kinderln. Wenn es nur sonst anders kam!
3103 1750 3266 1805 des k.
1930 1741 3102 1826 Der Rotter wächst mit seinen größern Zwecken. Die Triesch ist
1225 1778 1318 1841 II.
3104 1794 3274 1844 vermo
1892 1783 3094 1873 stark im Leid (wenn sie „Auf Wiedersehn!“ mit gepreßter Seele sagt).
697 1808 1872 1911 Hat sich das Stück in zehn Jahren verändert? Nämlich: hat
3093 1828 3281 1899 Unsinn
1876 1842 3063 1913 Die Bertens bringt einen prachtvollen Akkord von schwerem Ernst. —
647 1843 1130 1925 Schnitzler es verändert?
3098 1876 3270 1932 seitens
1881 1874 3098 1952 von alleinstehender Menschenwürde. Der alte Franz Schönfeld,
3093 1915 3280 1971 die Gei
702 1911 1874 1998 Oder hat sich der Eindruck verändert? Nämlich: haben wir
1882 1916 3096 1996 Leutnantsspieler ehedem, zog aus der Stille seines Kyffhäusers.
643 1941 963 2008 uns verändert?
3101 1955 3282 2032 hat sich
1872 1963 3095 2042 Frau Gisela Schneider=Nissen in gewinnendem Umfang auch. Ger¬
696 1982 1643 2054 Drittens; oder haben die Darsteller es verändert?
3093 1998 3282 2063 justiz
1874 2013 3091 2078 trud Welker (jetzt ein Gang und eine Stimme; beides lockend);
733 2035 1873 2106 .Die Darsteller natürlich. Schnitzler nicht. Wir bestimmt.
3101 2047 3287 2106 schlossen
1868 2057 3085 2139 Schroth; Josef Klein; Annelise Halbe, die Tochter vom Max, reizvoll
696 2064 1872 2159 Ein Beispiel. Dazumal fand man etwa: „Dieses Stück ist breit.?
3087 2091 3280 2144 persönli.
1875 2087 3009 2181 und spritzig; — kurz: alles da. Selbst eine Art Regie. Schau'!
639 2121 1873 2181 Heut findet man: „Diese Stücke sind breit . . .“ Ein Unterschied —
1930 2125 2236 2199 Und der Korff?
3090 2136 3291 2193 soll. M.
632 2156 1259 2225 mit den Fingerspitzen zu fühlen.
3096 2167 3283 2235 heute m
3095 2216 3290 2287 Ende sir
680 2219 1867 2286 Dazumal schien der Schluß vielleicht unklar. Heut wäre Klar¬
1920 2195 3093 2285 Der Korff gibt den Glühlichtfabrikanten. Im Tempo, im
638 2244 1870 2342 heit ein Grund zum Hohn. Alles ist Einstein. (Bloß Einstein ist
1868 2248 3093 2350 Wienertum, in der Ueberlegenheit, im Leicht=Lässigen bemerkenswert.
631 2291 952 2372 nicht Einstein.)
3138 2289 3278 2371 Der
1873 2302 2936 2356 Eine „schöne Leistung“ — nur bis auf den Schluß. (Nur?)
1185 2328 1304 2402 III.
3076 2342 3277 2414 fall, de
1911 2348 3084 2419 Den Allesmacher, den verfluchten Kerl, den siegreichen Hahn,
675 2356 1858 2456 Das Werk hat nach zehn Jahren seinen Wert. Sieht wie ein
3088 2390 3290 2455 Krüger is
1862 2374 3088 2468 den Mittelpunkt, das Mottenlicht, den feschen Schuft, den finnlichen
629 2417 1076 2486 Gesellschaftsstück aus ..
3084 2437 3277 2495 delmar
1864 2422 3081 2504 Selbstling, der liebenswürdig über Leichen hastet — den kann er.
1098 2442 1859 2506 und ist ein Seelenstück. Denn die Seele
632 2457 1858 2542 bedeutet hier (so gemeinplätzig es klingt) jenes weite Land — wo
3086 2478 3246 2535 hatte sich
1914 2473 3078 2565 Als aber der Ichbold von der Ringstraße sein Waterloo
617 2498 1473 2582 nebeneinander höchst Widersprechendes haust.
1864 2503 2711 2586 derlebt . . . das kann er eigentlich nicht so gut.
3079 2523 3139 2568 Kl
1907 2556 3083 2636 Dieser dämonisch=sündhafte Fabrikant Friedrich Hofreiter soll
3068 2562 3132 2622 K
673 2557 1845 2632 Dieser Ichmensch in der Mitte, der hinreißende Glühlichtfabri¬
1858 2593 3072 2685 auch Poseurzüge haben. Zwischendurch zweifelt man: hat sie der
3071 2603 3150 2656 me
613 2599 1839 2679 kant; diese Bankiersfrau; dieser Pianist; dieser Marinefähnrich;
1850 2631 2574 2709 Hofreiter ... oder hat sie der Korff?
3064 2647 3164 2710 war
618 2636 1846 2719 diese stille Gattin; dies junge Mädchen: alle lieben durcheinander
3065 2690 3240 2754 Er konn
1895 2689 2940 2750 Ich brüte. Brüten tu' ich. Also der Hofreiter hat sie.
663 2690 1853 2772 — mit und ohne Widerstand. Und Etliche tun, was sie gar nicht
612 2728 805 2796 wollen.
3067 2725 3283 2796 öffnen und
2696 2746 3022 2826 Alfred Kerr.
3071 2774 3279 2841 ohne Ber
676 2779 1856 2854 Etliche tun, was absonderlich scheint, wenn jemand bloß das
3071 2814 3264 2883 eine Be
1898 2807 3077 2888 2 Für die künstlerische Freiheit! Der Schutzverband
606 2804 1835 2903 am nächsten zu Erwartende kennt . .. (Aber so handeln ja viele
1838 2823 3073 2936 deutscher Schriftsteller wird im Laufe der nächsten Woche
3107 2856 3286 2940 Groß
609 2864 1844 2960 tagtäglich — nur ohne daß ein Dichter sie belauert, festhält, ont¬
1840 2892 3068 2972 eine Protestversammlung gegen die Bedrohung der geistigen
617 2905 1260 2969 larvt. Bitte sehr, auch Bürger.)
3070 2916 3283 2981 Zelluloide
1833 2917 3055 3017 Freiheit und des künstlerischen Schaffens in Deutschland seitens der
3062 2961 3290 3020 ein Groß
666 2950 3061 3077 Also die Menschen hier gieren und girren rings; lieben ohne Anklagebehörden und der Gerichte einberufen. Zeit und Ort der Ver¬
3061 3007 3269 3071 der gesa
605 2993 2546 3102 Treue; sind untreu ohne Liebe; sündigen ohne Not; rächen sich ohne sammlung werden noch bekanntgegeben.
3050 3048 3272 3124 ausbre
