3392 4352
693 328 804 394 We
266 322 1230 431 24. Das 1te Land
1382 345 1823 438 box 29/2
508 1336 838 1417 burg, Toronto.
449 1399 878 1470 (Gnelienangabe ohme Gewähr.
244 1434 623 1539 nitt aus:
269 1507 571 1606 139001911
578 1537 656 1622 12
1298 1715 3239 1805 Frauen sind ihm alles und es ist ihm ganz gleich= Art, wie er das Wienerische leicht obenhin anklingen¬
555 1713 1073 1818 Das weite Land.
1292 1762 2259 1820 gültig, auf wen seine Liebe fällt, ob es seines Ge¬
2253 1783 3227 1831 wie er die Gefühle unter der Eisdecke des Lebe¬
1283 1796 2262 1860 schäftsfreundes Gattin oder seines Jugendfreundes
2252 1818 3234 1876 manns nur leise ansprechen ließ, eine unnachahmliche
444 1809 1193 1893 Tragikomödie von Arthur Schnitzler.
1292 1838 2261 1903 Braut ist, er bricht jede liebe Blume, die ihm am
2263 1859 3240 1916 Grazie, und als die Katastrophe eingetreten war, als
509 1866 1182 1942 Aufführung im Schauspielha###
1293 1874 2262 1938 Weg blüht, nur mit der eigenen Frau kann er
2248 1895 3227 1947 das ganze Instrument dieses unverwüstlichen
1286 1911 2248 1981 rechte Beziehungen nicht finden. Sie ist ihm zu
369 1911 1277 1989 Die wienerische Gesellschaft ist lange nicht mehr
2253 1935 3217 1991 Damenmannes verstimmt sein mußte, fand er ein
1288 1953 2245 2017 anständig, er möchte gern, daß ihre Tugend stran¬
323 1949 1284 2025 don der Gemütlichkeit, die früher für die Kaiser¬
2257 1972 3221 2034 hartes Krächzen, das ergreifend die Dissonanzen die¬
1288 1992 2243 2055 chele und er nicht der einzige Sünder im Hause sei.
316 2012 1275 2072 stadt an der Donau typisch war. Das neue Wien
2254 2012 3223 2069 ser Lebeseele andeutete. Marianne Wulf gab die
1289 2030 2251 2092 Schließlich bringt er es auch so weit; und dann
322 2044 1282 2109 ist dasselbe Babel wie alle anderen Weltstädte. Die
2247 2052 3213 2099 Gattin Hofreiters und sie sah so verwirrend schön
1289 2068 2246 2132 kommt das Seltsame. Er beschimpft den Liebhaber
318 2087 1282 2155 Kultur hat den Weg genommen, den sie seit Jahr¬
2252 2084 3218 2139 aus, daß man ihr wohl glauben mochte, zwei Män¬
1287 2107 2251 2174 seiner Frau und tötet ihn dann im Duell. Anfäng¬
314 2131 1283 2186 tausenden immer nahm, zu dem Zustand, den man
2245 2132 3217 2192 ner hätten um ihrer weichen Lippen willen den
1280 2150 2249 2206 lich erscheint es so, als ob Hofreiter der ritterliche
301 2153 1277 2216 inz moralischen Geschichtsbüchern Ueberkultur, in
2258 2166 3214 2218 Sprung in die dunkle Unendlichkeit getan. Leider
1273 2175 2245 2246 Kavalier wäre, aber im letzten Akt wird es klar,
305 2209 1284 2258 neteren Schriften Dekadence und am Ende des
2247 2208 3221 2264 war das alles, sie blieb im Aeußerlichen stecken, sie
1275 2228 2245 2287 daß er seinen Gegner erschoß aus einem anderen
2254 2246 3216 2303 war nur schön. Dazu kam noch, daß der Regisseur
301 2238 1284 2299 vorigen Jahrhunderts fin de siecle nannte. In
1278 2259 2239 2329 Motiv, und das ist eigentlich die feinste Nuance in
310 2275 1281 2334 Wien lebt man nicht philiströs. Man amüsiert sich,
2250 2284 3215 2347 in souveräner Verachtung des Publikums die Expo¬
1292 2303 2248 2371 Schnitzlers Psychologie. Er tötet den Schiffsfähn¬
2250 2322 3219 2382 sitionsszene in die Kulisse flüstern ließ, sodaß das
308 2324 1277 2370 man betrügt sich und die kleinen süßen Mädel und
1288 2348 2237 2397 rich, den er bei einem Schäferstündchen mit seiner
306 2369 1278 2408 die gelangweilten Frauen küssen ebenso süß ihre= Lieb¬
2243 2356 3222 2422 Publikum nichts verstand, daß ihm der Boden für
1279 2385 2240 2432 Frau fand, seiner frechen, jungen Augen wegen, es
2244 2398 3217 2463 das Folgenkönnen entzogen wurde. Und die Wulf
303 2407 1279 2466 haber wie im bürgerlichen Haushalt den Bräutigam
1287 2419 2244 2477 ist also der Haß des alternden Lebemannes gegen die
294 2435 1271 2499 und Gatten. Die Welt ist weiter fortgeschritten,
2253 2438 3212 2484 sprach auch im Verlauf des Stückes so undeutlich,
1277 2451 2239 2521 herandrängende Jugend. Ein sehr natürliches und
291 2469 1269 2528 Fiemand garantiert dem andern mehr den Allein¬
2253 2476 3215 2536 so in sich selbst hinein, daß sehr viel verloren ging.
1278 2497 2237 2558 ein sehr fein beobachtetes Moment. Diese Wendung
2252 2520 3222 2576 verhallte, verklang, verrauschte. Stark individuell
286 2498 1280 2578 #besitz seiner Frau, und die Frau mag selbst nicht
1285 2539 2242 2597 gibt auch die Erklärung dafür, daß Hofreiter das
2245 2555 3216 2602 war Gerda Irmen als Erna. Das richtige Wie¬
293 2557 1279 2617 das einzige Turteltäubchen ihres Mannes sein. Die
1275 2577 2232 2635 zwanzigjährige Mädel, das er sich erobert, in dem
2245 2593 3207 2644 ner Finanzmädel, heiß und süß, ein Pflänzchen aus
304 2591 1276 2647 Monogamie ist ein überwundener Standpunkt und
1283 2613 2230 2675 Augenblick zurückstößt, wo er frei ist und nun seine
2253 2630 3217 2699 dem dekatenten Sumpf des Donaubabels. Beson¬
296 2637 1268 2705 das gefallene Mädchen genau so wertvoll, vielleicht
1281 2649 2243 2718 Absicht, die er vorher ausgesprochen, wahr machen
2250 2669 3212 2732 ders in den Szenen mit Hofreiters Frau und in
291 2669 1101 2740 wertvoller als die unberührte Jungfrau.
1276 2690 2240 2744 könnte. Er hatte der Kleinen vertraut, er wolle
2236 2710 3215 2775 den Liebesszenen war sie von unvergleichlicher Rea¬
359 2729 1279 2788 Dieses Wien hat Arthur Schnitzler in seinen
1276 2731 2242 2793 sich von seiner Frau scheiden lassen und sie heiraten.
2237 2753 3207 2805 listik. Sie ließ sich küssen und versagte sich so gold¬
302 2753 1272 2830 Dramen treffend geschildert plastisch, mit all dem
1283 2765 2232 2826 Jetzt tut ers nicht. Nicht weil ihm der tote Schiffs¬
2236 2790 3210 2851 echt, wie nur je ein Mädel, das nach der Messe
1276 2790 2243 2872 fähnrich oder die unglückliche Gattin moralische
300 2806 1274 2872 süßen Reiz der Verdorbenheit, mit dem ganzen
2240 2829 3217 2886 auf der Ringstraße promeniert. Unter den übri¬
290 2842 1264 2901 Glanz der Ritterlichkeit jener Männer, die zwar
1277 2856 2248 2906 Skrupel bereiteten, nein, weil er die zwanzig Jahre
2238 2868 3206 2931 gen Darstellerinnen zeichneten sich Sophie König
302 2881 1261 2941 nicht die geringste Achtung vor der Ehre einer Frau
1270 2880 2237 2949 der koketten Erna fürchtet und, wenn er auch Ehe¬
2243 2902 3205 2978 und Thessa Klinkhammer vorteilhaft aus.
300 2916 1265 2983 haben, sie aber trotzdem jeden Augenblick mit ihrem
1268 2923 2236 2998 mann werden will, so hat er doch keine Lust, sich
2238 2942 3200 3011 Max Bayrhammer verstand es, in rich¬
1269 2957 1897 3033 zum Trottel stempeln zu lassen.
295 2953 1269 3030 Leben verteidigen. Auch „Das weite Land“ schildert
2243 2972 3200 3050 tiger Würdigung der etwas antiquierten Form
291 3001 1270 3066 das neue dekatente Wien, aber Schnitzler ist nicht
2237 3020 3199 3087 des Dr. Aigner die Figur modern zu charak¬
1316 3006 2234 3083 Die Handlung dieses fälschlich Tragikomödie ge¬
298 3043 1272 3101 mehr der scharfsichtige Beobachter, der große Künst¬
1269 3037 3204 3102 nannten Stückes ist sehr dürftig. Die Hauptsache terisieren. Die Regie sah ihre Aufgabe damit er¬
287 3085 1271 3131 ler, der in knapper Konturierung Menschen und
2240 3097 3203 3167 ledigt, hübsche Bühnenbilder zu schaffen, sie trug
1270 3095 2240 3165 ist das Milieu und die Menschen, die, wenn auch
299 3121 1261 3180 Dinge vor uns hinzeichnete, er ist redselig gewor¬
2241 3139 3193 3203 aber nicht Sorge, die Längen des Stückes durch
1262 3136 2231 3194 langatmig, mit vielem trivialen Pathos geschildert,
294 3156 1260 3215 den, er sagt die Dinge drei und viermal und er sagt
2234 3178 3199 3238 ein gesteigertes Tempo abzukürzen, Aufgänge und
1271 3172 2239 3245 so doch lebendig und glaubhaft gemacht worden sind.
298 3193 1267 3262 sie nicht mehr so fein, nicht mehr so geschliffen wie
1262 3209 2239 3294 Dabei hat Schnitzler mit dem bewährten Rüstzeug
2244 3213 3201 3282 Abgänge logisch zu verbinden und zu motivieren;
298 3225 1262 3303 früher. Aber es ist immer doch noch Arthur Schnitz¬
1267 3249 2231 3313 der französischen Gesellschaftsdramatiker gearbeitet,
2240 3252 3199 3307 kurz gesagt, sie hatte sich ihre Tätigkeit äußerst
284 3272 1266 3337 ler und wenn man auch während der fünf langen
1268 3288 2232 3355 sogar der Räsonneur der alten Dumaskomödie ist
2240 3291 3207 3360 leicht gemacht. Und so erschien die Darstellung
281 3321 1265 3376 Akte manchmal das Gähnen nicht unterdrücken kann,
1267 3324 2224 3392 durch den Hoteldirektor Dr. von Aigner in ehrwür¬
2243 3330 3205 3408 schleppend, undiszipliniert und unsicher. Der Re¬
290 3351 1264 3418 so gibt es doch immer wieder Momente, die die ganze
1269 3365 2228 3423 diger Fossilität vertreten. Er erklärt sogar in einer
2234 3376 3193 3441 gisseur war offenbar zufrieden, wenn die Dar¬
285 3391 1251 3466 Gestaltungskraft und den alten Milieuzauber der
1261 3404 2226 3481 bei Schnitzler unverständlichen Geschmacklosigkeit den
2240 3411 3199 3482 steller ihre Rollen textlich beherrschten. Daß der
292 3425 1038 3500 früheren Zeit lebendig werden lassen.
1265 3440 1631 3512 Titel des Stückes.
2232 3453 3191 3507 Dichter so etwas wie eine einheitliche Idee habe,
343 3487 1214 3549 Friedrich Hofreiter, der Held des Stückes, i
2229 3488 3194 3555 die der Regisseur nachschaffen müsse, das scheint!
1304 3492 2227 3557 Die Darstellung war, in großen Zügen gesehen,
2214 3521 3179 3601 man nicht genügend begriffen zu haben. F. R.
278 3519 2264 3602 ein Mensch von einer dämonischen Genußsucht. Die  recht gut. Herr Bauer als Hofreiter hatte in der!
