3436 4224
325 122 1286 255 24. Das veite Land
1441 156 1889 247 box 29/6
1007 1151 1087 1226 18
486 1251 921 1333 Genia. Friedrich!
487 1319 1649 1417 Friedrich. Und, verstehst Du, dieser Gedanke . .. daß
537 1388 1598 1446 irgend etwas, das doch in Wirklichkeit gar nicht ist:
538 1436 1646 1515 ein Schemen, ein Phantom, ein Nichts, wenigstens
532 1486 1643 1550 einem so furchtbaren Ding gegenüber, einem so irre¬
523 1529 1644 1611 parabeln wie der Tod — daß Deine Tugend
612 1585 1650 1662 einen Menschen in den Tod getrieben hat, das ist
529 1625 1651 1710 mir einfach unheimlich. Ja ... Ich kann's nicht anders
542 1675 1640 1762 sagen . . . Ja ... Es wird ja wohl wieder vergehn:
526 1729 1635 1805 mit der Zeit... im Gebirg und wenn wir ein
530 1788 1648 1861 paar Wochen nicht beieinander sind. Aber jeht ist es
525 1836 1618 1906 nun einmal da — und da kann man nichts machen:
523 1869 1639 1952 Ja, liebe Genia... So bin ich einmal ... Andre
530 1923 982 1991 wären halt anders ...
405 2017 1630 2117 Das sind die Abschiedsworte an seine Frau; sie klingen
395 2085 1620 2177 wie eine Ermunterung, Genia möge sich für seine An¬
395 2152 1626 2237 treue schadlos halten, — und doch ist Korsakow als
407 2203 1611 2288 Opfer gefallen, weil Hofreiter kein „Hopf“ sein will.
406 2259 1631 2333 Das wissen wir allerdings noch nicht, und so geht uns
390 2315 1633 2408 abermals etwas aus dem Charakterbilde dieser diabolischen
394 2385 1261 2479 Personifikation der Eifersucht verloren.
472 2460 1623 2550 Der dritte Akt zeichnet uns in bunten Farben das
397 2524 1615 2597 Leben und Treiben in der Halle des Hotels Völser
389 2593 1605 2653 Weiher. Wir sehen, wie der schüchterne Sonntags¬
395 2652 1615 2732 reisende Doktor Meyer mit verlegener Höflichkeit die
392 2698 1614 2789 Dienste des gravitätischen Portiers in Anspruch nimmt;
372 2767 1609 2852 wir lernen den polternden Querulanten Serknitz kennen,
374 2824 1600 2900 der sich durch die oberflächliche Wiener Höflichkeit nicht
376 2888 1607 2966 über die Mängel im Hotelbetriebe wegtäuschen lassen
375 2943 1601 3040 will; wir machen die Bekanntschaft des Hoteldirektors,
378 2996 1594 3078 Herrn von Aigner, der von Frau und Sohn getrennt
372 3054 1597 3150 lebt und dessen uneheliche Nachkommenschaft zahlreich
377 3116 1607 3235 wie Sand am Meer ist, und beobachten, wie er
2610 1193 2692 1264 19
2033 1314 3264 1388 Spanierinnen, Französinnen, Engländerinnen den Hof
2032 1361 3257 1444 macht; wir begrüßen viele der alten Bekannten wieder.
2022 1413 3253 1502 Es ist ein buntes Treiben nach Wiener Art: man redet
2021 1486 3255 1573 sich mit Herr und Frau von Soundso an und im
2021 1524 2233 1598 übrigen
2105 1603 3240 1680 Nicht viel Neues erfahren wir in diesem amüsanten
2017 1652 3239 1733 Akte. Friedrich Hofreiter, Doktor Mauer und Erna
2025 1717 3244 1804 Wahi haben eine Kletterpartie auf den steilen Aigner¬
2017 1769 3246 1866 turm (zum erstenmal bestiegen von Herrn von Aigner)
2022 1839 3237 1915 gemacht, der als besonders gefährlich bekannt ist. Erna
2019 1888 3252 1980 Wahl ist ein junges schnoddriges Ding, dessen Geilheit
2017 1953 3246 2042 kaum noch Naivität ist. Doktor Mauer macht sich Hoff¬
2014 2018 3237 2105 nungen auf ihre Hand, aber sie erklärt ihm rund heraus:
2018 2060 3233 2169 „Sie sind wirklich ein anständiger Mensch, Doktor
2013 2120 3236 2223 Mauer! Man hat so das Gefühl, wenn man Ihnen
2001 2186 3242 2281 einmal sein Schicksal anvertraut . .. da ist man dann
2009 2239 3171 2344 im Hafen. Da kann einem nichts mehr geschehen.
3166 2293 3211 2331 —
1996 2310 3228 2388 Nur weiß ich nicht recht, ob dieses Gefühl der Sicher¬
1995 2381 3227 2443 heit etwas so besonders Wünschenswertes bedeutet.
2008 2422 3223 2516 Wenigstens für mich. Wenn ich ganz aufrichtig sein
1993 2480 3225 2580 soll, Doktor Mauer, mir ist manchmal, als hätt ich vom
1992 2549 3222 2633 Dasein auch noch anderes zu erwarten oder zu fordern
1996 2607 3220 2694 als Sicherheit — und Frieden. Besseres oder Schlim¬
1996 2663 3219 2752 meres ich weiß nicht recht.“ — Sie liebt Friedrich
1997 2713 3222 2815 Hofreiter, ihren Friedrich, von ihrem siebenten Lebens¬
1990 2774 3216 2871 jahre an, und sie ist entschlossen, mit ihm durch dick und
1992 2848 3212 2920 dünn zu gehen. Die Kletterpartie hat das Maß ihrer
1993 2907 3211 2997 himmlischen Gefühle voll gemacht: — Friedrich Hof¬
1983 2966 3220 3063 reiter und Erna Wahl werden Hochzeit miteinander
2060 3076 3219 3175 Frau Genia hat endlich das getan, was sie tun
1964 3144 3222 3229 sollte: sie hat ihr Fenster nachts offen gelassen, und ein
