3344 4352
680 151 783 205 WO
1389 134 1825 228 box 28/4
253 134 1234 252 24. basTteLand
583 1276 2925 1369 den Gesprächen derer, denen sie zum Antrieb ihres Schicksals sich eine Komödie verirrter Ehenächstenliebe entschälen, und
596 1347 1755 1407 witd. Dieses stumme Agens ist der arme Korsakow, der Phi¬
1745 1340 2915 1404 wenn nicht unter einem heilenden Lachen, so doch unter einem
594 1392 1745 1450 losoph und Klaviervirtuose, der um Frau Genia Hofreiters
1749 1388 2917 1451 besänftigenden und verzeihenden Lächeln konnte die Legitimi¬
575 1430 2922 1463 willen in den Tod ging, nicht weil er mit ihr ein „Verhältnis“ tät sich die weiße Rose der beruhigten Resignation ins
580 1460 2912 1524 gehabt, auch nicht, weil er an „unglücklicher Liebe“ litt, son=Knopfloch stecken. Statt dessen zielt dieser moralbesessene
583 1515 2907 1574 dern weil er fühlte, daß sie beide, Genia und er, nicht geschaf= Unmoralheld auf des Gegners Herz und streckt ihn tot in
588 1550 1750 1610 sen waren, in Lüge und ewigem Verstecken vor dem betroge¬
1756 1550 2913 1614 den Sand! Nur weil ihn der junge freche Olick reizt, ihn,
1749 1592 2917 1656 dem die Jahre schon das erste Weiß in die Haare sprenkeln!
584 1598 1749 1671 nen Gatten zu leben, mehr noch: weil er ahnte, nichts ande¬
1756 1644 2918 1696 Pfui! Das bricht aller Sympathie, auch all unserem Ver¬
582 1633 1755 1705 res als Liebe als Treue für diesen ihren Gatten sei es ge¬
1754 1680 2925 1745 ständnis für diesen gierigen Selbstling den Hals, und weil
586 1682 1751 1750 wesen, weshalb die Geliebte sich seinem vermessenen Wunsche
1745 1727 2930 1779 wir weder von der Konsequenz in diesem Charakter noch von
578 1735 1746 1783 versagte. Für diesen Korsakow braucht Schnitzler kein Vor¬
592 1776 2915 1814 spiel, wie Sudermann. Er weiß die Kunst des Halbverhüll= der inneren Notwendigkeit dieses Ausgangs überzeugt, sind
590 1812 2909 1873 ten zu schätzen und versteht die Technik seines Meisters Ibsen wir geneigt, das ganze Stück, soviel Feinheiten und Wahr¬
580 1857 2895 1909 zur Genüge, aus den Andeutungen des dramatischen Dialogs heiten sein kultivierter Dialog mit sich führt, als eine jener.
582 1895 2900 1966 allmählich erst, aber desto greifbarer die fortwirkende Schick= Wienerischen Ueberspannungen preiszugeben, die immer nur
588 1939 2912 2017 salsmacht dieses Toten heraufzubeschwören. Denn an ihm und zwischen den Zeilen und am Rand des Lebens zu lesen wissen,
591 1984 2909 2051 seiner tragischen Anständigkeit entzündet sich eigentlich erst, statt sich resolut an den Text selbst zu halten. Nicht die
582 2017 2906 2081 was im Hause Hofreiters, des Glühlichtfabrikanten, endlich Seele sondern — um einen Bahrschen Ausbruck zu ge¬
590 2081 2917 2121 zur glückverzehrenden Flamme auszüngelt. Aus Frau Ge=brauchen — die animula ist das Objekt ihrer unendlich dis¬
592 2107 2924 2170 nias Bekenntnis, das doch noch keine Spur von Schuld in sich ferenzierten, aber auch tausendfach gebrochenen und zersplit¬
581 2146 1752 2217 schließt, holt sich Friedrich Hofreiter für sein ohnedies leicht
1747 2161 2025 2223 terten Kunst.
588 2203 1756 2259 zu beschwichtigendes Gewissen pränumerando die Absolution
592 2233 1757 2293 für die neue Liebschaft, die er, einer oberflächlichen Ban¬
589 2291 1763 2350 kiersfrau eben müde geworden, mit einem frischen, unberühr¬
587 2333 1763 2369 ten, glücksmutigen Mädchen anknüpft. Liebt er sie so ge¬
582 2360 1773 2424 waltig? Kann er ohne sie nicht sein? Ja, wer will das
587 2413 1772 2480 sagen? Die Seele ist ein „weites Land“, und in seiner
588 2447 1753 2511 eigenen kennt man sich am wenigsten aus. Genia svon
584 2481 1769 2564 Irene Triesch meisterhaft gespielt) erfährt bald von ihres
593 2523 1764 2605 Mannes neuer Passion und gibt sich — aus Trotz, aus Rache,
585 2585 1771 2649 aus gekränkter Liebe, das bleibt absichtlich verhüllt — einem
578 2622 1758 2690 blutjungen Marinefähnrich, was wiederum dem Ehemann
590 2662 1775 2735 nicht eine Minute verborgen bleibt. In einem französischen
585 2710 1762 2773 Schwanke wäre die Rechnung nun ja wohl gut und glatt;
585 2754 1759 2826 bei Schnitzler setzt gerade an diesem Punkte der Mechanis¬
588 2802 1771 2858 mus aus, und es erfolgt eine jener Unbegreiflichkeiten, eine
593 2839 1775 2910 jener Inkonsequenzen, jener Launen zufälliger Stimmungen
587 2877 1763 2958 und Reizungen, die nach seiner Ueberzeugung unser Schick¬
582 2922 1721 2985 sal ausmachen: der Gatte provoziert den Fähnrich und —
590 2951 1776 3040 schießt vorbei, denkt man noch in dem Augenblick, wo man
588 2997 1765 3085 ihn in Gehrock und Zylinder vom Duell kommen sieht. Denn
582 3046 1776 3110 bis hieher konnie die „Tragikomödie“ von dem „weiten
586 3089 1762 3137 Land“, die übrigens neben der Haupthandlung nach Schnitz¬
577 3135 1766 3211 lerscher Art noch mehr als eine Variante des Themas in sich
579 3182 1779 3250 birgt, ihren entscheidenden Akzent noch ebenso gut auf die
584 3217 1761 3264 dritte wie auf die erste Silbe nehmen. Aus dem durchein¬
581 3262 1769 3341 andergewirrten Knäuel der Gefühle und Spielereien konnte
