3392 4384
690 237 759 290 1
1374 235 1803 321 box 28/4
273 222 1236 332 24. Das ite Land
493 1269 1400 1377 Bergisch-Märkische Ztg., Elberielt
784 1395 1103 1495 18 10. 1911
874 1466 1244 1551 Das weite Land.
698 1512 1445 1600 Tragikömödie von Artur Schntter.
1233 1578 1678 1639 d. Berlin, 16. Okt.
482 1624 1722 1675 Unser Feuilleton=Mitarbeiter schreibt uns aus Berlin: Man
414 1668 1734 1716 wußte es, bevor der Vorhang vor dem erlesenen Publikum in
410 1720 1736 1751 die Höhe ging, daß uns Artur Schnitzler mit seiner neuen
412 1752 1730 1798 Tragikomödie „„Das weite Land“ keine Ueberraschung brin¬
407 1793 1722 1840 gen werde. Die Entwicklung dieses Dichters ist schon lange zu
415 1845 1733 1892 ihrer Erfüllung gekommen, und wird keine neuen Höhen mehr
416 1876 1722 1937 ersteigen. Aber es wurde auch keine Enttäuschung, dieser hei¬
403 1917 1724 1970 tere und doch nachdenkliche Weg in die weiten Gefilde der Seele,
408 1961 1718 2007 denn sie ist das große unbekannte Land, in dem heute noch die
416 2001 1724 2061 einzigen Wunder geschehen, die kalte Nüchternheit uns gelassen.
407 2036 1715 2092 Schnitzler stellt einen Führer von weltmännischer Art, dar, der
414 2092 1722 2133 auf solchen forschenden Reisen mit eleganter Klugheit, wenn dies
406 2128 1726 2176 Wort erlaubt ist. zu sagen weiß, wie er die Dinge und Menschen
400 2164 1720 2205 sieht. Es liegt im Wesen solcher Dramen, daß sie kein besonderes
406 2206 1717 2278 Interesse an einer Handlung haben, die zielstrebend zu ihrer
414 2244 1721 2299 Vollendung eilt, und daß sie als weitere Folge auch keinen
396 2299 1722 2344 eigentlichen Helden haben. Allerlei Menschenschicksale werden
397 2344 1720 2385 gezeigt, die einen nur in einer besonderen Entwicklungsperiode,
398 2371 1723 2409 die anderen in einem größeren Lebensausschnitt. Manches Ge¬
403 2406 1720 2461 schick wird bis zu seinem Ende geführt, manches bleibt für uns
406 2463 1712 2518 ein Fragment. Im Zenit des Geschehens steht die Gestalt des
399 2493 1715 2534 großen Liebhabers, der mit verändertem Gesicht fast in jedem
396 2538 1716 2588 Schnitzlerschen Stück zu finden ist, die Anatolfigur. Diesmal
397 2574 1715 2629 machte der Dichter den Versuch, die Persönlichkeit dieses Helden
387 2619 1720 2656 tiefer zu erschauen, sie einfach aufgehen zu lassen in einer bunten
388 2663 1716 2722 Fülle von Liebesgeschichten. Der Industrielle Hofreiter hat ein
394 2705 1712 2745 viel verschlungenes Seelenleben; er verrät seine Frau, so oft
398 2737 1716 2790 sein Blut rebellisch wird, und nimmt es ihr keineswegs übel,
383 2786 1707 2831 wenn sie sich auf dieselbe Weise revanchiert. Er spürt keine Spur
387 2829 1708 2885 von Eifersucht. Und doch will er nicht „der Dumme“ sein, fordert
381 2868 1714 2913 den Liebhaber und erschießt ihn! Er kennt keinen Zwang des
393 2905 1703 2946 Gewissens und trotzdem vermag er über den Toten, den er nicht
389 2952 1712 2985 gehaßt und doch getötet, seiner Geliebten nicht zu folgen. Sein
384 2995 1697 3053 Leben zerbricht ihm unter den Händen, da er glaubte, es am feste¬
394 3026 720 3076 sten zu halten.
467 3069 1698 3115 Es sind keine sonderlich tiefbohrenden Probleme und Erkennt¬
389 3115 1704 3153 nisse, die Schnitzler da aufgegriffen hat, aber er hat eine seltene
386 3157 1698 3207 Art, alte Dinge in moderner Form neu zu sagen. Die klassische
387 3197 1692 3253 Tragödie wußte mit dem Pathos erschütternd zu wirken. Das
387 3244 1707 3275 Gesellschaftsdrama unserer Tage wird keinen Konflikten aus dem
386 3282 1701 3322 Wege gehen, die man früher behandelt, doch sie wird die Leiden¬
373 3328 1697 3375 schaften in verschwiegener Seele ihren Kampf auskämpfen lassen,
380 3365 1699 3414 und innerer Bewegung nur geringen äußeren Ausdruck geben.
375 3401 1701 3443 Es ist ein heiteres Stück, das Schnitzler da gegeben hat, und eine
376 3446 1706 3483 frohe Stimmung lag über dem Theater. Unter glatter Decke be¬
380 3481 1703 3532 reitet sich so die Katastrophe vor, bis sie plötzlich hereinbricht,
1786 1412 3103 1473 mit wenig theatralischen Requisiten, ohne Pose ein paar kurze
1797 1449 3117 1499 Worte, Achselzucken, und die tragische Komödie eines Lebens fand
1798 1499 3111 1582 ihr Ende. Ein Drama also von wenig äußerem Glanz, aber von
1790 1536 2575 1594 einer guten und starken Innerlichkeit.
1865 1567 3095 1637 Das Lessingtheater brachte eine Darstellung heraus,
1787 1619 3097 1661 die restlos alle Möglichkeiten ausschöpfte und — als Ganzes ge¬
1808 1654 3123 1701 schehen — kaum einen Wunsch offen ließ. Selbst die kleinsten
1796 1695 3102 1749 Rollen waren von besten Kräften besetzt — so hatte Emanuel
1790 1741 3100 1796 Reicher kaum hundert Worte zu sprechen — und es ergab sich
1800 1783 3099 1845 eine Aufführung von einer aufs seinste abgestimmten Einheit¬
1806 1821 3097 1884 lichkeit. Man hat Unrecht, wenn man einige Namen heraus¬
1784 1871 3111 1921 greist; die größeren Rollen wurden von Heinz Monnard,
1791 1902 2823 1973 Irene Triesch und Hilde Herterich getragen.
