<?xml version="1.0" encoding="UTF-8" standalone="yes"?>
<PcGts xmlns="http://schema.primaresearch.org/PAGE/gts/pagecontent/2013-07-15" xmlns:xsi="http://www.w3.org/2001/XMLSchema-instance" xsi:schemaLocation="http://schema.primaresearch.org/PAGE/gts/pagecontent/2013-07-15 http://schema.primaresearch.org/PAGE/gts/pagecontent/2013-07-15/pagecontent.xsd">
    <Metadata>
        <Creator>prov=University of Rostock/Institute of Mathematics/CITlab/Gundram Leifert/gundram.leifert@uni-rostock.de:name=ONB_Newseye_GT_M1+(htr_id=10810)::::v=2.4.2
prov=University of Rostock/Institute of Mathematics/CITlab/Tobias Gruening/tobias.gruening@uni-rostock.de:name=de.uros.citlab.module.baseline2polygon.B2PSeamMultiOriented:v=2.4.2
prov=University of Rostock/Institute of Mathematics/CITlab/Tobias Gruening/tobias.gruening@uni-rostock.de:name=/mnt/transkribus/LA/DEA/URO/LA_news_onb_att.pb:de.uros.citlab.segmentation.CITlab_LA_ML:v=2.4.2
Transkribus</Creator>
        <Created>2019-10-07T11:12:05.099+02:00</Created>
        <LastChange>2019-10-07T21:03:32.312+02:00</LastChange>
        <TranskribusMetadata docId="223964" pageId="9494972" pageNr="45" tsid="16471717" status="IN_PROGRESS" userId="40391" imgUrl="https://files.transkribus.eu/Get?id=AAGWOOPRVDFKCOYRWLBVOTAS&amp;fileType=view" xmlUrl="https://files.transkribus.eu/Get?id=APMPPGDPAOLOIYEQAGMSZDQA" imageId="6185199"/>
    </Metadata>
    <Page imageFilename="223964_0045.jpeg" imageWidth="3296" imageHeight="4448">
        <ReadingOrder>
            <OrderedGroup id="ro_1711441509061" caption="Regions reading order">
                <RegionRefIndexed index="0" regionRef="r1"/>
            </OrderedGroup>
        </ReadingOrder>
        <TextRegion orientation="0.0" id="r1" custom="readingOrder {index:0;}">
            <Coords points="138,202 138,3381 3294,3381 3294,202"/>
            <TextLine id="r1l1" custom="readingOrder {index:0;}">
                <Coords points="1289,235 1348,260 1388,242 1483,260 1633,260 1676,242 1706,260 1764,256 1764,179 1720,165 1552,169 1508,194 1454,169 1377,180 1344,158 1315,188 1289,184"/>
                <Baseline points="1307,228 1332,228 1358,228 1384,228 1410,228 1435,228 1461,229 1487,229 1513,229 1538,229 1564,229 1590,229 1616,229 1641,229 1667,228 1693,227 1719,227 1745,225"/>
                <TextEquiv>
                    <Unicode>box 28/2</Unicode>
                </TextEquiv>
            </TextLine>
            <TextLine id="r1l2" custom="readingOrder {index:1;}">
                <Coords points="180,272 1092,278 1158,261 1159,195 747,176 582,207 517,170 374,201 181,174"/>
                <Baseline points="199,237 246,241 293,245 340,247 387,250 434,252 481,254 528,255 575,256 622,256 670,257 717,257 764,257 811,256 858,256 905,255 952,254 999,254 1046,253 1093,252 1141,251"/>
                <TextEquiv>
                    <Unicode>24. Das weite Land</Unicode>
                </TextEquiv>
            </TextLine>
            <TextLine id="r1l3" custom="readingOrder {index:2;}">
                <Coords points="143,1498 168,1504 184,1494 194,1506 210,1493 224,1494 245,1511 280,1488 360,1495 363,1455 334,1453 290,1419 267,1425 249,1419 199,1448 192,1440 184,1446 148,1443"/>
                <Baseline points="162,1472 187,1476 213,1478 239,1481 264,1484 290,1485 316,1487 342,1489"/>
                <TextEquiv>
                    <Unicode>gewiß au.</Unicode>
                </TextEquiv>
            </TextLine>
            <TextLine id="r1l4" custom="readingOrder {index:3;}">
                <Coords points="286,1510 314,1518 317,1522 335,1527 347,1485 297,1471"/>
                <Baseline points="308,1501 322,1505"/>
                <TextEquiv>
                    <Unicode>141</Unicode>
                </TextEquiv>
            </TextLine>
            <TextLine id="r1l5" custom="readingOrder {index:4;}">
                <Coords points="1450,1574 2560,1576 2560,1528 1450,1523"/>
                <Baseline points="1467,1575 1520,1575 1574,1574 1628,1574 1681,1574 1735,1574 1789,1573 1842,1573 1896,1573 1950,1573 2004,1573 2057,1573 2111,1572 2165,1572 2218,1572 2272,1572 2326,1571 2379,1571 2433,1570 2487,1569 2541,1568"/>
                <TextEquiv>
                    <Unicode>für gesorgt, daß das Künstliche wenigstens äußerlich</Unicode>
                </TextEquiv>
            </TextLine>
            <TextLine id="r1l6" custom="readingOrder {index:5;}">
                <Coords points="2550,1580 2630,1595 2904,1563 3010,1589 3087,1571 3302,1587 3302,1528 3247,1524 2550,1533"/>
                <Baseline points="2569,1572 2604,1572 2640,1572 2676,1572 2712,1572 2748,1572 2783,1572 2819,1572 2855,1572 2891,1572 2927,1572 2962,1573 2998,1573 3034,1573 3070,1573 3106,1573 3141,1573 3177,1574 3213,1574 3249,1575 3285,1575"/>
                <TextEquiv>
                    <Unicode>wir dieses näher. Wien ist im „weite</Unicode>
                </TextEquiv>
            </TextLine>
            <TextLine id="r1l7" custom="readingOrder {index:6;}">
                <Coords points="1445,1633 3311,1645 3311,1572 1445,1574"/>
                <Baseline points="1463,1624 1554,1624 1646,1625 1737,1625 1829,1625 1920,1625 2012,1625 2103,1625 2195,1625 2286,1625 2378,1625 2470,1625 2561,1625 2653,1625 2744,1625 2836,1625 2927,1625 3019,1625 3110,1625 3202,1626 3294,1626"/>
                <TextEquiv>
                    <Unicode>obenauf bleibt und in irgend einer Form immer wieder der Sommerfrische, im nahen Baden</Unicode>
                </TextEquiv>
            </TextLine>
            <TextLine id="r1l8" custom="readingOrder {index:7;}">
                <Coords points="611,1680 866,1641 895,1659 1045,1642 1165,1670 1253,1658 1252,1593 1208,1597 1117,1554 609,1545"/>
                <Baseline points="629,1649 659,1645 689,1642 719,1640 750,1638 780,1636 810,1636 841,1635 871,1635 901,1635 932,1635 962,1636 992,1636 1022,1636 1053,1637 1083,1637 1113,1637 1144,1637 1174,1636 1204,1635 1235,1633"/>
                <TextEquiv>
                    <Unicode>Feuilleton.</Unicode>
                </TextEquiv>
            </TextLine>
            <TextLine id="r1l9" custom="readingOrder {index:8;}">
                <Coords points="399,1686 439,1690 461,1681 483,1690 493,1678 513,1688 541,1678 556,1688 598,1655 634,1649 630,1605 601,1607 586,1598 576,1610 527,1599 507,1619 478,1617 451,1601 423,1622 394,1620"/>
                <Baseline points="416,1674 441,1672 466,1670 491,1669 516,1667 541,1665 566,1663 591,1660 616,1657"/>
                <TextEquiv>
                    <Unicode>ne</Unicode>
                </TextEquiv>
            </TextLine>
            <TextLine id="r1l10" custom="readingOrder {index:9;}">
                <Coords points="1450,1683 3312,1671 3261,1627 1450,1631"/>
                <Baseline points="1469,1675 1560,1675 1651,1675 1742,1675 1834,1675 1925,1675 2016,1675 2107,1675 2199,1675 2290,1675 2381,1675 2472,1675 2564,1675 2655,1675 2746,1675 2837,1675 2929,1675 3020,1674 3111,1674 3202,1674 3294,1674"/>
                <TextEquiv>
                    <Unicode>hergestellt wird. Sein innerstes Gelüste loszulassen, ist Hochgebirge. Dort blickt der Stefa</Unicode>
                </TextEquiv>
            </TextLine>
            <TextLine id="r1l11" custom="readingOrder {index:10;}">
                <Coords points="2556,1706 2648,1739 3308,1730 3308,1672 2834,1677 2808,1658 2786,1677 2556,1677"/>
                <Baseline points="2573,1721 2608,1721 2644,1720 2680,1720 2716,1719 2752,1719 2788,1719 2824,1719 2860,1719 2896,1719 2932,1719 2967,1719 3003,1719 3039,1719 3075,1719 3111,1719 3147,1719 3183,1719 3219,1719 3255,1718 3291,1718"/>
                <TextEquiv>
                    <Unicode>Aignerturm“, eine gefährliche Dolo</Unicode>
                </TextEquiv>
            </TextLine>
            <TextLine id="r1l12" custom="readingOrder {index:11;}">
                <Coords points="1448,1727 1732,1740 1926,1719 2152,1742 2226,1717 2226,1688 2102,1672 1448,1676"/>
                <Baseline points="1467,1718 1504,1718 1541,1718 1578,1718 1615,1718 1652,1718 1689,1718 1726,1718 1763,1718 1800,1719 1837,1719 1874,1719 1911,1719 1948,1720 1985,1720 2022,1720 2059,1721 2096,1721 2133,1721 2170,1721 2208,1721"/>
                <TextEquiv>
                    <Unicode>nur der Totgeweihten letztes Recht.</Unicode>
                </TextEquiv>
            </TextLine>
            <TextLine id="r1l13" custom="readingOrder {index:12;}">
                <Coords points="392,1772 465,1765 497,1745 531,1766 564,1764 585,1748 626,1761 655,1752 652,1690 633,1691 592,1664 557,1688 530,1674 513,1686 487,1676 461,1678 440,1693 388,1688"/>
                <Baseline points="411,1741 439,1740 467,1739 495,1737 523,1736 551,1734 579,1733 607,1732 635,1731"/>
                <TextEquiv>
                    <Unicode>M</Unicode>
                </TextEquiv>
            </TextLine>
            <TextLine id="r1l14" custom="readingOrder {index:13;}">
                <Coords points="690,1783 931,1793 974,1778 1011,1793 1058,1771 1088,1792 1164,1785 1164,1708 1131,1697 1109,1712 1087,1690 1036,1705 934,1691 854,1717 817,1695 689,1703"/>
                <Baseline points="707,1762 732,1763 758,1763 784,1764 810,1764 835,1764 861,1764 887,1764 913,1764 938,1764 964,1764 990,1763 1016,1763 1041,1763 1067,1762 1093,1762 1119,1762 1145,1761"/>
                <TextEquiv>
                    <Unicode>Burgtheater.</Unicode>
                </TextEquiv>
            </TextLine>
            <TextLine id="r1l15" custom="readingOrder {index:14;}">
                <Coords points="1548,1782 2340,1759 2468,1788 2563,1777 2563,1722 2504,1697 2147,1741 1548,1735"/>
                <Baseline points="1565,1767 1614,1768 1663,1769 1712,1769 1761,1770 1810,1770 1859,1770 1908,1770 1957,1770 2006,1770 2055,1770 2104,1770 2153,1769 2202,1769 2251,1769 2300,1768 2349,1768 2398,1768 2447,1767 2496,1767 2545,1767"/>
                <TextEquiv>
                    <Unicode>Schon aus den Beispielen, die in der oben</Unicode>
                </TextEquiv>
            </TextLine>
            <TextLine id="r1l16" custom="readingOrder {index:15;}">
                <Coords points="2559,1777 2687,1795 2830,1769 3005,1790 3038,1768 3312,1768 3312,1728 3271,1724 2866,1725 2840,1703 2811,1725 2600,1725 2559,1704"/>
                <Baseline points="2577,1770 2612,1770 2648,1770 2684,1770 2720,1769 2756,1769 2792,1769 2827,1769 2863,1769 2899,1769 2935,1769 2971,1769 3007,1768 3043,1768 3078,1768 3114,1768 3150,1768 3186,1769 3222,1769 3258,1769 3294,1769"/>
                <TextEquiv>
                    <Unicode>Szene herein. Von dort fahren die H</Unicode>
                </TextEquiv>
            </TextLine>
            <TextLine id="r1l17" custom="readingOrder {index:16;}">
                <Coords points="1461,1832 3313,1842 3313,1769 3247,1766 1461,1763"/>
                <Baseline points="1481,1820 1571,1819 1662,1819 1752,1818 1843,1818 1934,1818 2024,1818 2115,1817 2205,1817 2296,1817 2387,1817 2477,1817 2568,1817 2658,1817 2749,1817 2840,1818 2930,1818 3021,1818 3111,1818 3202,1818 3293,1818"/>
                <TextEquiv>
                    <Unicode>zitierten Stelle für die chaotischen Möglichkeiten im Wien vom Hotel am „Wölser Weih</Unicode>
                </TextEquiv>
            </TextLine>
            <TextLine id="r1l18" custom="readingOrder {index:17;}">
                <Coords points="435,1842 1468,1827 1434,1765 434,1787"/>
                <Baseline points="453,1837 502,1836 552,1835 602,1834 652,1833 702,1832 751,1832 801,1831 851,1831 901,1830 951,1830 1000,1830 1050,1829 1100,1828 1150,1827 1200,1827 1249,1826 1299,1825 1349,1823 1399,1822 1449,1820"/>
                <TextEquiv>
                    <Unicode>das weite Land.“ Tragikomödie in fünf Akten von</Unicode>
                </TextEquiv>
            </TextLine>
            <TextLine id="r1l19" custom="readingOrder {index:18;}">
                <Coords points="1461,1874 2556,1878 2556,1824 2461,1817 1461,1811"/>
                <Baseline points="1478,1868 1533,1867 1589,1867 1645,1866 1700,1866 1756,1866 1812,1866 1868,1866 1923,1866 1979,1866 2035,1866 2091,1866 2146,1866 2202,1866 2258,1866 2314,1866 2369,1865 2425,1865 2481,1864 2537,1863"/>
                <TextEquiv>
                    <Unicode>weiten Land der Seele angeführt werden, erkennen wir,</Unicode>
                </TextEquiv>
            </TextLine>
            <TextLine id="r1l20" custom="readingOrder {index:19;}">
                <Coords points="917,1870 958,1884 1038,1864 1115,1881 1199,1869 1235,1897 1261,1879 1287,1897 1476,1868 1475,1802 1249,1839 1103,1823 1085,1838 917,1833"/>
                <Baseline points="934,1872 960,1871 986,1871 1012,1870 1038,1869 1064,1869 1090,1868 1117,1868 1143,1868 1169,1867 1195,1867 1221,1867 1247,1867 1273,1866 1300,1866 1326,1865 1352,1865 1378,1864 1404,1864 1430,1863 1457,1862"/>
                <TextEquiv>
                    <Unicode>Zum erstenmale aufgeführt</Unicode>
                </TextEquiv>
            </TextLine>
            <TextLine id="r1l21" custom="readingOrder {index:20;}">
                <Coords points="2544,1885 3252,1878 3281,1874 3281,1823 2544,1827"/>
                <Baseline points="2561,1869 2596,1869 2631,1869 2666,1869 2701,1869 2736,1868 2771,1868 2806,1868 2841,1868 2876,1867 2912,1867 2947,1867 2982,1867 3017,1867 3052,1867 3087,1866 3122,1866 3157,1866 3192,1866 3227,1866 3263,1866"/>
                <TextEquiv>
                    <Unicode>den Damen waghalsige Bergtouren.</Unicode>
                </TextEquiv>
            </TextLine>
            <TextLine id="r1l22" custom="readingOrder {index:21;}">
                <Coords points="367,1901 564,1912 626,1875 867,1871 867,1838 429,1846 367,1814"/>
                <Baseline points="386,1873 411,1874 437,1874 463,1875 488,1875 514,1875 540,1875 565,1874 591,1874 617,1874 642,1873 668,1873 694,1873 719,1873 745,1873 771,1873 796,1873 822,1874 848,1875"/>
                <TextEquiv>
                    <Unicode>[Arthur Schnitzter.</Unicode>
                </TextEquiv>
            </TextLine>
            <TextLine id="r1l23" custom="readingOrder {index:22;}">
                <Coords points="621,1928 790,1944 910,1917 979,1935 1012,1916 1151,1936 1238,1924 1238,1866 960,1873 916,1844 872,1845 844,1874 621,1862"/>
                <Baseline points="639,1911 668,1912 697,1912 726,1912 755,1913 784,1913 813,1913 842,1913 871,1913 900,1912 929,1912 958,1912 987,1911 1016,1910 1045,1910 1074,1909 1103,1908 1132,1908 1161,1907 1190,1906 1219,1905"/>
                <TextEquiv>
                    <Unicode> den 14. Oktober 1911.</Unicode>
                </TextEquiv>
            </TextLine>
            <TextLine id="r1l24" custom="readingOrder {index:23;}">
                <Coords points="2552,1930 3253,1929 3301,1921 3301,1870 2552,1879"/>
                <Baseline points="2572,1916 2607,1916 2643,1916 2678,1916 2714,1916 2749,1916 2785,1915 2820,1915 2856,1915 2891,1914 2927,1914 2962,1914 2998,1914 3033,1913 3069,1913 3104,1914 3140,1914 3175,1915 3211,1915 3246,1916 3282,1917"/>
                <TextEquiv>
                    <Unicode>mondainstes Milien: Automobilfahrte</Unicode>
                </TextEquiv>
            </TextLine>
            <TextLine id="r1l25" custom="readingOrder {index:24;}">
                <Coords points="1461,1933 2550,1924 2524,1862 1461,1874"/>
                <Baseline points="1478,1917 1530,1917 1583,1916 1635,1916 1688,1916 1741,1916 1793,1916 1846,1916 1899,1916 1951,1915 2004,1915 2057,1915 2109,1915 2162,1915 2215,1915 2267,1914 2320,1914 2373,1913 2425,1913 2478,1912 2531,1911"/>
                <TextEquiv>
                    <Unicode>daß uns Liebeskonflikte beschäftigen sollen. Sie tun es</Unicode>
                </TextEquiv>
            </TextLine>
            <TextLine id="r1l26" custom="readingOrder {index:25;}">
                <Coords points="1473,1971 3313,1981 3313,1911 1473,1927"/>
                <Baseline points="1492,1967 1582,1966 1672,1965 1762,1964 1852,1964 1942,1963 2032,1963 2122,1963 2212,1963 2302,1963 2392,1963 2482,1963 2572,1963 2662,1964 2752,1964 2842,1964 2932,1964 3022,1964 3112,1964 3202,1964 3293,1963"/>
                <TextEquiv>
                    <Unicode>reichlich, überreichlich! Wie? Das kritisiert der Dichter usw vor allem aber zügellose Verl</Unicode>
                </TextEquiv>
            </TextLine>
            <TextLine id="r1l27" custom="readingOrder {index:26;}">
                <Coords points="456,1971 1471,1980 1471,1933 1394,1911 1084,1941 1047,1915 547,1931 456,1898"/>
                <Baseline points="475,1965 523,1967 572,1969 621,1970 670,1971 719,1971 768,1972 817,1972 866,1972 915,1971 964,1971 1012,1970 1061,1970 1110,1969 1159,1969 1208,1968 1257,1968 1306,1968 1355,1968 1404,1968 1453,1969"/>
                <TextEquiv>
                    <Unicode>— Mga-ist das weite Land“? Das weite Land</Unicode>
                </TextEquiv>
            </TextLine>
            <TextLine id="r1l28" custom="readingOrder {index:27;}">
                <Coords points="2557,2022 2958,2036 3134,2014 3313,2047 3312,1978 3287,1970 2703,1974 2655,1952 2557,1974"/>
                <Baseline points="2574,2013 2610,2013 2646,2013 2682,2013 2718,2013 2754,2013 2790,2013 2826,2013 2862,2013 2898,2013 2934,2012 2970,2012 3006,2012 3042,2012 3078,2012 3114,2012 3150,2013 3186,2013 3222,2013 3258,2013 3294,2014"/>
                <TextEquiv>
                    <Unicode>möglich Folgen: Selbstmord, Ehebruc</Unicode>
                </TextEquiv>
            </TextLine>
            <TextLine id="r1l29" custom="readingOrder {index:28;}">
                <Coords points="1466,2025 2503,2022 2550,2018 2550,1971 1465,1974"/>
                <Baseline points="1485,2016 1537,2015 1589,2015 1641,2015 1694,2015 1746,2015 1798,2014 1851,2014 1903,2014 1955,2013 2008,2013 2060,2013 2112,2013 2164,2012 2217,2012 2269,2011 2321,2011 2374,2011 2426,2010 2478,2009 2531,2009"/>
                <TextEquiv>
                    <Unicode>selbst mit den Worten eines Arztes und grundehrlichen</Unicode>
                </TextEquiv>
            </TextLine>
            <TextLine id="r1l30" custom="readingOrder {index:29;}">
                <Coords points="370,2027 1469,2032 1469,1981 1338,1970 370,1968"/>
                <Baseline points="389,2017 442,2018 495,2018 548,2018 601,2018 654,2019 707,2019 761,2019 814,2019 867,2019 920,2019 973,2019 1026,2019 1079,2019 1133,2019 1186,2019 1239,2019 1292,2019 1345,2019 1398,2019 1452,2019"/>
                <TextEquiv>
                    <Unicode>Arthur Schnitzters ist die weite Moral des modernen</Unicode>
                </TextEquiv>
            </TextLine>
            <TextLine id="r1l31" custom="readingOrder {index:30;}">
                <Coords points="1463,2070 3182,2087 3303,2017 1463,2026"/>
                <Baseline points="1482,2067 1572,2066 1662,2066 1752,2065 1842,2064 1933,2063 2023,2063 2113,2062 2203,2062 2293,2061 2384,2061 2474,2061 2564,2061 2654,2061 2744,2061 2835,2061 2925,2061 3015,2061 3105,2061 3195,2062 3286,2062"/>
                <TextEquiv>
                    <Unicode>Mannes, dem es natürlich übel ergeht in dieser Welt Mädchenverführung. Ein besonderer</Unicode>
                </TextEquiv>
            </TextLine>
            <TextLine id="r1l32" custom="readingOrder {index:31;}">
                <Coords points="361,2073 1186,2091 1474,2072 1474,2032 360,2026"/>
                <Baseline points="379,2069 432,2069 486,2069 540,2069 594,2069 648,2069 702,2069 756,2069 810,2069 864,2069 918,2069 971,2069 1025,2069 1079,2068 1133,2068 1187,2068 1241,2068 1295,2068 1349,2068 1403,2068 1457,2068"/>
                <TextEquiv>
                    <Unicode>Menschen, des aus alten Jugendträumen und Beloh¬</Unicode>
                </TextEquiv>
            </TextLine>
            <TextLine id="r1l33" custom="readingOrder {index:32;}">
                <Coords points="367,2124 3204,2135 3313,2051 367,2077"/>
                <Baseline points="386,2118 531,2117 676,2117 822,2116 967,2116 1113,2115 1258,2115 1403,2114 1549,2114 1694,2113 1840,2112 1985,2112 2130,2111 2276,2111 2421,2111 2567,2111 2712,2111 2857,2111 3003,2111 3148,2111 3294,2112"/>
                <TextEquiv>
                    <Unicode>nungshoffnungen erwachten Lebendigen unserer Zeit.der weiten Gewissen: Nicht das geringste hätt' ich ein= dieser Gesellschaft ist der schon genar</Unicode>
                </TextEquiv>
            </TextLine>
            <TextLine id="r1l34" custom="readingOrder {index:33;}">
                <Coords points="357,2164 3299,2120 356,2109"/>
                <Baseline points="376,2168 521,2167 666,2167 811,2166 957,2166 1102,2165 1247,2165 1393,2164 1538,2163 1683,2163 1829,2162 1974,2162 2119,2161 2264,2161 2410,2160 2555,2160 2700,2160 2846,2160 2991,2161 3136,2161 3282,2162"/>
                <TextEquiv>
                    <Unicode>Der Senior der Gesellschaft, mit der uns der Dichter  zuwenden gegen eine Welt, in der die Liebe wirklich von Aigner. Er hat jeden Tag eine</Unicode>
                </TextEquiv>
            </TextLine>
            <TextLine id="r1l35" custom="readingOrder {index:34;}">
                <Coords points="356,2223 3310,2204 356,2164"/>
                <Baseline points="373,2219 519,2218 665,2216 811,2215 957,2214 1103,2213 1249,2212 1395,2211 1541,2211 1687,2210 1833,2210 1979,2210 2125,2210 2271,2210 2417,2210 2563,2210 2709,2210 2855,2210 3001,2210 3147,2210 3293,2210"/>
                <TextEquiv>
                    <Unicode>bekannt macht, der weltgewandte Hoteldirektor Doktor nichts anderes wäre als ein köstliches Spiel. Aber Geliebte, alle jungen Kellner und</Unicode>
                </TextEquiv>
            </TextLine>
            <TextLine id="r1l36" custom="readingOrder {index:35;}">
                <Coords points="368,2274 3293,2214 368,2223"/>
                <Baseline points="386,2268 530,2267 674,2265 819,2264 963,2263 1107,2262 1252,2261 1396,2260 1540,2260 1685,2259 1829,2259 1973,2258 2118,2258 2262,2258 2406,2258 2551,2258 2695,2258 2839,2258 2984,2258 3128,2259 3273,2259"/>
                <TextEquiv>
                    <Unicode>von Aigner, läßt sich darüber zu einem Gaste wie folgtl dann — dann ehrlich, bitte! Ehrlich bis zur Orgie. Bauernkinder im weitesten Umkreis, s</Unicode>
                </TextEquiv>
            </TextLine>
            <TextLine id="r1l37" custom="readingOrder {index:36;}">
                <Coords points="369,2321 3312,2330 3249,2243 368,2274"/>
                <Baseline points="385,2316 530,2315 675,2315 821,2315 966,2314 1112,2313 1257,2313 1403,2312 1548,2311 1694,2311 1839,2310 1984,2310 2130,2309 2275,2309 2421,2308 2566,2308 2712,2308 2857,2308 3003,2308 3148,2308 3294,2309"/>
                <TextEquiv>
                    <Unicode>vernehmen: „Sollt' es Ihnen noch nicht aufgefallen! Das ließe ich gelten. Aber dieses Ineinander von Zu##tig ähnlich. Seinen ehelichen Sohn ah</Unicode>
                </TextEquiv>
            </TextLine>
            <TextLine id="r1l38" custom="readingOrder {index:37;}">
                <Coords points="369,2376 3312,2315 369,2321"/>
                <Baseline points="386,2364 531,2364 676,2364 822,2363 967,2363 1112,2362 1258,2361 1403,2361 1548,2360 1694,2359 1839,2358 1984,2357 2130,2357 2275,2356 2420,2356 2566,2356 2711,2356 2856,2356 3002,2356 3147,2357 3293,2358"/>
                <TextEquiv>
                    <Unicode>sein, was für komplizierte Subjekte wir Menschen im rückhaltung und Frechheit, von feiger Eifersucht und er=jährigen Marinefähnrich Otto, kennt</Unicode>
                </TextEquiv>
            </TextLine>
            <TextLine id="r1l39" custom="readingOrder {index:38;}">
                <Coords points="358,2409 3312,2417 3166,2341 358,2358"/>
                <Baseline points="375,2413 520,2413 666,2412 812,2412 958,2411 1104,2411 1250,2410 1396,2410 1542,2409 1688,2409 1834,2408 1979,2408 2125,2407 2271,2407 2417,2406 2563,2406 2709,2406 2855,2405 3001,2405 3147,2404 3293,2404"/>
                <TextEquiv>
                    <Unicode>Grunde sind? So vieles hat zugleich Raum in uns! logenem Gleichmut, von rasender Leidenschaft und nämlich so zart besaitet, daß er seine</Unicode>
                </TextEquiv>
            </TextLine>
            <TextLine id="r1l40" custom="readingOrder {index:39;}">
                <Coords points="366,2467 3305,2468 3020,2392 366,2409"/>
                <Baseline points="384,2463 529,2463 674,2462 819,2461 964,2460 1110,2460 1255,2459 1400,2458 1545,2457 1690,2456 1836,2456 1981,2455 2126,2455 2271,2454 2416,2454 2562,2454 2707,2454 2852,2454 2997,2454 3142,2455 3288,2455"/>
                <TextEquiv>
                    <Unicode>Liebe und Trug, Treue und Treulosigkeit, Anbetung leerer Lust, wie ich es hier sehe, das finde ich trübselig endlich geliebte Gattin einfach verlasse</Unicode>
                </TextEquiv>
            </TextLine>
            <TextLine id="r1l41" custom="readingOrder {index:40;}">
                <Coords points="1472,2512 3213,2523 3312,2457 1472,2464"/>
                <Baseline points="1489,2504 1579,2504 1669,2504 1759,2504 1849,2504 1940,2504 2030,2504 2120,2504 2210,2504 2300,2505 2391,2505 2481,2505 2571,2505 2661,2505 2751,2505 2842,2505 2932,2505 3022,2504 3112,2504 3202,2503 3293,2501"/>
                <TextEquiv>
                    <Unicode>und — grauenhaft. Der Freiheit, die sich hier brüstet, es zuwege gebracht, sie mit einer and</Unicode>
                </TextEquiv>
            </TextLine>
            <TextLine id="r1l42" custom="readingOrder {index:41;}">
                <Coords points="364,2533 1477,2521 1477,2463 363,2456"/>
                <Baseline points="382,2513 435,2512 489,2511 543,2511 597,2510 651,2509 704,2509 758,2509 812,2508 866,2508 920,2508 973,2508 1027,2507 1081,2507 1135,2507 1189,2508 1242,2508 1296,2508 1350,2508 1404,2508 1458,2509"/>
                <TextEquiv>
                    <Unicode>für die eine und Verlangen nach einer anderen oder</Unicode>
                </TextEquiv>
            </TextLine>
            <TextLine id="r1l43" custom="readingOrder {index:42;}">
                <Coords points="1466,2562 3313,2565 3313,2502 1466,2515"/>
                <Baseline points="1486,2557 1576,2556 1666,2555 1757,2555 1847,2554 1938,2554 2028,2554 2118,2554 2209,2554 2299,2554 2390,2554 2480,2554 2570,2555 2661,2555 2751,2555 2842,2555 2932,2555 3022,2554 3113,2554 3203,2553 3294,2553"/>
                <TextEquiv>
                    <Unicode>der fehlt es am Glauben an sich selbst. Darum gelingt Gerade daß er sie so sehr liebte un</Unicode>
                </TextEquiv>
            </TextLine>
            <TextLine id="r1l44" custom="readingOrder {index:43;}">
                <Coords points="357,2555 1481,2579 1481,2506 357,2514"/>
                <Baseline points="375,2563 429,2562 483,2560 538,2559 592,2559 646,2558 701,2557 755,2557 809,2556 864,2556 918,2555 972,2555 1027,2555 1081,2555 1135,2556 1190,2556 1244,2556 1298,2557 1353,2557 1407,2558 1462,2558"/>
                <TextEquiv>
                    <Unicode>nach mehreren. Wir versuchen wohl Ordnung in uns</Unicode>
                </TextEquiv>
            </TextLine>
            <TextLine id="r1l45" custom="readingOrder {index:44;}">
                <Coords points="1465,2619 3170,2620 3313,2608 3313,2554 1465,2561"/>
                <Baseline points="1484,2607 1574,2606 1665,2604 1755,2603 1846,2603 1936,2602 2027,2602 2117,2602 2208,2602 2298,2602 2389,2602 2479,2603 2570,2603 2660,2603 2751,2603 2841,2603 2932,2603 3022,2602 3113,2601 3203,2600 3294,2599"/>
                <TextEquiv>
                    <Unicode>ihr die heitere Miene nicht, die sie so gern annehmen war, sie zu betrügen, das machte ihn</Unicode>
                </TextEquiv>
            </TextLine>
            <TextLine id="r1l46" custom="readingOrder {index:45;}">
                <Coords points="359,2615 1476,2629 1476,2567 1374,2557 359,2568"/>
                <Baseline points="377,2611 431,2612 485,2612 539,2612 593,2612 647,2612 701,2611 755,2610 809,2610 863,2609 917,2608 971,2607 1025,2607 1079,2606 1133,2606 1187,2605 1241,2605 1295,2606 1349,2606 1403,2607 1458,2608"/>
                <TextEquiv>
                    <Unicode>zu schaffen, so gut es geht; aber diese Ordnung ist doch</Unicode>
                </TextEquiv>
            </TextLine>
            <TextLine id="r1l47" custom="readingOrder {index:46;}">
                <Coords points="1463,2664 3304,2658 3282,2607 2654,2590 1463,2609"/>
                <Baseline points="1481,2655 1571,2654 1661,2653 1751,2652 1842,2651 1932,2651 2022,2650 2112,2650 2203,2650 2293,2650 2383,2651 2473,2651 2564,2651 2654,2651 2744,2651 2834,2651 2925,2651 3015,2651 3105,2651 3195,2651 3286,2650"/>
                <TextEquiv>
                    <Unicode>möchte; darum grinst sie, wo sie lachen will.“ Sehr der ganzen Welt. Nun gab es für ih</Unicode>
                </TextEquiv>
            </TextLine>
            <TextLine id="r1l48" custom="readingOrder {index:47;}">
                <Coords points="360,2656 1466,2667 1466,2623 1371,2609 360,2616"/>
                <Baseline points="380,2660 433,2660 486,2659 540,2659 593,2658 646,2658 700,2657 753,2657 806,2657 860,2656 913,2656 966,2655 1020,2655 1073,2655 1126,2654 1180,2654 1233,2654 1286,2654 1340,2654 1393,2654 1447,2654"/>
                <TextEquiv>
                    <Unicode>nur etwas Künstliches. Das Natürliche ist das Chaos.</Unicode>
                </TextEquiv>
            </TextLine>
            <TextLine id="r1l49" custom="readingOrder {index:48;}">
                <Coords points="2542,2721 3287,2712 3312,2705 3312,2650 2541,2655"/>
                <Baseline points="2561,2703 2597,2702 2634,2702 2670,2702 2707,2701 2743,2701 2780,2701 2816,2700 2853,2700 2889,2700 2926,2699 2963,2699 2999,2699 3036,2699 3072,2699 3109,2698 3145,2698 3182,2698 3218,2698 3255,2698 3292,2698"/>
                <TextEquiv>
                    <Unicode>Sicherheit mehr auf Erden, keine Mö</Unicode>
                </TextEquiv>
            </TextLine>
            <TextLine id="r1l50" custom="readingOrder {index:49;}">
                <Coords points="1466,2711 2555,2712 2554,2653 2390,2636 1466,2664"/>
                <Baseline points="1485,2703 1537,2703 1590,2702 1642,2702 1695,2702 1748,2701 1800,2701 1853,2701 1905,2700 1958,2700 2011,2700 2063,2699 2116,2699 2168,2699 2221,2698 2274,2698 2326,2698 2379,2697 2431,2697 2484,2697 2537,2697"/>
                <TextEquiv>
                    <Unicode>wahre Worte, und Schuld daran trägt nicht etwa nur</Unicode>
                </TextEquiv>
            </TextLine>
            <TextLine id="r1l51" custom="readingOrder {index:50;}">
                <Coords points="364,2713 1463,2718 1463,2663 364,2659"/>
                <Baseline points="383,2710 436,2710 489,2710 542,2709 595,2709 648,2708 701,2708 754,2707 807,2706 860,2706 914,2705 967,2704 1020,2704 1073,2703 1126,2703 1179,2702 1232,2702 1285,2702 1338,2702 1391,2703 1445,2703"/>
                <TextEquiv>
                    <Unicode>Ja, mein guter Hofreiter, die Seele ist ein weites Land,</Unicode>
                </TextEquiv>
            </TextLine>
            <TextLine id="r1l52" custom="readingOrder {index:51;}">
                <Coords points="1460,2762 2552,2758 2552,2707 2464,2700 1460,2707"/>
                <Baseline points="1479,2750 1531,2751 1584,2751 1636,2751 1689,2751 1742,2751 1794,2751 1847,2751 1900,2751 1952,2750 2005,2750 2058,2749 2110,2749 2163,2749 2216,2748 2268,2748 2321,2748 2374,2748 2426,2748 2479,2748 2532,2749"/>
                <TextEquiv>
                    <Unicode>das engherzige Moralgesetz oder die Strafbestimmungen</Unicode>
                </TextEquiv>
            </TextLine>
            <TextLine id="r1l53" custom="readingOrder {index:52;}">
                <Coords points="2542,2753 2841,2767 2969,2745 3126,2774 3305,2752 3305,2705 2541,2702"/>
                <Baseline points="2561,2750 2597,2750 2633,2750 2670,2750 2706,2750 2742,2750 2779,2750 2815,2750 2851,2750 2888,2750 2924,2750 2960,2750 2997,2749 3033,2749 3069,2749 3106,2749 3142,2749 3178,2749 3215,2749 3251,2750 3288,2750"/>
                <TextEquiv>
                    <Unicode>trauens. Nicht daß es geschehen, ne</Unicode>
                </TextEquiv>
            </TextLine>
            <TextLine id="r1l54" custom="readingOrder {index:53;}">
                <Coords points="366,2778 1472,2775 1479,2720 365,2712"/>
                <Baseline points="382,2756 436,2756 490,2756 544,2756 598,2756 652,2755 706,2755 760,2754 814,2754 868,2753 922,2753 976,2753 1030,2752 1084,2752 1138,2752 1192,2752 1246,2753 1300,2753 1354,2754 1408,2755 1462,2756"/>
                <TextEquiv>
                    <Unicode>wie ein Dichter es einmal ausdrückte. Es kann übrigens</Unicode>
                </TextEquiv>
            </TextLine>
            <TextLine id="r1l55" custom="readingOrder {index:54;}">
                <Coords points="2541,2809 3308,2807 3308,2745 3220,2734 3132,2767 2541,2754"/>
                <Baseline points="2561,2798 2597,2798 2633,2798 2670,2799 2706,2799 2742,2799 2779,2799 2815,2799 2851,2799 2888,2799 2924,2799 2960,2799 2997,2799 3033,2799 3069,2799 3106,2798 3142,2798 3178,2797 3215,2797 3251,2796 3288,2796"/>
                <TextEquiv>
                    <Unicode>haupt möglich gewesen war, das hat</Unicode>
                </TextEquiv>
            </TextLine>
            <TextLine id="r1l56" custom="readingOrder {index:55;}">
                <Coords points="363,2813 2547,2807 2514,2753 363,2755"/>
                <Baseline points="382,2806 489,2806 596,2805 704,2804 811,2804 918,2803 1026,2803 1133,2802 1240,2801 1348,2801 1455,2801 1562,2800 1670,2800 1777,2799 1884,2799 1992,2798 2099,2798 2206,2798 2314,2797 2421,2797 2529,2796"/>
                <TextEquiv>
                    <Unicode>auch ein Hoteldirektor gewesen sein." Ein anderer, der staatlichen Ordnung, sondern weit mehr der erbliche</Unicode>
                </TextEquiv>
            </TextLine>
            <TextLine id="r1l57" custom="readingOrder {index:56;}">
                <Coords points="2554,2852 3131,2863 3226,2840 3262,2865 3302,2851 3302,2799 2554,2808"/>
                <Baseline points="2571,2845 2606,2846 2642,2847 2677,2848 2713,2848 2749,2849 2784,2849 2820,2849 2856,2849 2891,2849 2927,2849 2963,2848 2998,2848 3034,2847 3070,2847 3105,2846 3141,2845 3177,2844 3212,2843 3248,2842 3284,2841"/>
                <TextEquiv>
                    <Unicode>Gattin fortgetrieben, nachdem er ihr</Unicode>
                </TextEquiv>
            </TextLine>
            <TextLine id="r1l58" custom="readingOrder {index:57;}">
                <Coords points="366,2857 2554,2855 2553,2801 366,2814"/>
                <Baseline points="383,2853 490,2854 598,2854 706,2854 813,2854 921,2854 1029,2853 1136,2853 1244,2852 1352,2852 1460,2851 1567,2851 1675,2850 1783,2850 1890,2849 1998,2848 2106,2848 2213,2847 2321,2847 2429,2846 2537,2846"/>
                <TextEquiv>
                    <Unicode>nicht mehr moderner Dichter hat auch schon gesagt: „eng Druck Jahrtausende alter äußerlicher Sittenübung,</Unicode>
                </TextEquiv>
            </TextLine>
            <TextLine id="r1l59" custom="readingOrder {index:58;}">
                <Coords points="2545,2917 3286,2897 3285,2849 3161,2839 2971,2841 2942,2863 2544,2851"/>
                <Baseline points="2563,2897 2598,2897 2633,2897 2668,2898 2704,2898 2739,2898 2774,2898 2810,2898 2845,2899 2880,2899 2916,2899 2951,2899 2986,2898 3021,2898 3057,2897 3092,2897 3127,2895 3163,2894 3198,2893 3233,2892 3269,2889"/>
                <TextEquiv>
                    <Unicode>selbst eingestanden. Das war er ihr</Unicode>
                </TextEquiv>
            </TextLine>
            <TextLine id="r1l60" custom="readingOrder {index:59;}">
                <Coords points="365,2923 2563,2916 2562,2861 2277,2844 364,2857"/>
                <Baseline points="383,2903 491,2903 599,2903 707,2903 815,2902 923,2902 1031,2902 1139,2901 1247,2901 1355,2900 1464,2900 1572,2899 1680,2898 1788,2898 1896,2897 2004,2896 2112,2896 2220,2895 2328,2895 2436,2894 2545,2894"/>
                <TextEquiv>
                    <Unicode>ist die Welt und das Gehirn ist weit; leicht bei einander gegen den sich alle Fragezeichen revolutionärer Kritik</Unicode>
                </TextEquiv>
            </TextLine>
            <TextLine id="r1l61" custom="readingOrder {index:60;}">
                <Coords points="1467,2969 1529,2965 1551,2980 1580,2954 1631,2961 1649,2946 1832,2959 1861,2952 1861,2901 1769,2894 1696,2909 1605,2899 1536,2918 1466,2914"/>
                <Baseline points="1485,2946 1510,2946 1535,2946 1561,2946 1586,2945 1612,2945 1637,2944 1663,2944 1688,2944 1713,2944 1739,2943 1764,2944 1790,2944 1815,2944 1841,2945"/>
                <TextEquiv>
                    <Unicode>machtlos erweisen.</Unicode>
                </TextEquiv>
            </TextLine>
            <TextLine id="r1l62" custom="readingOrder {index:61;}">
                <Coords points="2534,2959 3089,2938 3312,2957 3311,2895 2534,2908"/>
                <Baseline points="2553,2949 2590,2948 2627,2947 2664,2947 2701,2947 2738,2946 2775,2946 2812,2946 2849,2946 2886,2946 2923,2946 2960,2946 2997,2946 3034,2945 3071,2945 3108,2944 3145,2943 3182,2941 3219,2939 3256,2938 3294,2935"/>
                <TextEquiv>
                    <Unicode>gerade weil er sie anbetete. Er wäre</Unicode>
                </TextEquiv>
            </TextLine>
            <TextLine id="r1l63" custom="readingOrder {index:62;}">
                <Coords points="364,2956 1477,2967 1477,2898 364,2909"/>
                <Baseline points="381,2952 434,2951 488,2951 542,2951 596,2951 650,2951 704,2951 758,2951 812,2951 866,2951 920,2951 973,2951 1027,2950 1081,2950 1135,2950 1189,2950 1243,2949 1297,2949 1351,2948 1405,2948 1459,2947"/>
                <TextEquiv>
                    <Unicode>wohnen die Gedanken, doch hart im Raume stoßen sich</Unicode>
                </TextEquiv>
            </TextLine>
            <TextLine id="r1l64" custom="readingOrder {index:63;}">
                <Coords points="1546,3002 3204,3010 3306,2995 3306,2947 1546,2958"/>
                <Baseline points="1563,2993 1649,2994 1735,2994 1821,2994 1908,2994 1994,2994 2080,2994 2166,2994 2253,2994 2339,2993 2425,2993 2511,2993 2598,2992 2684,2992 2770,2991 2856,2991 2943,2990 3029,2989 3115,2988 3201,2987 3288,2986"/>
                <TextEquiv>
                    <Unicode>Nachdem wir des Dichters eigenes Urteil — so gekommen, wenn er ihr's verschwiege</Unicode>
                </TextEquiv>
            </TextLine>
            <TextLine id="r1l65" custom="readingOrder {index:64;}">
                <Coords points="367,3014 542,3025 619,2980 666,3013 1426,3014 1477,3010 1477,2948 367,2960"/>
                <Baseline points="385,2998 438,2999 492,2999 545,2999 599,2999 653,2999 706,2999 760,2999 814,2999 867,2998 921,2998 975,2998 1028,2997 1082,2997 1136,2996 1189,2996 1243,2996 1297,2996 1350,2996 1404,2995 1458,2995"/>
                <TextEquiv>
                    <Unicode>die Dinge" Täten sie das letztere nicht, so träte das</Unicode>
                </TextEquiv>
            </TextLine>
            <TextLine id="r1l66" custom="readingOrder {index:65;}">
                <Coords points="357,3055 3300,2994 357,3018"/>
                <Baseline points="374,3051 519,3050 664,3050 810,3049 955,3049 1101,3048 1246,3047 1391,3047 1537,3046 1682,3045 1828,3044 1973,3043 2118,3043 2264,3042 2409,3042 2555,3042 2700,3042 2845,3042 2991,3042 3136,3043 3282,3043"/>
                <TextEquiv>
                    <Unicode>Chaos, das immer in uns ist, schrecklich in Erscheinung. dürfen wir es wohl auslegen — über das von ihm ge¬ leicht dürfe man sich die Dinge doch</Unicode>
                </TextEquiv>
            </TextLine>
            <TextLine id="r1l67" custom="readingOrder {index:66;}">
                <Coords points="374,3129 3313,3113 3196,3040 374,3055"/>
                <Baseline points="393,3100 538,3100 683,3099 828,3098 973,3098 1118,3097 1263,3096 1408,3096 1553,3095 1698,3095 1843,3094 1988,3094 2133,3094 2278,3094 2423,3094 2568,3094 2713,3094 2858,3095 3003,3095 3148,3096 3294,3097"/>
                <TextEquiv>
                    <Unicode>So aber ist durch die enge Welt der Moralbegriffe da= schilderte erotische Getriebe kennen gelernt, betrachten machen. Er vergißt dabei, daß er sich</Unicode>
                </TextEquiv>
            </TextLine>
            <TextLine id="r1l68" custom="readingOrder {index:67;}">
                <Coords points="152,3221 181,3226 203,3215 243,3224 265,3214 279,3226 331,3224 342,3213 364,3218 366,3148 330,3147 315,3161 301,3150 293,3157 271,3152 256,3163 213,3150 194,3153 179,3167 154,3166"/>
                <Baseline points="172,3209 200,3212 229,3213 258,3214 287,3214 316,3215 345,3218"/>
                <TextEquiv>
                    <Unicode>10 .</Unicode>
                </TextEquiv>
            </TextLine>
            <TextLine id="r1l69" custom="readingOrder {index:68;}">
                <Coords points="145,3256 178,3257 189,3250 218,3265 247,3258 265,3266 287,3255 313,3263 335,3253 357,3257 357,3220 295,3223 284,3212 259,3211 233,3225 215,3210 146,3209"/>
                <Baseline points="162,3249 187,3250 212,3251 237,3251 262,3251 287,3252 312,3252 338,3253"/>
                <TextEquiv>
                    <Unicode>en Persone</Unicode>
                </TextEquiv>
            </TextLine>
            <TextLine id="r1l70" custom="readingOrder {index:69;}">
                <Coords points="137,3301 225,3297 236,3308 309,3298 341,3301 363,3320 382,3320 382,3247 356,3243 338,3257 137,3257"/>
                <Baseline points="154,3292 180,3293 206,3293 232,3293 259,3293 285,3293 311,3293 337,3293 364,3293"/>
                <TextEquiv>
                    <Unicode>31%); Per</Unicode>
                </TextEquiv>
            </TextLine>
            <TextLine id="r1l71" custom="readingOrder {index:70;}">
                <Coords points="119,3341 159,3334 192,3342 214,3332 246,3347 338,3335 367,3343 368,3284 339,3284 309,3298 291,3283 280,3293 266,3282 240,3292 120,3286"/>
                <Baseline points="138,3329 164,3329 191,3330 217,3331 244,3332 270,3333 297,3333 323,3333 350,3332"/>
                <TextEquiv>
                    <Unicode>Z1oo) zurück</Unicode>
                </TextEquiv>
            </TextLine>
            <TextLine id="r1l72" custom="readingOrder {index:71;}">
                <Coords points="148,3392 170,3392 181,3381 199,3389 214,3374 233,3371 265,3394 276,3383 305,3398 323,3391 378,3396 379,3334 339,3329 328,3318 281,3332 255,3320 230,3335 215,3327 149,3329"/>
                <Baseline points="168,3365 195,3367 222,3367 250,3367 277,3367 305,3368 332,3368 360,3371"/>
                <TextEquiv>
                    <Unicode>Reisegenäck</Unicode>
                </TextEquiv>
            </TextLine>
            <TextEquiv>
                <Unicode>box 28/2
24. Das weite Land
gewiß au.
141
für gesorgt, daß das Künstliche wenigstens äußerlich
wir dieses näher. Wien ist im „weite
obenauf bleibt und in irgend einer Form immer wieder der Sommerfrische, im nahen Baden
Feuilleton.
ne
hergestellt wird. Sein innerstes Gelüste loszulassen, ist Hochgebirge. Dort blickt der Stefa
Aignerturm“, eine gefährliche Dolo
nur der Totgeweihten letztes Recht.
M
Burgtheater.
Schon aus den Beispielen, die in der oben
Szene herein. Von dort fahren die H
zitierten Stelle für die chaotischen Möglichkeiten im Wien vom Hotel am „Wölser Weih
das weite Land.“ Tragikomödie in fünf Akten von
weiten Land der Seele angeführt werden, erkennen wir,
Zum erstenmale aufgeführt
den Damen waghalsige Bergtouren.
[Arthur Schnitzter.
 den 14. Oktober 1911.
mondainstes Milien: Automobilfahrte
daß uns Liebeskonflikte beschäftigen sollen. Sie tun es
reichlich, überreichlich! Wie? Das kritisiert der Dichter usw vor allem aber zügellose Verl
— Mga-ist das weite Land“? Das weite Land
möglich Folgen: Selbstmord, Ehebruc
selbst mit den Worten eines Arztes und grundehrlichen
Arthur Schnitzters ist die weite Moral des modernen
Mannes, dem es natürlich übel ergeht in dieser Welt Mädchenverführung. Ein besonderer
Menschen, des aus alten Jugendträumen und Beloh¬
nungshoffnungen erwachten Lebendigen unserer Zeit.der weiten Gewissen: Nicht das geringste hätt' ich ein= dieser Gesellschaft ist der schon genar
Der Senior der Gesellschaft, mit der uns der Dichter  zuwenden gegen eine Welt, in der die Liebe wirklich von Aigner. Er hat jeden Tag eine
bekannt macht, der weltgewandte Hoteldirektor Doktor nichts anderes wäre als ein köstliches Spiel. Aber Geliebte, alle jungen Kellner und
von Aigner, läßt sich darüber zu einem Gaste wie folgtl dann — dann ehrlich, bitte! Ehrlich bis zur Orgie. Bauernkinder im weitesten Umkreis, s
vernehmen: „Sollt' es Ihnen noch nicht aufgefallen! Das ließe ich gelten. Aber dieses Ineinander von Zu##tig ähnlich. Seinen ehelichen Sohn ah
sein, was für komplizierte Subjekte wir Menschen im rückhaltung und Frechheit, von feiger Eifersucht und er=jährigen Marinefähnrich Otto, kennt
Grunde sind? So vieles hat zugleich Raum in uns! logenem Gleichmut, von rasender Leidenschaft und nämlich so zart besaitet, daß er seine
Liebe und Trug, Treue und Treulosigkeit, Anbetung leerer Lust, wie ich es hier sehe, das finde ich trübselig endlich geliebte Gattin einfach verlasse
und — grauenhaft. Der Freiheit, die sich hier brüstet, es zuwege gebracht, sie mit einer and
für die eine und Verlangen nach einer anderen oder
der fehlt es am Glauben an sich selbst. Darum gelingt Gerade daß er sie so sehr liebte un
nach mehreren. Wir versuchen wohl Ordnung in uns
ihr die heitere Miene nicht, die sie so gern annehmen war, sie zu betrügen, das machte ihn
zu schaffen, so gut es geht; aber diese Ordnung ist doch
möchte; darum grinst sie, wo sie lachen will.“ Sehr der ganzen Welt. Nun gab es für ih
nur etwas Künstliches. Das Natürliche ist das Chaos.
Sicherheit mehr auf Erden, keine Mö
wahre Worte, und Schuld daran trägt nicht etwa nur
Ja, mein guter Hofreiter, die Seele ist ein weites Land,
das engherzige Moralgesetz oder die Strafbestimmungen
trauens. Nicht daß es geschehen, ne
wie ein Dichter es einmal ausdrückte. Es kann übrigens
haupt möglich gewesen war, das hat
auch ein Hoteldirektor gewesen sein." Ein anderer, der staatlichen Ordnung, sondern weit mehr der erbliche
Gattin fortgetrieben, nachdem er ihr
nicht mehr moderner Dichter hat auch schon gesagt: „eng Druck Jahrtausende alter äußerlicher Sittenübung,
selbst eingestanden. Das war er ihr
ist die Welt und das Gehirn ist weit; leicht bei einander gegen den sich alle Fragezeichen revolutionärer Kritik
machtlos erweisen.
gerade weil er sie anbetete. Er wäre
wohnen die Gedanken, doch hart im Raume stoßen sich
Nachdem wir des Dichters eigenes Urteil — so gekommen, wenn er ihr's verschwiege
die Dinge" Täten sie das letztere nicht, so träte das
Chaos, das immer in uns ist, schrecklich in Erscheinung. dürfen wir es wohl auslegen — über das von ihm ge¬ leicht dürfe man sich die Dinge doch
So aber ist durch die enge Welt der Moralbegriffe da= schilderte erotische Getriebe kennen gelernt, betrachten machen. Er vergißt dabei, daß er sich
10 .
en Persone
31%); Per
Z1oo) zurück
Reisegenäck</Unicode>
            </TextEquiv>
        </TextRegion>
    </Page>
</PcGts>
