3392 4608
1351 129 1788 220 box 28/4
232 149 1200 252 24. Das veiteLand
536 1639 1636 1698 eine seelenvolle Weiblichk it Wandel schafft, indem sie
543 1680 1634 1747 (seelenvoll) einen zu sich ins Schlafzimmer holt.
544 1726 1643 1799 Daß ihr doch gar nichts andres einfällt als diese Übung.
546 1772 1641 1844 Bei einer Leichtsinnigen: schön. Bei einer Wütenden:
547 1816 1642 1895 schön. Doch bei einer Seelenvollen, .. ich finde das
541 1869 1006 1928 zum Klettern komisch.
584 1920 1500 1997 Weiß der Leser Bescheid? fühlt er Bescheid?
584 1972 1626 2042 Schnitzler findet es ja auch nicht gut; aber so weit
531 2032 1636 2091 Komöde wird er nicht, um diese kaum gewollte Komik
533 2067 1281 2135 einer edlen Person zu gestalten ...
577 2124 1620 2189 Er nennt sein Stück zwar Tragikomödie. Doch es
534 2168 1619 2241 wird, für mein Empfinden, vieles zu ernst besprochen;
534 2203 1619 2291 manches zu schwer genommen. Von der Aufhebung
526 2274 1631 2338 des geschlechtlichen Alleinbesitzes, die heut in großen
530 2321 1618 2373 Städten so gut wie vollzogen ist, unweigerlich tägliche
528 2362 1624 2423 Fortschritte macht (so daß in großen besonnten Schich¬
528 2423 1619 2485 ten, wie tief unten, ein strenges Innehalten der Mono¬
522 2465 1624 2518 gamie unter die Naturspiele zu rechnen begonnen hat;
520 2515 1614 2573 denn es soll hier nichts vertuscht und abgelogen: sondern
520 2556 1623 2614 die Wahrheit geäußert werden) — von der Aufhebung
514 2597 1614 2686 des menschlichen Alleinbesitzes geschieht im Stück sehr
527 2648 813 2713 viel Wesens.
559 2693 1611 2780 Hernach, im Kernpunkt, ist es nicht mehr der Fall.
516 2754 1616 2823 Aber der Glühlichtfabrikant spricht beispielshalber so:
521 2794 1615 2874 „Ich will dich anders fragen. Ich meine: wenn du ihn
521 2855 1616 2923 von den Toten wieder aufwecken könntest, — dadurch
527 2891 1615 2970 daß du dich bereit erklärtest . .. seine Geliebte zu
518 2955 1603 3025 werden.“ Oder: „Und jetzt zweifelst du daran, daß du
521 2991 1607 3078 seine Geliebte würdest, selbst wenn du ihn damit wieder
508 3045 1331 3131 von den Toten“... So der Fabrikant.
1710 1651 2764 1724 Aber die Menschen bei Schnitzler sind eir nder nicht
1675 1689 2756 1763 böse, die einander betrogen haben. Das st hübsch.
1669 1742 2761 1819 Genia nicht auf Adele Natter, die Bankierpfrau. Der
1675 1786 2761 1870 Bankier nicht auf den Geliebten seiner Frau. Dieser
1672 1842 2757 1920 Geliebte nicht bös auf den Geliebten der seinigen. Jeder
1687 1890 2563 1964 fischt aus den Kästen seiner nahesten Freunde.
1713 1945 2757 2002 Der Held hat seinem Bankier die Frau weggenommen.
1670 1995 2760 2055 Hernach nimmt er seinem Arzte die Braut weg. Diese
1679 2039 2759 2107 (ihrerseits) nimmt einer Freundin den Mann weg. Die
1674 2086 2757 2162 beraubte Freundin, was nun sie betrifft, nimmt einer
1677 2139 2759 2215 befreundeten Mutter ihren Sohn weg. . .. Und so. Der
1666 2183 2134 2252 Schnitzler ist nicht feig.
1704 2244 2745 2318 Mag er schon seine Menschen bei Wien leben lassen;
1719 2297 2752 2365 daß ich von der eindringlichen Vorstellung ihres
1660 2337 2759 2393 Gehabes in zwei Minuten seekrank bin. Das Ethos
1661 2385 2759 2444 dieses tragikomischen (nicht genügend komitragischen)
1653 2441 2748 2511 Stücks kündet Folgendes. Jemand kann eine Frau
1663 2494 2753 2544 grenzenlos lieben — und ihr doch untreu sein. Das
1654 2540 2738 2612 wußten wir. Zweitens. Jemandem kann seine Frau
1653 2591 2742 2660 untreu gewesen sein — und er liebt sie doch sehr, wie
1659 2629 2746 2685 der Bankmensch Natter.... Die Gattin des Helden
1651 2679 2750 2758 gewahrt spät, daß in der Liebe alles wie ein Spiel
1647 2730 2740 2799 ist. (Am schlimmsten ist der Fähnrich dran. Er wird
1655 2780 1762 2829 von
1761 2777 2734 2849 einer Frau beglückt, obschon sie ihn nicht
1642 2821 1764 2878 liebt.
1780 2837 2733 2904 Von einem Mann erschossen, obschon er ihn
1640 2874 1779 2930 nicht
1783 2876 2733 2934 haßt.) Etliche Zivilisierung, von einem
1640 2925 2733 2994 Dichter .. freilich mehr geplant als gestaltet, aber
1651 2968 2737 3044 doch von einem Pionier, der mit greulich wienerischen
1644 3023 2744 3098 Mitteln (Brechmitteln) der Weltliteratur einen oder
1631 3077 2535 3149 zwei neue Feststellungspunkte zufügt. Ecco.
2838 1672 3339 1741 Schreckliches vollzieht sich
2803 1706 3343 1793 Richt etwa Peterl. Per
2811 1763 3342 1834 Eine tiefe Abneigung
2796 1811 3336 1887 ugendwo solle Schnitzler z
2805 1866 3316 1930 Doch; er zeigt sie. Durch
2801 1911 3337 1978 Dieser einzig anständige M
2827 1962 3339 2027 Was geht nun vor? M
2790 1998 3326 2075 tadelt er diese Menschen?
2836 2062 3133 2125 tein Pionier?
2838 2102 3321 2180 Vielleicht erst das Eine,
2842 2160 3329 2231 Eine Absage wäre mir
2794 2201 3338 2280 hat er zu viel impassibilité
2814 2270 3328 2321 sein, zu viel impassibilité)
2835 2313 3353 2377 Man wünschte doch Bestä
2790 2358 3337 2431 Mollusken, Widerlingen,
2801 2411 3325 2476 gar nichts gemein hat. ...
2822 2458 3350 2527 Ich wünschte dann, da
2775 2502 3349 2579 Finger angewöhnt — wie
2776 2564 3344 2624 Herausheben des Wesentlich
2770 2605 3352 2673 hier breit. Er gibt Langes. 2
2768 2659 3349 2720 ist, merkt man erst nach dem
2776 2703 3335 2768 halber, in das Gewirr und
2776 2758 3352 2825 praktischermaßen die Lebensa
2775 2811 3343 2876 Mannes verlegt; vielleicht
2763 2850 3123 2921 spiels. Unklug!)
3242 2912 3360 3007 wv.
2797 2986 3352 3060 In der Aufführung ist Her
2769 3053 3367 3110 gewachsen. Er beginnt, entsch
2760 3088 3364 3168 Augen zu machen; nein, in de
