3344 4320
1316 227 1822 324 hox 28/4
242 221 1247 331 24. Das weite Land
1707 795 1833 933 2
1075 762 1730 949 Rurce
1987 811 2514 1003 Ou.4 fl.
1201 995 1348 1112 I
1187 1093 1233 1187 9
1140 1162 1302 1258 1
1304 1083 1366 1295 8
1993 1270 2111 1333 en
1424 1215 2288 1380 B
2307 1203 2504 1360 225
1719 1289 1931 1358 S
1071 1244 1133 1373 8
2066 1295 2343 1392 S
1961 1308 2057 1410 8
1815 1348 1912 1432 S
1104 1500 1723 1624 S
956 1736 2440 1847 Von den Berliner Theatern 1911/12.
1628 1851 1739 1926 II.
968 1899 2372 2000 „Das weite Land.“ — „Der Bettler von Syrakus.“ — „Turandot.“ —
1444 1980 1945 2049 „Fannys erstes Stück.“
1042 2033 2434 2096 Mit dem Titel, der an Vieldeutigkeit nicht leicht übertroffen werden
969 2091 2432 2152 kann, hat Arthur Schnitzler den Zuhörern ein Rätsel aufgegeben,
962 2144 2433 2199 das ein nicht Aufmerksamer, der einen im Stück gesprochenen Satz über¬
967 2199 2421 2243 hört, oder einer, der Schnitzler und seine Leute schon zu gut zu kennen
970 2248 2428 2294 glaubt, falsch raten dürfte: das „weite Land“*) sei das Land der Liebe.
968 2299 2432 2356 Es ist aber, wie der Dichter uns durch seinen Hauptsprecher vers#hert, das
964 2334 2420 2409 Land der Seele. Für die anderthalb Dutzend Männlein uno Weib¬
958 2396 2420 2454 lein freilich, die der Dichter in den fünf langgestreckten Akten dieser
963 2438 2429 2493 Tragikomödie auf die Bretter bringt, ist die weite Gotteswelt im wesent¬
956 2491 2434 2536 lichen ein Liebesmarkt. Sie flirten auf dem Tennisplatz des Badener
961 2536 2421 2593 Kurgartens, sie tauschen beim Mondenschein verstohlene Küsse in der
957 2583 2432 2632 schweigenden Bergwelt der Dolomiten, sie ehebrechen im Karersee=Hotel
965 2636 2427 2689 so gut wie in der Badener Villa, und wenn der Dichter auch gelegent¬
962 2688 2428 2734 lich seinen Liebesrekordmann erklären läßt, auch im Leben der Frauen
954 2740 2432 2795 gäbe es Stunden, die nicht durch die Liebe ausgefüllt würden, so klingt
960 2784 2436 2835 doch noch immer die alte wohlbekannte Melodie aus dem „Anatol“=Zyklus
963 2827 2423 2884 an: „Mein Lebenslauf ist Lieb' und Lust“ wobei die Lust freilich oft
964 2876 2422 2939 stark mit Bitternis gemengt ist. Es liegt nahe, den Haupthelden der
967 2933 2425 2972 neuen Tragikomödie, den Glühstrumpffabrikanten Friedrich Hofreiter,
961 2982 2425 3041 dem seine umfangreichen Geschäfte trotzdem beneidenswert viel freie
959 3025 2425 3080 Zeit zu galanten Abenteuern lassen, einen Anatol mit ergrauten Haaren
954 3073 2423 3133 zu nennen. Zehn Jahre früher wäre Herr Hofreiter der Stigmatisierung
954 3130 2428 3190 als Uebermensch schwerlich entgangen, denn er ist nicht nur im Reiche
965 3167 2423 3221 des Eros ein verwöhnter Sieger, sondern auch ein Gipfelstürmer, der
959 3215 2425 3265 den gefährlichen Aignerturm in den Dolomiten zu verschiedenen Malen
958 3276 2420 3323 bezwingt, ein trefflicher Tennisspieler und ein zielsicherer Pistolenschütze.
964 3320 2420 3381 Die Weiber fliegen ihm zu, und dem aus Grundsatz Untreuen hält die
953 3373 2433 3432 Gattin, die stille sinnige Genia, die Treue, obgleich sie ihn längst durch¬
963 3419 2434 3497 schaut hat und sich über ihre Ehe keinerlei Illusionen macht. Ein junger,
1051 3484 2049 3568 *) Buchausgabe: Verlag S. Fischer, Berlin 1911.
1678 4135 1851 4217 S
