3344 4320
1392 148 1856 244 box 29/1
263 149 1246 262 24. Das weite Land
170 683 2063 747 Alter die gewagtesten Touren verwehrt, mag er loren, entflieht. Seine junge Geliebte, die Herz und
156 717 2057 791 ch die leichteren nicht mehr, die für ihn noch ganz Willen genug hat, sein Schicksal zu teilen, weist er
142 768 2070 834 bedenklich wären. Er verzichtet restlos, wo er nicht zurück. Ihm ist nun gewiß, daß die Jugend nichts mit
144 812 2056 900 gen kann: Bewußtsein der Greuzen. Hofeiter ihm zu schaffen hat. Und in dem Augenblick, da sein
139 849 1065 928 Er ist keiner von denen, die sich jemals bei den.
1066 874 2061 961 heimgekehrter Sohn das Haus betritt, verläßt er
157 895 1064 970 t seinem Freund, dem braven Doktor um mit
1066 915 1473 986 selbst es auf immer.
157 941 1030 1006 sehr modernen sehr entschiedenen, sehr ##nen
1129 967 2043 1025 Die einzelnen Motive dieser Handlung sind
153 976 1047 1052 keitsstolzen Erna Wahl erklimmt er die lebens¬
1067 987 2045 1086 natürlich durch vielerlei feingesponnene Gedanken,
143 1026 1059 1106 jährliche Spitze. Droben, im Rausch der Höhe,
1069 1047 2046 1113 überraschende Spiegelungen und tonreiche Stim¬
144 1068 1058 1139 bt es die beiden starken und stolzen Persönlich¬
1056 1090 2061 1168 mungstiefen mannigfach untereinander verknüpft.
133 1106 1052 1184 en zueinander; Erna wird die Geliebte Hofreiters.
1054 1132 2059 1216 Dieses wuchernde Ausblühen feinster Beziehungen,
151 1161 1054 1224 Indessen hat auch seine Frau einen gefunden,
1061 1176 2051 1248 die sich nur erfühlen, kaum analysieren und am
156 1193 1051 1272 sie nicht wieder, wie jenen unglücklichen ersten,
1063 1224 2045 1285 wenigsten aufzählen lassen, beschwert, wie immer bei
141 1221 2048 1334 icher Hoffnungslosigkeit überlassen will. Es ist Schnitzler, den Fortgang der Handlung. Sie rollt
154 1285 2047 1380 Sohn des Hoteldirektors, der junge Marine=nicht gewaltig ab und schreitet nicht gerade hin,
127 1334 2042 1408 rich. Hofreiter entdeckt bei seiner Rückkehr das sondern wird langsam und vorsichtig, Motiv für
135 1370 2044 1469 hältnis. Der Selbstmord jeues Ersten, der sich Motiv, auf Wegen, die unmerklich ineinander¬
139 1415 2039 1488 Liebe zu dieser Frau getötet hatte, war ihm laufen, dem Ziele zu gelenkt. Daraus ergibl
126 1461 1050 1525 als unbegreiflich und unerträglich. Nun aber,
1045 1476 2040 1553 sich der Eindruck des epischen Nebeneinander, der
128 1493 1050 1578 ler den Zweiten glücklicher sieht, treibt ihn seine
1045 1518 2052 1596 dramatisch umgemodelten Romantechnik, der Schnitz¬
137 1543 1046 1615 klkeit, reizt ihn seine Nervosität, verführt ihn der
1038 1556 2032 1640 lers Dichtung nun einmal in ihrer vorsichtigen und
143 1582 1046 1652 sch seines eigenen verliebten Taumels zu einer
1035 1609 2038 1671 delikaten Gedanklichkeit zuzuneigen scheint. Und
137 1626 1029 1701 n Gebärde der Rache. Er provoziert den jungen
1037 1642 2047 1723 dennoch ist das Grundthema dieser Arbeit so drama¬
145 1669 1039 1742 ischen zu einem Duell. Es soll eine ganz unbe¬
1035 1690 2035 1764 tisch, wie kaum ein zweites: es ist — genau besehen
142 1711 1048 1789 kliche Sache sein Ehrenkomödie, um der Form
1082 1737 2030 1814 in einem unauffällig zeitgemäßen Gewande nichts
142 1758 1037 1825 genügen. Aber der Fähnrich bleibt tot auf dem
1043 1770 2030 1850 anderes als das uralte, vom Genius der Völker in
159 1791 1032 1875 Hofreiter hat ihn mit festem Willen erschossen.
1034 1818 2034 1900 vielerlei Mythen abgewandelte und beglaubigte
152 1841 2031 1907 t aus Haß und nicht aus Eifersucht; sondern Thema vom trotzigen Verächter menschlicher Gesetze,
147 1888 2022 1977 er in dem kühlen kühnen Ange des Neben= den das stärkere Gesetz nun doch zerschmettert und
144 1922 1035 2002 ers den Blick der Jugend sah, der Jugend, vol
1031 1948 2025 2029 entfühnt. Eine Idee von unzerstörbarem Wert,
142 1973 2015 2058 er sich trotz seiner sieghaften Unnahbarkeit nun jedem Alter neu und jeder Zeit gemäß. Denn die
141 2009 440 2065 verloren weiß.
1015 2033 2017 2111 Geset, unter denen erleuchtete Geister das Geschehen
134 2040 2018 2153 Und darum muß er diesen einen, den er eben der Welt ansehen, wechseln von Geschlecht zu Ge¬
132 2098 2005 2189 der Pistole hat, erschießen. Er weiß aber auch, schlecht; das eine Gesetz aber bleibt: daß auch der
140 2140 2009 2248 dieser Sieg sein letzter und sein fruchtlosesten Unbesiegbarste sein Maß im ewig Menschlichen
145 2180 1289 2273 sen ist, Er gibt sein gegenwärtiges Leben vers¬# siuben mnß
1379 2208 1709 2286 G
1126 2264 3007 2338 Es gibt wenig moderne Gesellschaftsstücke von gleich wirksam im leichten Geplauder wie in ver¬
1035 2315 2994 2378 so ausgesprochen tragischem Gehalt; und vielleicht ssonnener Nachdenklichkeit. Als Erna war Fräuleln
1033 2363 3004 2414 keines, bei dem die Tragik trotz der allzuzarten Form [Neff von liebenswürdiger Distinktion, der aber an den
1028 2407 2011 2468 noch so stark und aufrecht geblieben wäre. Das
2018 2414 2998 2473 entscheidenden Stellen etwa noch ein Mehr an unge¬
1033 2446 1129 2495 ist-
1155 2442 1676 2495 wie jede echte Tragik —
1665 2449 2011 2514 die Frucht eines
2012 2439 3006 2517 berdiger Kraft zu wünschen gewesen wäre. In der
1023 2488 2003 2546 tiefen und mächtigen ethischen Wollend. Auch hierin
2012 2495 3003 2554 Rolle des gemütvollen Freundes schuf Herr Schütz
1036 2535 2009 2591 verleugnet Schnitzlers Dichtung ihre Herkunft aus
2024 2540 2997 2596 wieder eine seiner vortrefflichen, ruhig umrissenen
1037 2578 2002 2642 dem Salonstück nicht, das ja auch immer in einer
2017 2584 2991 2648 Gestalten. Mit würdiger Vornehmheit sprach
1032 2628 2005 2694 moralischen Auseinandersetzung gipfelt. Nur daß
2010 2611 2995 2679 Fräulein John die Worte einer freiwillig Verein¬
1037 2664 2000 2728 bei dem modernen und unendlich verfeinerten
2007 2663 3003 2723 samten, kräftig und voll Gefühl Herr Tiller
1024 2709 2009 2773 Schnitzler die advokatorische Diskussion ganz ver¬
2007 2709 3003 2756 den Part ihres Sohnes, des Marinefähr richs. Den
1026 2752 1997 2813 mieden und alle Erkenntnis echt dichterisch auf das
2008 2751 3005 2824 verschlagenen und intriganten Bankier stattete Herr
1036 2800 2011 2851 Gefühl gestellt ist. So hat er, in weiter Distanz und
2007 2795 2999 2854 Manning mit einer beißenden Lustigkeit aus;
1032 2832 2987 2881 mit seinen andersgearteten Kräften, einen ähnlichen als mondäue Bankiersfrau war Fräulein Stein¬
1031 2881 2009 2934 Weg zurückgelegt, wie der große Heurik Ibsen. Und
2013 2875 3000 2939 heil recht repräsentatl“, als Mama Wahl Frau
1032 2927 1997 2980 in der Tat ist ja bei Schnitzler die Verwandtschaft
2008 2925 2995 2990 Monati sehr putzig und von diskretem Humor,
1031 2962 2011 3021 mit diesem mächtigen Gevatter der ganzen deutschen
2022 2964 2994 3030 als junge Herren aus der Gesellschaft, die Herren
1026 3008 2003 3081 Moderne noch am stärksten und am ehrenvollsten
2017 3007 3004 3062 Huttig, Balder und Kaden tadellos. Ein paar
1023 3043 1262 3115 zu spüren.
2015 3042 2999 3125 witzige Chargen, mit sicherem Blick aus der Welt
2011 3096 2990 3156 der Salons und Hotels herausgeholt, waren von
2018 3139 3001 3214 Fräulein Niedt, von den Herren Frieberg, Hofer,
1107 3121 2009 3201 An unserem Theater wird dieses Stück unter
2010 3182 2889 3240 Bauer und anderen vortrefflich nachgezeichnet.
1019 3194 1999 3246 der kundigen und geschmackssicheren Leitung Dr.
2085 3211 3013 3289 So kann dieser Abend — der erste, für den
1022 3231 2005 3286 Egers in seine richtige Atmosphäre gestellt. Wie¬
2011 3268 3007 3317 das Regime Teweles auf eigenste Gefahr und
1034 3271 2009 3334 nerisch weich und mit gefälliger Anmut gleiten die
2499 3310 2994 3376 — in jeder Hinsicht als
2015 3313 2471 3365 Verantwortung zeichnet
1027 3315 1992 3376 Szenen ineinander. In schärferer Kontur heben sich
2011 3365 2996 3418 ein glückliches Beginnen genommen werden. Er galt
1022 3364 2002 3409 die vier Hauptfiguren ab. Herr Faber spielt den
2015 3396 2995 3469 einem unserer liebsten und feinsten heimischen
1032 3402 2009 3458 Fabrikanten Hofreiter. Er stellte die Figur ganz auf
2012 3439 2992 3507 Dichter; er ließ in der Auswahl wie in der Aus¬
1026 3442 2013 3488 scharfe überlegene Geistigkeit und brachte so, in der
2009 3482 2984 3530 gestaltung dieser ersten Gabe Takt, Sorgfalt und
1027 3487 2009 3547 vorzüglichen Haltung, die ihm immer gelingt, die
2018 3519 2995 3583 künstlerischen Ernst erkennen. Die Ehren, die das
1030 3527 2003 3590 bestimmenden Grundlinien dieses Charakters in
2005 3570 2989 3631 Publikum während der schönen, wenn auch etwas
1030 3571 2005 3625 schöner Klarheit heraus. In recht interessantem
1021 3623 3002 3662 Gegenspiel hiezu betonte Fräulein Medelskysausgedehnten Vorstellung der Dichtung und ihren
1030 3646 2994 3715 auf das glücklichste gerade die herzlich weichen und Darstellern bereitete, waren vollauf verdient und
1026 3694 2995 3743 innig schlichten Züge an Frau Genia. Herr Rittig gebühren in nicht geringerem Maße auch denen, die
2015 3737 2748 3814 das Spiel angesetzt und geleitet haben.
1021 3743 2020 3786 konnte als philosophischer Hoteldirektor den ein¬
1023 3776 2035 3856 oringlichen Charme seiner Persönlichkeit entfalten,
2651 3776 2953 3866 Willi Handl.
2726 4084 3001 4153 1.—
2342 4073 2639 4162 e
