<?xml version="1.0" encoding="UTF-8" standalone="yes"?>
<PcGts xmlns="http://schema.primaresearch.org/PAGE/gts/pagecontent/2013-07-15" xmlns:xsi="http://www.w3.org/2001/XMLSchema-instance" xsi:schemaLocation="http://schema.primaresearch.org/PAGE/gts/pagecontent/2013-07-15 http://schema.primaresearch.org/PAGE/gts/pagecontent/2013-07-15/pagecontent.xsd">
    <Metadata>
        <Creator>prov=University of Rostock/Institute of Mathematics/CITlab/Gundram Leifert/gundram.leifert@uni-rostock.de:name=ONB_Newseye_GT_M1+(htr_id=10810)::::v=2.4.2
prov=University of Rostock/Institute of Mathematics/CITlab/Tobias Gruening/tobias.gruening@uni-rostock.de:name=de.uros.citlab.module.baseline2polygon.B2PSeamMultiOriented:v=2.4.2
prov=University of Rostock/Institute of Mathematics/CITlab/Tobias Gruening/tobias.gruening@uni-rostock.de:name=/mnt/transkribus/LA/DEA/URO/LA_news_onb_att.pb:de.uros.citlab.segmentation.CITlab_LA_ML:v=2.4.2
Transkribus</Creator>
        <Created>2019-10-07T11:11:59.072+02:00</Created>
        <LastChange>2019-10-07T20:42:20.883+02:00</LastChange>
        <TranskribusMetadata docId="223964" pageId="9494875" pageNr="26" tsid="16463163" status="IN_PROGRESS" userId="40391" imgUrl="https://files.transkribus.eu/Get?id=AXARKYJBLSKNCGWAOFJVOKPW&amp;fileType=view" xmlUrl="https://files.transkribus.eu/Get?id=MNVGNSCZFGISHIEDZCUJRFHO" imageId="6185102"/>
    </Metadata>
    <Page imageFilename="223964_0026.jpeg" imageWidth="3392" imageHeight="4448">
        <ReadingOrder>
            <OrderedGroup id="ro_1711441493856" caption="Regions reading order">
                <RegionRefIndexed index="0" regionRef="r1"/>
                <RegionRefIndexed index="1" regionRef="r2"/>
            </OrderedGroup>
        </ReadingOrder>
        <TextRegion orientation="0.0" id="r1" custom="readingOrder {index:0;}">
            <Coords points="230,129 230,283 554,283 554,129"/>
            <TextLine id="r1l1" custom="readingOrder {index:0;}">
                <Coords points="216,242 235,239 261,258 296,239 307,250 339,239 392,240 449,261 550,259 566,256 567,181 532,173 497,187 457,173 361,207 323,178 216,177"/>
                <Baseline points="230,229 257,230 284,231 311,232 338,233 365,233 392,233 419,233 446,233 473,233 500,232 527,231 554,230"/>
                <TextEquiv>
                    <Unicode>24. Das</Unicode>
                </TextEquiv>
            </TextLine>
            <TextEquiv>
                <Unicode>24. Das</Unicode>
            </TextEquiv>
        </TextRegion>
        <TextRegion orientation="0.0" id="r2" custom="readingOrder {index:1;}">
            <Coords points="451,193 451,3419 2931,3419 2931,193"/>
            <TextLine id="r2l1" custom="readingOrder {index:0;}">
                <Coords points="1329,221 1492,240 1538,216 1562,238 1605,227 1712,239 1787,212 1787,170 1733,159 1578,160 1519,195 1458,165 1329,170"/>
                <Baseline points="1342,214 1367,214 1392,213 1417,213 1443,213 1468,213 1493,214 1519,214 1544,214 1569,215 1594,215 1620,215 1645,215 1670,215 1696,215 1721,215 1746,215 1772,214"/>
                <TextEquiv>
                    <Unicode>box 28/2</Unicode>
                </TextEquiv>
            </TextLine>
            <TextLine id="r2l2" custom="readingOrder {index:1;}">
                <Coords points="613,226 635,225 648,233 675,235 688,229 707,234 753,230 751,174 706,172 679,181 655,176 644,182 631,174 612,175"/>
                <Baseline points="628,226 656,226 684,225 712,224 740,224"/>
                <TextEquiv>
                    <Unicode>We</Unicode>
                </TextEquiv>
            </TextLine>
            <TextLine id="r2l3" custom="readingOrder {index:2;}">
                <Coords points="567,259 1169,259 1169,205 1113,184 1011,183 942,226 880,184 834,206 783,190 687,229 623,229 567,187"/>
                <Baseline points="580,246 608,246 637,246 666,245 695,245 724,245 753,245 781,245 810,245 839,245 868,245 897,244 926,244 955,244 983,243 1012,243 1041,242 1070,242 1099,241 1128,240 1157,239"/>
                <TextEquiv>
                    <Unicode>eLand</Unicode>
                </TextEquiv>
            </TextLine>
            <TextLine id="r2l4" custom="readingOrder {index:3;}">
                <Coords points="739,1356 2880,1330 2906,1255 738,1305"/>
                <Baseline points="752,1339 859,1338 966,1338 1073,1337 1180,1337 1287,1336 1394,1335 1501,1334 1608,1332 1715,1331 1822,1330 1929,1328 2036,1327 2143,1325 2250,1324 2357,1322 2464,1320 2571,1319 2678,1317 2785,1316 2892,1315"/>
                <TextEquiv>
                    <Unicode> . Ethhome geklagen; es ist nachgewiesen, daß j wahrt, deren Stimmungschalatter ihm für den Abschluß des</Unicode>
                </TextEquiv>
            </TextLine>
            <TextLine id="r2l5" custom="readingOrder {index:4;}">
                <Coords points="595,1351 617,1351 619,1354 636,1349 641,1352 649,1347 654,1352 662,1352 676,1344 689,1345 690,1296 671,1296 650,1304 642,1301 639,1304 621,1285 610,1290 596,1290"/>
                <Baseline points="610,1342 643,1342 676,1343"/>
                <TextEquiv>
                    <Unicode>— </Unicode>
                </TextEquiv>
            </TextLine>
            <TextLine id="r2l6" custom="readingOrder {index:5;}">
                <Coords points="1683,1368 2914,1363 2916,1320 1682,1336"/>
                <Baseline points="1696,1366 1756,1366 1816,1365 1877,1365 1937,1365 1998,1364 2058,1364 2118,1363 2179,1363 2239,1362 2300,1362 2360,1361 2420,1360 2481,1360 2541,1359 2602,1358 2662,1358 2722,1357 2783,1357 2843,1356 2904,1356"/>
                <TextEquiv>
                    <Unicode>Werkes, das über alles hinausragte, was bis dahin gehört worden</Unicode>
                </TextEquiv>
            </TextLine>
            <TextLine id="r2l7" custom="readingOrder {index:6;}">
                <Coords points="447,1390 1504,1385 1643,1376 1667,1335 447,1342"/>
                <Baseline points="460,1381 519,1381 579,1380 638,1380 698,1379 758,1379 817,1379 877,1378 937,1378 996,1377 1056,1377 1116,1376 1175,1376 1235,1375 1295,1374 1354,1374 1414,1373 1474,1372 1533,1371 1593,1370 1653,1368"/>
                <TextEquiv>
                    <Unicode>Beethoven schon 1793 dies Gedicht im großen Stile komponieren</Unicode>
                </TextEquiv>
            </TextLine>
            <TextLine id="r2l8" custom="readingOrder {index:7;}">
                <Coords points="1686,1414 2831,1409 2911,1400 2911,1362 1685,1371"/>
                <Baseline points="1698,1407 1758,1406 1818,1406 1878,1405 1938,1404 1998,1404 2058,1403 2118,1402 2178,1402 2238,1401 2298,1401 2358,1400 2418,1400 2478,1399 2538,1399 2598,1398 2658,1398 2718,1397 2778,1397 2838,1396 2898,1396"/>
                <TextEquiv>
                    <Unicode>war, besonders geeignet erschien. Er läßt die Kreaturen jauchzen</Unicode>
                </TextEquiv>
            </TextLine>
            <TextLine id="r2l9" custom="readingOrder {index:8;}">
                <Coords points="445,1436 1561,1433 1678,1387 444,1383"/>
                <Baseline points="458,1420 518,1420 578,1420 638,1420 699,1420 759,1420 819,1420 880,1419 940,1419 1000,1418 1061,1418 1121,1417 1181,1416 1241,1416 1302,1415 1362,1414 1422,1414 1483,1413 1543,1413 1603,1413 1664,1412"/>
                <TextEquiv>
                    <Unicode>wollte; aus dem Jahre 1812 finden sich Notierungen zu „Freude,</Unicode>
                </TextEquiv>
            </TextLine>
            <TextLine id="r2l10" custom="readingOrder {index:9;}">
                <Coords points="1687,1452 2884,1443 2905,1397 1687,1414"/>
                <Baseline points="1702,1447 1761,1447 1821,1446 1880,1446 1940,1446 1999,1445 2059,1445 2118,1445 2178,1444 2237,1444 2297,1443 2356,1442 2416,1442 2475,1441 2535,1440 2594,1439 2654,1438 2713,1436 2773,1435 2832,1433 2892,1432"/>
                <TextEquiv>
                    <Unicode>um Küsse und um Reben, er tritt mit dem Cherub vor Gott, er</Unicode>
                </TextEquiv>
            </TextLine>
            <TextLine id="r2l11" custom="readingOrder {index:10;}">
                <Coords points="437,1479 1663,1467 1679,1410 437,1428"/>
                <Baseline points="451,1468 511,1468 572,1468 633,1468 694,1468 754,1468 815,1468 876,1468 937,1468 997,1468 1058,1467 1119,1467 1180,1467 1240,1466 1301,1465 1362,1464 1423,1463 1483,1462 1544,1460 1605,1458 1666,1456"/>
                <TextEquiv>
                    <Unicode>schöner Götterfunken“, die zwar zu einer Ouvertüre dienen soll¬</Unicode>
                </TextEquiv>
            </TextLine>
            <TextLine id="r2l12" custom="readingOrder {index:11;}">
                <Coords points="1684,1482 2916,1481 2915,1436 1684,1450"/>
                <Baseline points="1697,1483 1757,1484 1817,1484 1877,1484 1938,1484 1998,1484 2058,1483 2119,1483 2179,1482 2239,1481 2300,1481 2360,1480 2420,1479 2480,1478 2541,1477 2601,1476 2661,1476 2722,1475 2782,1475 2842,1475 2903,1475"/>
                <TextEquiv>
                    <Unicode>malt die vom Helden durchlaufene Bahn. An der Ausführurg</Unicode>
                </TextEquiv>
            </TextLine>
            <TextLine id="r2l13" custom="readingOrder {index:12;}">
                <Coords points="453,1516 1516,1514 1668,1499 1668,1456 453,1476"/>
                <Baseline points="466,1508 525,1508 584,1508 644,1508 703,1508 763,1507 822,1507 882,1507 941,1506 1001,1506 1060,1505 1119,1505 1179,1504 1238,1503 1298,1503 1357,1502 1417,1501 1476,1500 1536,1499 1595,1498 1655,1497"/>
                <TextEquiv>
                    <Unicode>ten, also mit der „Neunten“ noch nichts zu schaffen haben, aber</Unicode>
                </TextEquiv>
            </TextLine>
            <TextLine id="r2l14" custom="readingOrder {index:13;}">
                <Coords points="1689,1526 2819,1525 2904,1518 2904,1473 1689,1486"/>
                <Baseline points="1702,1520 1761,1520 1821,1521 1880,1522 1940,1522 1999,1521 2059,1521 2118,1520 2178,1519 2237,1519 2297,1518 2356,1517 2416,1516 2475,1515 2535,1514 2594,1513 2654,1512 2713,1512 2773,1511 2832,1511 2892,1511"/>
                <TextEquiv>
                    <Unicode>dieser musikalischen Bilder sind Chor und Solisten in gleichem</Unicode>
                </TextEquiv>
            </TextLine>
            <TextLine id="r2l15" custom="readingOrder {index:14;}">
                <Coords points="441,1548 1665,1551 1664,1495 441,1526"/>
                <Baseline points="454,1548 513,1548 573,1548 633,1547 693,1547 753,1547 812,1546 872,1546 932,1545 992,1545 1052,1544 1111,1543 1171,1543 1231,1542 1291,1541 1351,1540 1410,1539 1470,1539 1530,1538 1590,1537 1650,1537"/>
                <TextEquiv>
                    <Unicode>doch unzweifelhaft den ganzen Gedankenkreis vorbereiten halfen,</Unicode>
                </TextEquiv>
            </TextLine>
            <TextLine id="r2l16" custom="readingOrder {index:15;}">
                <Coords points="1676,1566 2907,1569 2907,1507 1676,1516"/>
                <Baseline points="1691,1562 1751,1561 1811,1560 1871,1559 1931,1559 1991,1558 2051,1558 2111,1557 2171,1557 2231,1557 2292,1556 2352,1556 2412,1556 2472,1555 2532,1555 2592,1554 2652,1553 2712,1552 2772,1551 2832,1550 2893,1548"/>
                <TextEquiv>
                    <Unicode>Maße und oft in alternierender Weise beteiligt. Gehen schon in</Unicode>
                </TextEquiv>
            </TextLine>
            <TextLine id="r2l17" custom="readingOrder {index:16;}">
                <Coords points="442,1590 1678,1569 1520,1534 442,1547"/>
                <Baseline points="456,1588 516,1587 577,1587 637,1586 698,1586 758,1585 819,1584 879,1584 940,1583 1000,1583 1061,1582 1121,1581 1182,1581 1242,1580 1303,1579 1363,1578 1424,1577 1484,1576 1545,1575 1605,1574 1666,1572"/>
                <TextEquiv>
                    <Unicode>der dann zur Zeit ihrer eigentlichen Ausarbeitung lebhaft ins Be¬</Unicode>
                </TextEquiv>
            </TextLine>
            <TextLine id="r2l18" custom="readingOrder {index:17;}">
                <Coords points="1682,1604 2905,1607 2904,1553 2832,1549 1681,1567"/>
                <Baseline points="1696,1598 1755,1597 1815,1597 1875,1597 1935,1597 1994,1597 2054,1597 2114,1596 2174,1596 2233,1596 2293,1595 2353,1595 2413,1594 2472,1594 2532,1593 2592,1592 2652,1591 2711,1590 2771,1589 2831,1587 2891,1585"/>
                <TextEquiv>
                    <Unicode>den Refrains dieser Szene, bei den vom Chor immer wieder ein¬</Unicode>
                </TextEquiv>
            </TextLine>
            <TextLine id="r2l19" custom="readingOrder {index:18;}">
                <Coords points="449,1643 1682,1612 1681,1566 448,1592"/>
                <Baseline points="462,1629 522,1627 582,1626 642,1625 703,1624 763,1624 823,1623 884,1623 944,1623 1004,1622 1065,1622 1125,1622 1185,1621 1245,1620 1306,1620 1366,1618 1426,1617 1487,1616 1547,1614 1607,1611 1668,1609"/>
                <TextEquiv>
                    <Unicode>wußtsein trat. (Frimmel, „Beethoven“.) Auch dafür, daß Beetho¬</Unicode>
                </TextEquiv>
            </TextLine>
            <TextLine id="r2l20" custom="readingOrder {index:19;}">
                <Coords points="1691,1649 2855,1639 2911,1623 2911,1580 1690,1604"/>
                <Baseline points="1705,1636 1764,1635 1824,1635 1883,1635 1943,1634 2003,1634 2062,1634 2122,1633 2182,1633 2241,1633 2301,1633 2361,1632 2420,1632 2480,1632 2540,1631 2599,1631 2659,1630 2719,1630 2778,1629 2838,1628 2898,1628"/>
                <TextEquiv>
                    <Unicode>setzenden Freudenrufen, die Wogen der Begeisterung hoch, so stei¬</Unicode>
                </TextEquiv>
            </TextLine>
            <TextLine id="r2l21" custom="readingOrder {index:20;}">
                <Coords points="442,1670 1655,1670 1673,1616 442,1627"/>
                <Baseline points="456,1667 516,1666 576,1665 636,1664 696,1664 756,1663 816,1663 877,1662 937,1662 997,1662 1057,1661 1117,1661 1177,1660 1237,1659 1298,1658 1358,1657 1418,1656 1478,1654 1538,1652 1598,1650 1659,1647"/>
                <TextEquiv>
                    <Unicode>ven, der seit seiner völligen Ertaubung soFreudenarme, gerade diesen</Unicode>
                </TextEquiv>
            </TextLine>
            <TextLine id="r2l22" custom="readingOrder {index:21;}">
                <Coords points="1688,1698 2887,1676 2902,1622 1687,1647"/>
                <Baseline points="1701,1678 1760,1677 1819,1676 1879,1675 1938,1674 1998,1673 2057,1672 2116,1672 2176,1672 2235,1671 2295,1671 2354,1671 2413,1671 2473,1670 2532,1670 2592,1670 2651,1670 2710,1669 2770,1669 2829,1668 2889,1667"/>
                <TextEquiv>
                    <Unicode>gert sich in dem eigentlichen Schluß des Satzes bei den Worten</Unicode>
                </TextEquiv>
            </TextLine>
            <TextLine id="r2l23" custom="readingOrder {index:22;}">
                <Coords points="449,1713 1567,1710 1671,1688 1671,1656 448,1675"/>
                <Baseline points="462,1708 521,1705 581,1704 641,1703 701,1702 760,1701 820,1701 880,1700 940,1700 999,1700 1059,1700 1119,1700 1179,1699 1238,1699 1298,1698 1358,1697 1418,1696 1477,1694 1537,1692 1597,1690 1657,1686"/>
                <TextEquiv>
                    <Unicode>Schillerschen Hymnus zu komponieren wünschte, finden sich man¬</Unicode>
                </TextEquiv>
            </TextLine>
            <TextLine id="r2l24" custom="readingOrder {index:23;}">
                <Coords points="1686,1716 2829,1720 2917,1693 2917,1658 1686,1684"/>
                <Baseline points="1699,1720 1759,1717 1819,1715 1879,1713 1939,1712 2000,1711 2060,1710 2120,1709 2180,1709 2240,1709 2301,1709 2361,1709 2421,1709 2481,1709 2541,1709 2602,1709 2662,1708 2722,1708 2782,1707 2842,1706 2903,1705"/>
                <TextEquiv>
                    <Unicode>„Freude, Tochter aus Elysium!“ der Enthusiasmus zum völligen</Unicode>
                </TextEquiv>
            </TextLine>
            <TextLine id="r2l25" custom="readingOrder {index:24;}">
                <Coords points="448,1748 1551,1749 1671,1737 1671,1689 448,1713"/>
                <Baseline points="462,1744 521,1743 581,1743 641,1742 701,1742 760,1741 820,1741 880,1740 940,1740 999,1739 1059,1739 1119,1738 1179,1738 1238,1737 1298,1736 1358,1735 1418,1734 1477,1733 1537,1732 1597,1730 1657,1729"/>
                <TextEquiv>
                    <Unicode>cherlei Erklärungen. Vielleicht war ein Grund hierfür der, daß</Unicode>
                </TextEquiv>
            </TextLine>
            <TextLine id="r2l26" custom="readingOrder {index:25;}">
                <Coords points="1696,1757 2860,1768 2910,1720 1695,1720"/>
                <Baseline points="1709,1754 1768,1754 1827,1753 1887,1752 1946,1752 2005,1751 2065,1751 2124,1751 2183,1750 2243,1750 2302,1750 2361,1749 2421,1749 2480,1749 2539,1748 2599,1748 2658,1747 2717,1747 2777,1746 2836,1746 2896,1745"/>
                <TextEquiv>
                    <Unicode>Freudentaumel, dessen wegreißender Wirkung niemand zu wider¬</Unicode>
                </TextEquiv>
            </TextLine>
            <TextLine id="r2l27" custom="readingOrder {index:26;}">
                <Coords points="451,1782 1607,1781 1679,1775 1679,1729 450,1750"/>
                <Baseline points="463,1785 523,1784 583,1783 643,1782 703,1781 764,1780 824,1780 884,1780 944,1779 1004,1779 1065,1778 1125,1778 1185,1777 1245,1777 1305,1776 1366,1775 1426,1774 1486,1772 1546,1770 1606,1768 1667,1766"/>
                <TextEquiv>
                    <Unicode>Beethoven wenigstens in seiner Vorstellung einmal jene reine</Unicode>
                </TextEquiv>
            </TextLine>
            <TextLine id="r2l28" custom="readingOrder {index:27;}">
                <Coords points="1694,1817 1728,1808 1771,1816 1843,1794 1873,1807 1899,1795 1950,1808 1996,1797 1995,1754 1693,1758"/>
                <Baseline points="1707,1791 1732,1790 1757,1790 1782,1789 1807,1789 1832,1788 1857,1788 1882,1788 1907,1788 1932,1787 1957,1787 1982,1788"/>
                <TextEquiv>
                    <Unicode>stehen vermag.</Unicode>
                </TextEquiv>
            </TextLine>
            <TextLine id="r2l29" custom="readingOrder {index:28;}">
                <Coords points="453,1829 1665,1820 1675,1763 452,1789"/>
                <Baseline points="467,1824 526,1823 586,1822 646,1822 705,1821 765,1820 825,1820 884,1819 944,1818 1004,1818 1064,1817 1123,1816 1183,1816 1243,1815 1302,1813 1362,1812 1422,1810 1481,1809 1541,1806 1601,1804 1661,1801"/>
                <TextEquiv>
                    <Unicode>Freude begrüßen wollte, die er seit Ausbildung seines Gebrechens</Unicode>
                </TextEquiv>
            </TextLine>
            <TextLine id="r2l30" custom="readingOrder {index:29;}">
                <Coords points="1801,1844 2901,1835 2901,1771 1801,1796"/>
                <Baseline points="1814,1832 1867,1832 1921,1832 1974,1832 2028,1831 2082,1831 2135,1831 2189,1831 2243,1830 2296,1830 2350,1830 2404,1829 2457,1829 2511,1828 2565,1827 2618,1827 2672,1826 2726,1825 2779,1824 2833,1824 2887,1822"/>
                <TextEquiv>
                    <Unicode>Beethovens „Neunte“ ist in Stettin in etwa anderthalb</Unicode>
                </TextEquiv>
            </TextLine>
            <TextLine id="r2l31" custom="readingOrder {index:30;}">
                <Coords points="457,1867 1646,1861 1680,1815 457,1827"/>
                <Baseline points="470,1861 529,1860 589,1860 649,1859 709,1859 769,1859 828,1858 888,1858 948,1857 1008,1857 1068,1856 1127,1855 1187,1854 1247,1853 1307,1852 1367,1851 1426,1850 1486,1848 1546,1846 1606,1844 1666,1842"/>
                <TextEquiv>
                    <Unicode>von der Wirklichkeit vergebens erhoffte. Der soeben zitierte Frim¬</Unicode>
                </TextEquiv>
            </TextLine>
            <TextLine id="r2l32" custom="readingOrder {index:31;}">
                <Coords points="1693,1887 2908,1876 2908,1838 2811,1828 1693,1836"/>
                <Baseline points="1707,1875 1766,1875 1825,1874 1885,1873 1944,1873 2003,1872 2063,1872 2122,1872 2181,1871 2241,1871 2300,1871 2359,1870 2419,1870 2478,1869 2537,1869 2597,1868 2656,1867 2715,1866 2775,1865 2834,1863 2894,1862"/>
                <TextEquiv>
                    <Unicode>Jahrzehnten nicht aufgeführt worden; der bevorstehenden Wieder¬</Unicode>
                </TextEquiv>
            </TextLine>
            <TextLine id="r2l33" custom="readingOrder {index:32;}">
                <Coords points="465,1905 1680,1904 1679,1840 464,1867"/>
                <Baseline points="478,1901 537,1899 596,1899 656,1898 715,1897 775,1897 834,1896 893,1895 953,1895 1012,1894 1072,1894 1131,1893 1190,1892 1250,1891 1309,1891 1369,1890 1428,1888 1487,1887 1547,1886 1606,1884 1666,1882"/>
                <TextEquiv>
                    <Unicode>mel findet in jenen Plänen auch einen psychologischen Zusammen¬</Unicode>
                </TextEquiv>
            </TextLine>
            <TextLine id="r2l34" custom="readingOrder {index:33;}">
                <Coords points="1697,1921 2318,1937 2909,1911 2909,1876 1696,1883"/>
                <Baseline points="1711,1917 1770,1915 1829,1913 1888,1912 1948,1911 2007,1910 2066,1909 2125,1909 2185,1908 2244,1908 2303,1908 2362,1908 2422,1908 2481,1908 2540,1907 2599,1907 2659,1907 2718,1906 2777,1905 2836,1904 2896,1902"/>
                <TextEquiv>
                    <Unicode>gabe darf man mit besonderer Spannung entgegensehen, da aus</Unicode>
                </TextEquiv>
            </TextLine>
            <TextLine id="r2l35" custom="readingOrder {index:34;}">
                <Coords points="462,1952 1680,1919 1679,1890 1446,1875 461,1904"/>
                <Baseline points="475,1941 534,1940 594,1939 653,1938 713,1938 772,1937 832,1936 891,1936 951,1935 1010,1935 1070,1934 1129,1933 1189,1932 1248,1931 1308,1930 1367,1929 1427,1927 1486,1926 1546,1924 1605,1921 1665,1919"/>
                <TextEquiv>
                    <Unicode>hang mit dem bekannten „Heiligenstädter Testament" Beethovens</Unicode>
                </TextEquiv>
            </TextLine>
            <TextLine id="r2l36" custom="readingOrder {index:35;}">
                <Coords points="1875,1949 1915,1944 1936,1955 1952,1947 1984,1961 1992,1953 2067,1945 2116,1953 2142,1943 2174,1954 2175,1914 1875,1912"/>
                <Baseline points="1888,1931 1915,1935 1942,1937 1969,1939 1996,1939 2024,1940 2051,1939 2078,1938 2105,1938 2132,1936 2160,1935"/>
                <TextEquiv>
                    <Unicode>Elichan 0.</Unicode>
                </TextEquiv>
            </TextLine>
            <TextLine id="r2l37" custom="readingOrder {index:36;}">
                <Coords points="2396,1942 2468,1941 2500,1964 2543,1943 2607,1964 2784,1942 2907,1961 2908,1910 2892,1907 2397,1907"/>
                <Baseline points="2410,1928 2435,1930 2460,1932 2486,1933 2511,1935 2537,1936 2562,1938 2588,1940 2613,1941 2639,1942 2664,1943 2690,1944 2715,1944 2741,1945 2766,1944 2792,1944 2817,1943 2843,1941 2868,1940 2894,1937"/>
                <TextEquiv>
                    <Unicode>Mecbereitungen für diese</Unicode>
                </TextEquiv>
            </TextLine>
            <TextLine id="r2l38" custom="readingOrder {index:37;}">
                <Coords points="1692,1955 1741,1960 1749,1957 1754,1962 1775,1957 1781,1962 1789,1954 1818,1948 1818,1916 1791,1911 1780,1922 1770,1917 1756,1922 1735,1917 1719,1917 1714,1922 1692,1920"/>
                <Baseline points="1707,1952 1739,1951 1772,1950 1805,1952"/>
                <TextEquiv>
                    <Unicode>Anl.</Unicode>
                </TextEquiv>
            </TextLine>
            <TextLine id="r2l39" custom="readingOrder {index:38;}">
                <Coords points="466,1986 1659,1979 1674,1920 465,1948"/>
                <Baseline points="479,1979 538,1977 597,1976 656,1975 715,1974 774,1974 833,1973 892,1973 951,1973 1010,1973 1070,1972 1129,1972 1188,1972 1247,1971 1306,1970 1365,1969 1424,1968 1483,1966 1542,1964 1601,1962 1661,1959"/>
                <TextEquiv>
                    <Unicode>aus dem Jahre 180° in dem der Meister die Vorsehung anruft</Unicode>
                </TextEquiv>
            </TextLine>
            <TextLine id="r2l40" custom="readingOrder {index:39;}">
                <Coords points="2725,1982 2744,1979 2774,1991 2838,1984 2851,1992 2926,1970 2924,1930 2906,1931 2877,1951 2794,1945 2724,1950"/>
                <Baseline points="2739,1983 2767,1981 2796,1980 2825,1978 2854,1978 2883,1977 2912,1978"/>
                <TextEquiv>
                    <Unicode>worden</Unicode>
                </TextEquiv>
            </TextLine>
            <TextLine id="r2l41" custom="readingOrder {index:40;}">
                <Coords points="1696,1993 1725,1994 1733,1999 1760,1995 1771,2003 1787,1993 1790,1996 1808,1993 1810,1953 1788,1953 1780,1960 1772,1955 1753,1960 1697,1955"/>
                <Baseline points="1710,1991 1738,1992 1767,1991 1796,1995"/>
                <TextEquiv>
                    <Unicode>Auf</Unicode>
                </TextEquiv>
            </TextLine>
            <TextLine id="r2l42" custom="readingOrder {index:41;}">
                <Coords points="469,2020 1561,2023 1670,2014 1670,1968 468,1986"/>
                <Baseline points="481,2016 539,2016 598,2016 657,2016 716,2016 775,2015 833,2015 892,2014 951,2014 1010,2013 1069,2013 1127,2012 1186,2011 1245,2011 1304,2009 1363,2009 1421,2007 1480,2006 1539,2005 1598,2003 1657,2001"/>
                <TextEquiv>
                    <Unicode>um einen „reinen Ta, der Freude“. Kretzschmar sagt sehr treffend,</Unicode>
                </TextEquiv>
            </TextLine>
            <TextLine id="r2l43" custom="readingOrder {index:42;}">
                <Coords points="2719,2025 2797,2038 2826,2024 2840,2032 2883,2026 2901,2040 2915,2040 2914,1978 2898,1978 2885,1992 2837,1984 2783,1992 2746,1979 2719,1982"/>
                <Baseline points="2734,2020 2761,2018 2789,2018 2817,2018 2844,2018 2872,2018 2900,2018"/>
                <TextEquiv>
                    <Unicode>einschor</Unicode>
                </TextEquiv>
            </TextLine>
            <TextLine id="r2l44" custom="readingOrder {index:43;}">
                <Coords points="1691,2036 1753,2032 1777,2040 1791,2053 1804,2053 1803,2002 1784,2005 1768,2002 1760,1995 1750,2000 1739,1995 1734,2000 1728,1995 1691,1993"/>
                <Baseline points="1705,2033 1733,2031 1761,2031 1789,2031"/>
                <TextEquiv>
                    <Unicode>sind</Unicode>
                </TextEquiv>
            </TextLine>
            <TextLine id="r2l45" custom="readingOrder {index:44;}">
                <Coords points="457,2071 1683,2048 1663,2006 456,2014"/>
                <Baseline points="470,2058 533,2057 596,2056 659,2055 722,2055 785,2054 848,2053 911,2052 974,2051 1037,2051 1101,2050 1164,2049 1227,2048 1290,2047 1353,2046 1416,2045 1479,2044 1542,2043 1605,2042 1669,2041"/>
                <TextEquiv>
                    <Unicode>daß Beethoven keinesfalls die Schillersche Ode ins Finale der</Unicode>
                </TextEquiv>
            </TextLine>
            <TextLine id="r2l46" custom="readingOrder {index:45;}">
                <Coords points="2721,2050 2734,2050 2750,2066 2790,2058 2804,2071 2822,2063 2884,2065 2900,2062 2900,2022 2801,2025 2790,2033 2720,2018"/>
                <Baseline points="2733,2059 2758,2058 2784,2058 2810,2058 2835,2058 2861,2058 2887,2057"/>
                <TextEquiv>
                    <Unicode>m eine</Unicode>
                </TextEquiv>
            </TextLine>
            <TextLine id="r2l47" custom="readingOrder {index:46;}">
                <Coords points="1696,2077 1741,2072 1757,2080 1763,2075 1781,2072 1792,2080 1808,2080 1808,2048 1792,2048 1776,2035 1696,2036"/>
                <Baseline points="1710,2069 1738,2070 1767,2069 1796,2071"/>
                <TextEquiv>
                    <Unicode>sehr</Unicode>
                </TextEquiv>
            </TextLine>
            <TextLine id="r2l48" custom="readingOrder {index:47;}">
                <Coords points="1948,2064 2027,2087 2149,2067 2214,2090 2440,2087 2460,2107 2566,2089 2568,2043 2525,2049 2487,2009 2440,2031 2409,2010 2368,2021 2272,1978 2211,2009 2161,1990 2085,2013 1951,2002"/>
                <Baseline points="1962,2055 1991,2057 2021,2059 2050,2061 2080,2062 2109,2065 2139,2067 2168,2069 2198,2070 2227,2073 2257,2074 2286,2076 2316,2077 2345,2079 2375,2081 2404,2082 2434,2084 2463,2085 2493,2086 2522,2087 2552,2088"/>
                <TextEquiv>
                    <Unicode>Ostsee-Zeilung, Stetti.</Unicode>
                </TextEquiv>
            </TextLine>
            <TextLine id="r2l49" custom="readingOrder {index:48;}">
                <Coords points="465,2108 1656,2095 1671,2047 464,2070"/>
                <Baseline points="477,2096 536,2096 595,2095 654,2095 713,2094 772,2093 831,2093 890,2092 949,2091 1008,2090 1067,2090 1126,2088 1185,2088 1244,2087 1303,2086 1362,2085 1421,2084 1480,2082 1539,2081 1598,2080 1657,2078"/>
                <TextEquiv>
                    <Unicode>„Neunten“ gebracht haben würde, wenn zwischen ihr und den drei</Unicode>
                </TextEquiv>
            </TextLine>
            <TextLine id="r2l50" custom="readingOrder {index:49;}">
                <Coords points="1699,2114 1731,2110 1771,2117 1780,2110 1790,2110 1799,2102 1817,2103 1818,2076 1789,2081 1781,2072 1765,2074 1759,2079 1751,2079 1743,2073 1701,2074"/>
                <Baseline points="1713,2108 1743,2107 1773,2109 1804,2111"/>
                <TextEquiv>
                    <Unicode>Mu</Unicode>
                </TextEquiv>
            </TextLine>
            <TextLine id="r2l51" custom="readingOrder {index:50;}">
                <Coords points="459,2141 1628,2136 1671,2133 1671,2090 458,2100"/>
                <Baseline points="472,2134 531,2134 590,2133 649,2133 709,2132 768,2132 827,2131 886,2130 946,2129 1005,2128 1064,2128 1123,2127 1183,2126 1242,2125 1301,2124 1360,2123 1420,2122 1479,2122 1538,2121 1597,2121 1657,2120"/>
                <TextEquiv>
                    <Unicode>ersten Sinfoniesätzen keine geistigen Beziehungen bestanden hätten,</Unicode>
                </TextEquiv>
            </TextLine>
            <TextLine id="r2l52" custom="readingOrder {index:51;}">
                <Coords points="2727,2154 2740,2152 2745,2146 2750,2148 2753,2145 2769,2143 2763,2101 2744,2103 2739,2107 2733,2102 2720,2104"/>
                <Baseline points="2738,2134 2754,2132"/>
                <TextEquiv>
                    <Unicode>3</Unicode>
                </TextEquiv>
            </TextLine>
            <TextLine id="r2l53" custom="readingOrder {index:52;}">
                <Coords points="1691,2147 1709,2146 1722,2160 1738,2155 1752,2159 1754,2156 1773,2157 1779,2152 1808,2154 1809,2132 1785,2131 1765,2111 1692,2115"/>
                <Baseline points="1704,2145 1734,2145 1764,2146 1795,2150"/>
                <TextEquiv>
                    <Unicode>Sta</Unicode>
                </TextEquiv>
            </TextLine>
            <TextLine id="r2l54" custom="readingOrder {index:53;}">
                <Coords points="462,2183 1647,2171 1687,2165 1687,2114 461,2135"/>
                <Baseline points="475,2173 534,2173 594,2172 654,2172 714,2171 774,2171 834,2170 894,2170 954,2169 1014,2168 1074,2167 1133,2167 1193,2166 1253,2165 1313,2164 1373,2163 1433,2162 1493,2161 1553,2160 1613,2159 1673,2158"/>
                <TextEquiv>
                    <Unicode>und solche sieht er sogleich in der Idee des 1. Satzes (Allegro non</Unicode>
                </TextEquiv>
            </TextLine>
            <TextLine id="r2l55" custom="readingOrder {index:54;}">
                <Coords points="2744,2185 2765,2188 2773,2181 2787,2178 2805,2187 2830,2174 2835,2180 2848,2180 2850,2143 2834,2142 2828,2148 2820,2139 2788,2144 2775,2132 2759,2140 2745,2140"/>
                <Baseline points="2758,2173 2783,2173 2808,2173 2834,2176"/>
                <TextEquiv>
                    <Unicode>sind</Unicode>
                </TextEquiv>
            </TextLine>
            <TextLine id="r2l56" custom="readingOrder {index:55;}">
                <Coords points="1687,2188 1706,2194 1719,2192 1730,2200 1738,2192 1767,2196 1778,2185 1789,2191 1813,2189 1813,2162 1800,2162 1782,2150 1752,2158 1741,2152 1723,2160 1709,2146 1688,2151"/>
                <Baseline points="1701,2188 1733,2187 1766,2188 1799,2190"/>
                <TextEquiv>
                    <Unicode>qua</Unicode>
                </TextEquiv>
            </TextLine>
            <TextLine id="r2l57" custom="readingOrder {index:56;}">
                <Coords points="2121,2223 2217,2232 2241,2207 2257,2223 2278,2209 2332,2224 2369,2205 2474,2219 2472,2131 2411,2121 2382,2135 2346,2109 2325,2125 2277,2126 2239,2108 2194,2136 2164,2117 2119,2116"/>
                <Baseline points="2133,2204 2158,2204 2183,2203 2208,2203 2233,2203 2258,2203 2283,2203 2309,2203 2334,2203 2359,2202 2384,2201 2409,2200 2434,2198 2460,2195"/>
                <TextEquiv>
                    <Unicode>15 10. 1911</Unicode>
                </TextEquiv>
            </TextLine>
            <TextLine id="r2l58" custom="readingOrder {index:57;}">
                <Coords points="459,2223 1680,2209 1679,2158 459,2183"/>
                <Baseline points="472,2212 531,2212 591,2211 651,2210 711,2210 770,2209 830,2208 890,2208 950,2207 1009,2206 1069,2205 1129,2204 1189,2203 1248,2202 1308,2202 1368,2201 1428,2200 1487,2199 1547,2198 1607,2196 1667,2195"/>
                <TextEquiv>
                    <Unicode>troppo un poco maestro. D=Moll, Zweiviertel=Takt) vorliegen, den</Unicode>
                </TextEquiv>
            </TextLine>
            <TextLine id="r2l59" custom="readingOrder {index:58;}">
                <Coords points="2719,2226 2743,2229 2769,2218 2785,2226 2815,2218 2844,2226 2866,2220 2895,2226 2895,2188 2866,2188 2831,2175 2809,2186 2791,2180 2767,2186 2732,2162 2718,2162"/>
                <Baseline points="2733,2215 2762,2213 2792,2213 2821,2213 2851,2214 2881,2213"/>
                <TextEquiv>
                    <Unicode>fräulein</Unicode>
                </TextEquiv>
            </TextLine>
            <TextLine id="r2l60" custom="readingOrder {index:59;}">
                <Coords points="1690,2230 1709,2231 1711,2234 1722,2229 1735,2229 1746,2233 1773,2226 1778,2232 1792,2232 1793,2208 1779,2208 1764,2191 1756,2196 1737,2192 1729,2200 1719,2188 1692,2190"/>
                <Baseline points="1703,2226 1728,2225 1753,2226 1779,2230"/>
                <TextEquiv>
                    <Unicode>der</Unicode>
                </TextEquiv>
            </TextLine>
            <TextLine id="r2l61" custom="readingOrder {index:60;}">
                <Coords points="468,2258 1619,2252 1677,2246 1677,2200 467,2221"/>
                <Baseline points="482,2253 541,2251 600,2250 659,2249 718,2248 777,2247 836,2246 895,2246 954,2245 1013,2245 1073,2244 1132,2244 1191,2243 1250,2243 1309,2242 1368,2241 1427,2240 1486,2239 1545,2238 1604,2236 1664,2234"/>
                <TextEquiv>
                    <Unicode>er als die Schilderung eines Zustandes auffaßt, dem die Freude</Unicode>
                </TextEquiv>
            </TextLine>
            <TextLine id="r2l62" custom="readingOrder {index:61;}">
                <Coords points="2716,2277 2757,2272 2770,2261 2781,2266 2799,2253 2826,2268 2834,2263 2912,2268 2911,2217 2812,2218 2786,2226 2775,2218 2762,2221 2740,2202 2729,2213 2716,2213"/>
                <Baseline points="2730,2253 2758,2254 2786,2253 2814,2252 2842,2252 2870,2252 2899,2254"/>
                <TextEquiv>
                    <Unicode>nd dem</Unicode>
                </TextEquiv>
            </TextLine>
            <TextLine id="r2l63" custom="readingOrder {index:62;}">
                <Coords points="1699,2272 1729,2268 1731,2271 1748,2273 1753,2268 1769,2270 1779,2261 1793,2261 1792,2232 1779,2232 1770,2224 1762,2230 1757,2227 1738,2228 1736,2231 1725,2228 1712,2234 1698,2234"/>
                <Baseline points="1712,2264 1746,2260 1780,2262"/>
                <TextEquiv>
                    <Unicode>Ob</Unicode>
                </TextEquiv>
            </TextLine>
            <TextLine id="r2l64" custom="readingOrder {index:63;}">
                <Coords points="466,2298 1684,2291 1683,2245 1531,2239 466,2256"/>
                <Baseline points="479,2291 538,2290 598,2290 657,2289 717,2289 776,2288 836,2288 895,2287 955,2287 1014,2286 1074,2285 1133,2285 1193,2283 1252,2283 1312,2282 1371,2281 1431,2280 1490,2279 1550,2277 1609,2276 1669,2274"/>
                <TextEquiv>
                    <Unicode>fehlt. Den sehr ausführlichen und interessanten Begründungen</Unicode>
                </TextEquiv>
            </TextLine>
            <TextLine id="r2l65" custom="readingOrder {index:64;}">
                <Coords points="2738,2306 2759,2306 2767,2297 2783,2297 2791,2305 2815,2299 2845,2306 2906,2294 2905,2267 2873,2268 2868,2263 2801,2259 2793,2254 2785,2260 2737,2261"/>
                <Baseline points="2750,2292 2778,2291 2807,2291 2835,2291 2864,2290 2893,2287"/>
                <TextEquiv>
                    <Unicode>gewon¬</Unicode>
                </TextEquiv>
            </TextLine>
            <TextLine id="r2l66" custom="readingOrder {index:65;}">
                <Coords points="1683,2311 1721,2310 1739,2316 1756,2308 1766,2314 1782,2309 1822,2310 1823,2278 1786,2271 1778,2274 1770,2268 1751,2268 1746,2273 1711,2269 1706,2264 1698,2269 1685,2268"/>
                <Baseline points="1698,2303 1725,2303 1753,2303 1780,2304 1808,2307"/>
                <TextEquiv>
                    <Unicode>Leix</Unicode>
                </TextEquiv>
            </TextLine>
            <TextLine id="r2l67" custom="readingOrder {index:66;}">
                <Coords points="472,2334 1687,2316 1668,2276 471,2294"/>
                <Baseline points="485,2329 544,2328 603,2327 663,2326 722,2326 781,2325 841,2324 900,2324 959,2323 1019,2323 1078,2323 1137,2322 1197,2322 1256,2321 1315,2320 1375,2320 1434,2319 1493,2318 1553,2317 1612,2315 1672,2314"/>
                <TextEquiv>
                    <Unicode>und Beleuchtungen Kretzschmars im einzelnen hier zu folgen, ver¬</Unicode>
                </TextEquiv>
            </TextLine>
            <TextLine id="r2l68" custom="readingOrder {index:67;}">
                <Coords points="2717,2349 2738,2347 2749,2336 2792,2339 2819,2332 2861,2354 2888,2343 2917,2344 2918,2296 2873,2295 2846,2305 2835,2297 2787,2302 2744,2291 2717,2301"/>
                <Baseline points="2730,2332 2758,2331 2787,2332 2816,2333 2845,2334 2874,2334 2903,2331"/>
                <TextEquiv>
                    <Unicode>irkes zu</Unicode>
                </TextEquiv>
            </TextLine>
            <TextLine id="r2l69" custom="readingOrder {index:68;}">
                <Coords points="1696,2347 1726,2344 1747,2353 1755,2345 1777,2345 1790,2359 1819,2362 1820,2311 1793,2316 1783,2310 1774,2316 1756,2307 1740,2307 1732,2315 1721,2310 1716,2315 1697,2312"/>
                <Baseline points="1711,2345 1742,2343 1773,2345 1805,2345"/>
                <TextEquiv>
                    <Unicode>nen,</Unicode>
                </TextEquiv>
            </TextLine>
            <TextLine id="r2l70" custom="readingOrder {index:69;}">
                <Coords points="452,2358 1678,2372 1658,2322 451,2331"/>
                <Baseline points="464,2368 527,2368 590,2367 653,2367 716,2366 779,2366 842,2365 905,2365 968,2364 1031,2363 1095,2362 1158,2362 1221,2361 1284,2360 1347,2359 1410,2358 1473,2357 1536,2355 1599,2355 1663,2353"/>
                <TextEquiv>
                    <Unicode> bietet die Rücksicht auf den verfügbaren Raum; nur auf deren</Unicode>
                </TextEquiv>
            </TextLine>
            <TextLine id="r2l71" custom="readingOrder {index:70;}">
                <Coords points="2721,2387 2750,2391 2759,2383 2780,2383 2785,2378 2799,2379 2815,2390 2831,2380 2839,2388 2868,2386 2870,2341 2840,2345 2824,2331 2805,2339 2722,2336"/>
                <Baseline points="2735,2370 2764,2368 2794,2370 2824,2372 2854,2371"/>
                <TextEquiv>
                    <Unicode>C. P.</Unicode>
                </TextEquiv>
            </TextLine>
            <TextLine id="r2l72" custom="readingOrder {index:71;}">
                <Coords points="1693,2386 1707,2386 1718,2396 1763,2396 1771,2391 1787,2391 1800,2380 1811,2386 1825,2386 1825,2367 1811,2367 1800,2359 1790,2359 1776,2346 1755,2346 1744,2354 1728,2346 1693,2348"/>
                <Baseline points="1706,2383 1732,2383 1759,2382 1785,2382 1812,2384"/>
                <TextEquiv>
                    <Unicode>stell.</Unicode>
                </TextEquiv>
            </TextLine>
            <TextLine id="r2l73" custom="readingOrder {index:72;}">
                <Coords points="469,2420 1684,2398 1662,2358 468,2374"/>
                <Baseline points="482,2408 541,2407 600,2406 660,2405 719,2404 779,2403 838,2403 898,2402 957,2402 1017,2401 1076,2401 1135,2400 1195,2400 1254,2399 1314,2398 1373,2398 1433,2397 1492,2396 1552,2395 1611,2394 1671,2392"/>
                <TextEquiv>
                    <Unicode>Hauptpunkte stützen sich die folgenden Zeilen; im übrigen sei aber</Unicode>
                </TextEquiv>
            </TextLine>
            <TextLine id="r2l74" custom="readingOrder {index:73;}">
                <Coords points="464,2453 1693,2429 1692,2388 464,2416"/>
                <Baseline points="479,2449 539,2447 599,2445 659,2444 719,2443 779,2442 839,2442 899,2441 959,2441 1019,2440 1079,2440 1139,2439 1199,2439 1259,2438 1319,2437 1379,2436 1439,2435 1499,2434 1559,2432 1619,2430 1679,2427"/>
                <TextEquiv>
                    <Unicode>auf diese Einführung in die „Neunte“, die auch wohl als Sonder¬</Unicode>
                </TextEquiv>
            </TextLine>
            <TextLine id="r2l75" custom="readingOrder {index:74;}">
                <Coords points="462,2486 1693,2460 1692,2428 461,2449"/>
                <Baseline points="476,2488 536,2486 596,2485 656,2483 716,2482 776,2481 836,2481 896,2480 956,2480 1016,2479 1077,2479 1137,2478 1197,2478 1257,2477 1317,2477 1377,2476 1437,2475 1497,2474 1557,2472 1617,2471 1678,2468"/>
                <TextEquiv>
                    <Unicode>druck erschienen sein dürfte, nachdrücklichst hingewiesen, zumal die</Unicode>
                </TextEquiv>
            </TextLine>
            <TextLine id="r2l76" custom="readingOrder {index:75;}">
                <Coords points="462,2526 1656,2523 1695,2461 461,2486"/>
                <Baseline points="476,2527 536,2525 596,2524 656,2523 717,2522 777,2521 837,2520 897,2519 958,2518 1018,2518 1078,2517 1138,2517 1199,2516 1259,2515 1319,2515 1379,2514 1440,2513 1500,2512 1560,2511 1620,2510 1681,2508"/>
                <TextEquiv>
                    <Unicode>Notenbeispiele das Verständnis des schwierigen Werkes wesentlich</Unicode>
                </TextEquiv>
            </TextLine>
            <TextLine id="r2l77" custom="readingOrder {index:76;}">
                <Coords points="1846,2559 2718,2551 2761,2535 2761,2500 2469,2471 1845,2490"/>
                <Baseline points="1859,2542 1903,2539 1947,2535 1992,2533 2036,2531 2081,2530 2125,2530 2169,2530 2214,2530 2258,2531 2303,2532 2347,2533 2391,2533 2436,2534 2480,2534 2525,2535 2569,2534 2613,2533 2658,2532 2702,2529 2747,2526"/>
                <TextEquiv>
                    <Unicode>Arthur Schnitzlers Tragikomödie</Unicode>
                </TextEquiv>
            </TextLine>
            <TextLine id="r2l78" custom="readingOrder {index:77;}">
                <Coords points="460,2569 1683,2562 1683,2516 460,2526"/>
                <Baseline points="474,2564 533,2563 593,2562 653,2561 713,2560 772,2560 832,2559 892,2558 952,2558 1011,2557 1071,2557 1131,2556 1191,2555 1250,2555 1310,2554 1370,2553 1430,2552 1489,2551 1549,2550 1609,2549 1669,2547"/>
                <TextEquiv>
                    <Unicode>erleichtern helfen. Der 2. Satz, in der Hauptsache ein im lauten</Unicode>
                </TextEquiv>
            </TextLine>
            <TextLine id="r2l79" custom="readingOrder {index:78;}">
                <Coords points="453,2615 1654,2600 1678,2552 452,2567"/>
                <Baseline points="467,2603 526,2602 586,2601 646,2600 706,2599 766,2599 826,2598 886,2597 946,2597 1006,2596 1066,2596 1125,2595 1185,2595 1245,2594 1305,2594 1365,2593 1425,2592 1485,2592 1545,2591 1605,2590 1665,2589"/>
                <TextEquiv>
                    <Unicode>Tumult dahinjagendes Scherzo (Molto vivace, Dreiviertel=Takt)</Unicode>
                </TextEquiv>
            </TextLine>
            <TextLine id="r2l80" custom="readingOrder {index:79;}">
                <Coords points="2021,2625 2149,2614 2166,2629 2197,2605 2254,2631 2347,2601 2412,2627 2524,2605 2545,2618 2599,2593 2598,2561 2534,2543 2342,2564 2291,2545 2256,2564 2084,2550 2021,2588"/>
                <Baseline points="2035,2613 2062,2610 2090,2608 2117,2607 2145,2606 2172,2605 2200,2604 2227,2604 2255,2604 2282,2603 2310,2603 2337,2603 2365,2603 2392,2604 2420,2604 2447,2604 2475,2604 2502,2604 2530,2604 2557,2604 2585,2604"/>
                <TextEquiv>
                    <Unicode>„Das weite Land“.</Unicode>
                </TextEquiv>
            </TextLine>
            <TextLine id="r2l81" custom="readingOrder {index:80;}">
                <Coords points="460,2644 1648,2642 1688,2596 460,2609"/>
                <Baseline points="473,2643 533,2642 593,2641 653,2640 713,2639 773,2638 833,2638 894,2637 954,2636 1014,2636 1074,2635 1134,2634 1194,2634 1254,2633 1315,2632 1375,2631 1435,2630 1495,2629 1555,2629 1615,2627 1676,2626"/>
                <TextEquiv>
                    <Unicode>nähert sich der Freude schon mehr. Das Adagio, durchweg in ent¬</Unicode>
                </TextEquiv>
            </TextLine>
            <TextLine id="r2l82" custom="readingOrder {index:81;}">
                <Coords points="1812,2689 2797,2663 2767,2606 1812,2622"/>
                <Baseline points="1824,2660 1874,2661 1924,2661 1975,2662 2025,2662 2076,2663 2126,2663 2177,2663 2227,2663 2278,2663 2328,2663 2379,2663 2429,2663 2480,2662 2530,2662 2581,2661 2631,2661 2682,2660 2732,2659 2783,2657"/>
                <TextEquiv>
                    <Unicode>(Uraufführung im Burgtheater am 14. Oktober.)</Unicode>
                </TextEquiv>
            </TextLine>
            <TextLine id="r2l83" custom="readingOrder {index:82;}">
                <Coords points="461,2692 1663,2679 1694,2614 460,2644"/>
                <Baseline points="473,2682 533,2682 593,2681 654,2680 714,2679 775,2678 835,2677 896,2676 956,2675 1017,2674 1077,2673 1137,2672 1198,2672 1258,2671 1319,2670 1379,2669 1440,2669 1500,2669 1561,2668 1621,2668 1682,2668"/>
                <TextEquiv>
                    <Unicode>zückenden Wohlklang getaucht, strebt einer höheren Art der Freude</Unicode>
                </TextEquiv>
            </TextLine>
            <TextLine id="r2l84" custom="readingOrder {index:83;}">
                <Coords points="467,2730 1588,2724 1666,2715 1692,2669 466,2698"/>
                <Baseline points="479,2722 542,2721 605,2720 668,2718 731,2717 794,2716 857,2715 920,2715 983,2714 1046,2713 1110,2712 1173,2711 1236,2711 1299,2710 1362,2709 1425,2709 1488,2708 1551,2708 1614,2708 1678,2708"/>
                <TextEquiv>
                    <Unicode>zu. Den Himmelsklängen dieses Satzes folgen im unmittelbaren</Unicode>
                </TextEquiv>
            </TextLine>
            <TextLine id="r2l85" custom="readingOrder {index:84;}">
                <Coords points="1966,2733 2073,2744 2143,2723 2193,2744 2319,2715 2512,2739 2635,2723 2635,2675 2418,2658 2319,2688 2119,2664 1966,2688"/>
                <Baseline points="1979,2716 2011,2716 2043,2715 2075,2715 2107,2716 2140,2716 2172,2716 2204,2716 2236,2717 2268,2717 2301,2718 2333,2718 2365,2718 2397,2718 2429,2718 2462,2718 2494,2717 2526,2717 2558,2715 2590,2714 2623,2712"/>
                <TextEquiv>
                    <Unicode>Von Ludwig Hirschfeld.</Unicode>
                </TextEquiv>
            </TextLine>
            <TextLine id="r2l86" custom="readingOrder {index:85;}">
                <Coords points="467,2761 1640,2759 1698,2702 467,2728"/>
                <Baseline points="480,2761 540,2760 600,2759 660,2759 720,2758 781,2757 841,2756 901,2755 961,2754 1021,2753 1082,2752 1142,2751 1202,2750 1262,2749 1322,2748 1383,2747 1443,2747 1503,2746 1563,2745 1623,2744 1684,2744"/>
                <TextEquiv>
                    <Unicode>Anschluß wilde Fanfaren, die in die chaotische Stimmung des</Unicode>
                </TextEquiv>
            </TextLine>
            <TextLine id="r2l87" custom="readingOrder {index:86;}">
                <Coords points="2316,2771 2450,2772 2482,2793 2512,2769 2547,2787 2736,2769 2841,2784 2894,2765 2894,2712 2723,2729 2610,2717 2511,2739 2316,2723"/>
                <Baseline points="2329,2765 2356,2766 2384,2767 2411,2768 2439,2768 2466,2768 2494,2768 2521,2768 2549,2768 2576,2768 2604,2767 2632,2767 2659,2766 2687,2766 2714,2765 2742,2764 2769,2764 2797,2763 2824,2763 2852,2762 2880,2762"/>
                <TextEquiv>
                    <Unicode>Wien, 14. Oktober 1911.</Unicode>
                </TextEquiv>
            </TextLine>
            <TextLine id="r2l88" custom="readingOrder {index:87;}">
                <Coords points="466,2796 1684,2796 1683,2745 465,2761"/>
                <Baseline points="480,2798 539,2798 599,2797 658,2797 718,2796 777,2795 837,2794 896,2794 956,2793 1015,2791 1075,2790 1135,2789 1194,2788 1254,2787 1313,2787 1373,2786 1432,2785 1492,2785 1551,2785 1611,2785 1671,2785"/>
                <TextEquiv>
                    <Unicode>1. Satzes zurückführen; Celli und Bässe scheinen in den berühmten</Unicode>
                </TextEquiv>
            </TextLine>
            <TextLine id="r2l89" custom="readingOrder {index:88;}">
                <Coords points="1814,2824 2869,2824 2922,2815 2922,2770 1814,2771"/>
                <Baseline points="1828,2816 1882,2817 1936,2818 1990,2818 2044,2818 2098,2818 2152,2818 2206,2818 2260,2818 2314,2818 2369,2817 2423,2817 2477,2816 2531,2816 2585,2815 2639,2815 2693,2814 2747,2813 2801,2813 2855,2812 2910,2812"/>
                <TextEquiv>
                    <Unicode>In Wien und Berlin, in München, in Prag und in noch</Unicode>
                </TextEquiv>
            </TextLine>
            <TextLine id="r2l90" custom="readingOrder {index:89;}">
                <Coords points="459,2846 1682,2838 1681,2787 458,2811"/>
                <Baseline points="471,2839 530,2838 590,2837 650,2836 710,2834 770,2834 829,2833 889,2832 949,2831 1009,2831 1069,2830 1128,2829 1188,2828 1248,2827 1308,2826 1368,2826 1427,2825 1487,2823 1547,2822 1607,2820 1667,2819"/>
                <TextEquiv>
                    <Unicode>Rezitativen Warnungsrufe auszusprechen; Themen aus allen deei</Unicode>
                </TextEquiv>
            </TextLine>
            <TextLine id="r2l91" custom="readingOrder {index:90;}">
                <Coords points="1698,2861 2712,2872 2923,2855 2926,2817 1697,2815"/>
                <Baseline points="1710,2858 1770,2858 1830,2858 1890,2858 1950,2858 2010,2858 2070,2858 2130,2858 2190,2858 2250,2858 2311,2858 2371,2857 2431,2857 2491,2857 2551,2856 2611,2856 2671,2855 2731,2854 2791,2853 2851,2852 2912,2851"/>
                <TextEquiv>
                    <Unicode>einigen deutschen Städten wird heute das neue Werk Arthur</Unicode>
                </TextEquiv>
            </TextLine>
            <TextLine id="r2l92" custom="readingOrder {index:91;}">
                <Coords points="475,2887 1690,2880 1689,2824 474,2844"/>
                <Baseline points="488,2878 547,2877 606,2876 666,2875 725,2874 785,2873 844,2872 903,2871 963,2871 1022,2870 1082,2869 1141,2868 1200,2867 1260,2867 1319,2866 1379,2865 1438,2864 1497,2863 1557,2862 1616,2862 1676,2860"/>
                <TextEquiv>
                    <Unicode>vorhergegangenen Sätzen erscheinen in den verschiedenen Instru¬</Unicode>
                </TextEquiv>
            </TextLine>
            <TextLine id="r2l93" custom="readingOrder {index:92;}">
                <Coords points="1697,2910 2899,2903 2920,2855 1697,2856"/>
                <Baseline points="1712,2896 1771,2898 1831,2898 1891,2899 1951,2899 2011,2900 2070,2900 2130,2900 2190,2899 2250,2899 2310,2898 2369,2898 2429,2897 2489,2896 2549,2895 2609,2895 2668,2893 2728,2893 2788,2891 2848,2890 2908,2889"/>
                <TextEquiv>
                    <Unicode>Schnitzlers gleichzeitig gespielt. Man kann sagen, daß das ganze</Unicode>
                </TextEquiv>
            </TextLine>
            <TextLine id="r2l94" custom="readingOrder {index:93;}">
                <Coords points="478,2919 1682,2919 1682,2860 477,2882"/>
                <Baseline points="490,2916 552,2915 614,2914 676,2914 738,2913 800,2912 862,2911 924,2911 986,2910 1048,2909 1110,2908 1172,2907 1234,2907 1296,2906 1358,2905 1420,2904 1482,2903 1544,2902 1606,2901 1669,2899"/>
                <TextEquiv>
                    <Unicode>mentengruppen, werden aber sämtlich von den Bässen verworfen.</Unicode>
                </TextEquiv>
            </TextLine>
            <TextLine id="r2l95" custom="readingOrder {index:94;}">
                <Coords points="1695,2951 2921,2933 2904,2887 1695,2903"/>
                <Baseline points="1709,2935 1772,2937 1835,2938 1898,2938 1961,2939 2024,2939 2087,2939 2150,2939 2213,2939 2276,2939 2340,2938 2403,2937 2466,2936 2529,2935 2592,2934 2655,2933 2718,2931 2781,2930 2844,2928 2908,2926"/>
                <TextEquiv>
                    <Unicode>literarische und intellektuelle deutsche Publikum an diesem Abend</Unicode>
                </TextEquiv>
            </TextLine>
            <TextLine id="r2l96" custom="readingOrder {index:95;}">
                <Coords points="467,2957 1671,2955 1684,2904 466,2919"/>
                <Baseline points="480,2957 539,2955 599,2954 658,2953 718,2951 777,2951 837,2950 896,2949 956,2949 1015,2948 1075,2947 1135,2947 1194,2946 1254,2946 1313,2945 1373,2944 1432,2943 1492,2943 1551,2941 1611,2940 1671,2939"/>
                <TextEquiv>
                    <Unicode>Da taucht in den Oboen etwas ganz Neues auf, es ist jenes den</Unicode>
                </TextEquiv>
            </TextLine>
            <TextLine id="r2l97" custom="readingOrder {index:96;}">
                <Coords points="1707,2983 2920,2966 2863,2934 1707,2940"/>
                <Baseline points="1721,2973 1780,2974 1839,2975 1898,2975 1958,2976 2017,2976 2076,2976 2135,2977 2195,2977 2254,2976 2313,2976 2372,2976 2432,2975 2491,2974 2550,2973 2609,2972 2669,2971 2728,2970 2787,2968 2846,2966 2906,2964"/>
                <TextEquiv>
                    <Unicode>erwartungsvoll gestimmt ist. Man bringt der Entwicklung unse¬</Unicode>
                </TextEquiv>
            </TextLine>
            <TextLine id="r2l98" custom="readingOrder {index:97;}">
                <Coords points="475,3013 1682,2987 1681,2944 1598,2940 474,2959"/>
                <Baseline points="489,2995 548,2994 607,2992 666,2991 725,2990 784,2989 843,2988 902,2988 961,2987 1020,2986 1079,2986 1138,2985 1197,2985 1256,2984 1315,2983 1374,2983 1433,2982 1492,2981 1551,2980 1610,2979 1669,2977"/>
                <TextEquiv>
                    <Unicode>ganzen letzten Satz beherrschende, volkstümliche Thema, mit dem</Unicode>
                </TextEquiv>
            </TextLine>
            <TextLine id="r2l99" custom="readingOrder {index:98;}">
                <Coords points="1700,3020 2931,3027 2909,2969 1699,2983"/>
                <Baseline points="1712,3014 1772,3014 1832,3014 1892,3014 1952,3015 2013,3015 2073,3015 2133,3015 2193,3015 2253,3015 2314,3015 2374,3014 2434,3014 2494,3013 2554,3013 2615,3012 2675,3010 2735,3009 2795,3007 2855,3005 2916,3003"/>
                <TextEquiv>
                    <Unicode>res ernstesten und besten Dichters überall ein starkes Interesse</Unicode>
                </TextEquiv>
            </TextLine>
            <TextLine id="r2l100" custom="readingOrder {index:99;}">
                <Coords points="473,3039 1656,3032 1685,2984 472,2999"/>
                <Baseline points="486,3034 545,3033 604,3032 663,3031 723,3030 782,3029 841,3028 900,3027 960,3026 1019,3025 1078,3024 1137,3023 1197,3022 1256,3021 1315,3021 1374,3020 1434,3019 1493,3019 1552,3018 1611,3018 1671,3017"/>
                <TextEquiv>
                    <Unicode>auch später der Chor seinen Hymnus intoniert. Die Bässe und</Unicode>
                </TextEquiv>
            </TextLine>
            <TextLine id="r2l101" custom="readingOrder {index:100;}">
                <Coords points="1694,3061 2917,3060 2917,3007 1694,3016"/>
                <Baseline points="1708,3057 1767,3056 1827,3056 1887,3056 1947,3055 2007,3055 2066,3055 2126,3054 2186,3054 2246,3054 2306,3053 2365,3053 2425,3052 2485,3051 2545,3050 2605,3050 2664,3049 2724,3048 2784,3047 2844,3045 2904,3044"/>
                <TextEquiv>
                    <Unicode>entgegen, so wunderlich diese Entwicklung manchesmal auch sein</Unicode>
                </TextEquiv>
            </TextLine>
            <TextLine id="r2l102" custom="readingOrder {index:101;}">
                <Coords points="471,3073 1692,3067 1691,3022 1581,3018 471,3041"/>
                <Baseline points="486,3074 545,3072 605,3071 664,3070 724,3068 784,3067 843,3065 903,3064 962,3063 1022,3061 1082,3060 1141,3059 1201,3058 1260,3057 1320,3056 1380,3056 1439,3056 1499,3056 1558,3056 1618,3057 1678,3058"/>
                <TextEquiv>
                    <Unicode>Celli geben ihre Zustimmung zu diesem Thema dadurch zu er¬</Unicode>
                </TextEquiv>
            </TextLine>
            <TextLine id="r2l103" custom="readingOrder {index:102;}">
                <Coords points="1705,3103 2867,3096 2912,3045 1705,3068"/>
                <Baseline points="1718,3096 1777,3096 1836,3096 1895,3096 1954,3095 2013,3095 2072,3095 2131,3094 2190,3094 2249,3093 2308,3093 2367,3092 2426,3091 2485,3090 2544,3090 2603,3089 2662,3088 2721,3087 2780,3086 2839,3085 2898,3084"/>
                <TextEquiv>
                    <Unicode>mag. Ich weiß nicht, ob diese Tragikomödie „Das weite Land“</Unicode>
                </TextEquiv>
            </TextLine>
            <TextLine id="r2l104" custom="readingOrder {index:103;}">
                <Coords points="476,3115 1691,3109 1691,3066 476,3075"/>
                <Baseline points="490,3107 549,3107 608,3107 668,3107 727,3107 787,3106 846,3105 905,3105 965,3104 1024,3103 1084,3102 1143,3101 1202,3100 1262,3099 1321,3098 1381,3097 1440,3097 1499,3096 1559,3096 1618,3096 1678,3097"/>
                <TextEquiv>
                    <Unicode>kennen, daß sie es sofort selbst ergreifen und zu einer breiten Me¬</Unicode>
                </TextEquiv>
            </TextLine>
            <TextLine id="r2l105" custom="readingOrder {index:104;}">
                <Coords points="2789,3133 2805,3136 2819,3131 2859,3137 2875,3129 2888,3132 2897,3124 2905,3133 2921,3133 2921,3087 2790,3093"/>
                <Baseline points="2802,3119 2828,3121 2855,3122 2881,3122 2908,3121"/>
                <TextEquiv>
                    <Unicode>Eher</Unicode>
                </TextEquiv>
            </TextLine>
            <TextLine id="r2l106" custom="readingOrder {index:105;}">
                <Coords points="1703,3134 2134,3118 2450,3148 2720,3130 2741,3093 1703,3102"/>
                <Baseline points="1717,3134 1767,3133 1818,3132 1868,3132 1919,3131 1969,3131 2020,3131 2070,3131 2121,3131 2171,3131 2222,3131 2273,3131 2323,3131 2374,3131 2424,3130 2475,3130 2525,3129 2576,3128 2626,3127 2677,3125 2728,3124"/>
                <TextEquiv>
                    <Unicode>eine Entwicklung des Dramatikers Schnitzler bedeutet.</Unicode>
                </TextEquiv>
            </TextLine>
            <TextLine id="r2l107" custom="readingOrder {index:106;}">
                <Coords points="468,3152 1683,3152 1664,3098 467,3114"/>
                <Baseline points="481,3151 540,3150 599,3149 659,3148 718,3147 778,3146 837,3146 896,3145 956,3144 1015,3143 1075,3143 1134,3142 1193,3141 1253,3140 1312,3139 1372,3139 1431,3138 1490,3137 1550,3136 1609,3135 1669,3135"/>
                <TextEquiv>
                    <Unicode>lodie ausführen. Ein abermals drohendes Zurückfallen in die</Unicode>
                </TextEquiv>
            </TextLine>
            <TextLine id="r2l108" custom="readingOrder {index:107;}">
                <Coords points="1712,3183 2922,3179 2921,3126 2747,3116 1712,3138"/>
                <Baseline points="1725,3173 1784,3171 1843,3171 1902,3170 1961,3170 2021,3170 2080,3170 2139,3170 2198,3170 2257,3170 2317,3170 2376,3170 2435,3170 2494,3170 2553,3169 2613,3169 2672,3168 2731,3167 2790,3165 2849,3163 2909,3161"/>
                <TextEquiv>
                    <Unicode>scheint mir dieses Werk zurückzuführen zu früheren Dichtungen;</Unicode>
                </TextEquiv>
            </TextLine>
            <TextLine id="r2l109" custom="readingOrder {index:108;}">
                <Coords points="483,3204 1690,3185 1689,3142 1537,3135 482,3156"/>
                <Baseline points="496,3181 558,3180 620,3179 682,3179 744,3179 806,3178 868,3178 930,3178 992,3178 1054,3178 1116,3178 1178,3178 1240,3178 1302,3178 1364,3177 1426,3177 1488,3176 1550,3175 1612,3174 1675,3172"/>
                <TextEquiv>
                    <Unicode>##tangsstimmung des Satzes bannt der Solobassist mit den von</Unicode>
                </TextEquiv>
            </TextLine>
            <TextLine id="r2l110" custom="readingOrder {index:109;}">
                <Coords points="1712,3219 2815,3215 2919,3209 2919,3177 1712,3179"/>
                <Baseline points="1725,3211 1784,3211 1843,3211 1902,3210 1961,3210 2020,3210 2079,3210 2138,3210 2197,3210 2256,3210 2315,3210 2374,3210 2433,3209 2492,3209 2551,3208 2610,3208 2669,3206 2728,3206 2787,3204 2846,3203 2905,3201"/>
                <TextEquiv>
                    <Unicode>zum „Zwischenspiel“ und zum „Einsamen Weg“, dessen tiefgrün¬</Unicode>
                </TextEquiv>
            </TextLine>
            <TextLine id="r2l111" custom="readingOrder {index:110;}">
                <Coords points="1715,3251 2933,3238 2932,3195 1715,3217"/>
                <Baseline points="1728,3248 1787,3248 1847,3248 1906,3248 1966,3248 2025,3248 2085,3248 2144,3247 2204,3247 2263,3247 2323,3247 2383,3247 2442,3246 2502,3246 2561,3245 2621,3245 2680,3244 2740,3243 2799,3242 2859,3240 2919,3239"/>
                <TextEquiv>
                    <Unicode>dig nachdenkliche, kompliziert verinnerlichte Art sich hier wieder</Unicode>
                </TextEquiv>
            </TextLine>
            <TextLine id="r2l112" custom="readingOrder {index:111;}">
                <Coords points="1707,3297 2892,3293 2932,3255 1706,3249"/>
                <Baseline points="1719,3288 1779,3288 1839,3287 1899,3287 1959,3286 2019,3285 2079,3285 2139,3284 2199,3283 2259,3283 2319,3282 2379,3281 2439,3281 2499,3280 2559,3280 2619,3280 2679,3280 2739,3280 2799,3280 2859,3280 2919,3280"/>
                <TextEquiv>
                    <Unicode>findet. Wieder dieselbe resignierte geistige Grundstimmung, die¬</Unicode>
                </TextEquiv>
            </TextLine>
            <TextLine id="r2l113" custom="readingOrder {index:112;}">
                <Coords points="1712,3334 2946,3330 2945,3295 2852,3282 1712,3293"/>
                <Baseline points="1725,3326 1785,3326 1845,3326 1905,3326 1966,3326 2026,3325 2086,3324 2147,3324 2207,3323 2267,3323 2328,3322 2388,3321 2448,3321 2508,3320 2569,3320 2629,3320 2689,3320 2750,3321 2810,3321 2870,3322 2931,3324"/>
                <TextEquiv>
                    <Unicode>selben wunderlichen Menschen, für das Aergste und Erschütterndste,</Unicode>
                </TextEquiv>
            </TextLine>
            <TextLine id="r2l114" custom="readingOrder {index:113;}">
                <Coords points="1709,3391 2691,3373 2788,3362 2788,3330 1709,3335"/>
                <Baseline points="1722,3366 1774,3365 1827,3365 1879,3365 1932,3366 1984,3366 2037,3366 2089,3366 2142,3366 2194,3366 2247,3366 2300,3366 2352,3366 2405,3366 2457,3365 2510,3364 2562,3364 2615,3363 2667,3361 2720,3360 2773,3358"/>
                <TextEquiv>
                    <Unicode>der Tod und die Liebe bloß Anlässe zur Grübelei sind.</Unicode>
                </TextEquiv>
            </TextLine>
            <TextLine id="r2l115" custom="readingOrder {index:114;}">
                <Coords points="1801,3413 2917,3422 2943,3368 1800,3373"/>
                <Baseline points="1815,3409 1870,3409 1926,3409 1982,3409 2038,3408 2093,3407 2149,3407 2205,3406 2261,3405 2316,3404 2372,3404 2428,3403 2484,3402 2539,3402 2595,3402 2651,3402 2707,3402 2762,3402 2818,3403 2874,3404 2930,3406"/>
                <TextEquiv>
                    <Unicode>Der Herr von Sala, der Held des „Einsamen Weas“ und</Unicode>
                </TextEquiv>
            </TextLine>
            <TextEquiv>
                <Unicode>box 28/2
We
eLand
 . Ethhome geklagen; es ist nachgewiesen, daß j wahrt, deren Stimmungschalatter ihm für den Abschluß des
— 
Werkes, das über alles hinausragte, was bis dahin gehört worden
Beethoven schon 1793 dies Gedicht im großen Stile komponieren
war, besonders geeignet erschien. Er läßt die Kreaturen jauchzen
wollte; aus dem Jahre 1812 finden sich Notierungen zu „Freude,
um Küsse und um Reben, er tritt mit dem Cherub vor Gott, er
schöner Götterfunken“, die zwar zu einer Ouvertüre dienen soll¬
malt die vom Helden durchlaufene Bahn. An der Ausführurg
ten, also mit der „Neunten“ noch nichts zu schaffen haben, aber
dieser musikalischen Bilder sind Chor und Solisten in gleichem
doch unzweifelhaft den ganzen Gedankenkreis vorbereiten halfen,
Maße und oft in alternierender Weise beteiligt. Gehen schon in
der dann zur Zeit ihrer eigentlichen Ausarbeitung lebhaft ins Be¬
den Refrains dieser Szene, bei den vom Chor immer wieder ein¬
wußtsein trat. (Frimmel, „Beethoven“.) Auch dafür, daß Beetho¬
setzenden Freudenrufen, die Wogen der Begeisterung hoch, so stei¬
ven, der seit seiner völligen Ertaubung soFreudenarme, gerade diesen
gert sich in dem eigentlichen Schluß des Satzes bei den Worten
Schillerschen Hymnus zu komponieren wünschte, finden sich man¬
„Freude, Tochter aus Elysium!“ der Enthusiasmus zum völligen
cherlei Erklärungen. Vielleicht war ein Grund hierfür der, daß
Freudentaumel, dessen wegreißender Wirkung niemand zu wider¬
Beethoven wenigstens in seiner Vorstellung einmal jene reine
stehen vermag.
Freude begrüßen wollte, die er seit Ausbildung seines Gebrechens
Beethovens „Neunte“ ist in Stettin in etwa anderthalb
von der Wirklichkeit vergebens erhoffte. Der soeben zitierte Frim¬
Jahrzehnten nicht aufgeführt worden; der bevorstehenden Wieder¬
mel findet in jenen Plänen auch einen psychologischen Zusammen¬
gabe darf man mit besonderer Spannung entgegensehen, da aus
hang mit dem bekannten „Heiligenstädter Testament" Beethovens
Elichan 0.
Mecbereitungen für diese
Anl.
aus dem Jahre 180° in dem der Meister die Vorsehung anruft
worden
Auf
um einen „reinen Ta, der Freude“. Kretzschmar sagt sehr treffend,
einschor
sind
daß Beethoven keinesfalls die Schillersche Ode ins Finale der
m eine
sehr
Ostsee-Zeilung, Stetti.
„Neunten“ gebracht haben würde, wenn zwischen ihr und den drei
Mu
ersten Sinfoniesätzen keine geistigen Beziehungen bestanden hätten,
3
Sta
und solche sieht er sogleich in der Idee des 1. Satzes (Allegro non
sind
qua
15 10. 1911
troppo un poco maestro. D=Moll, Zweiviertel=Takt) vorliegen, den
fräulein
der
er als die Schilderung eines Zustandes auffaßt, dem die Freude
nd dem
Ob
fehlt. Den sehr ausführlichen und interessanten Begründungen
gewon¬
Leix
und Beleuchtungen Kretzschmars im einzelnen hier zu folgen, ver¬
irkes zu
nen,
 bietet die Rücksicht auf den verfügbaren Raum; nur auf deren
C. P.
stell.
Hauptpunkte stützen sich die folgenden Zeilen; im übrigen sei aber
auf diese Einführung in die „Neunte“, die auch wohl als Sonder¬
druck erschienen sein dürfte, nachdrücklichst hingewiesen, zumal die
Notenbeispiele das Verständnis des schwierigen Werkes wesentlich
Arthur Schnitzlers Tragikomödie
erleichtern helfen. Der 2. Satz, in der Hauptsache ein im lauten
Tumult dahinjagendes Scherzo (Molto vivace, Dreiviertel=Takt)
„Das weite Land“.
nähert sich der Freude schon mehr. Das Adagio, durchweg in ent¬
(Uraufführung im Burgtheater am 14. Oktober.)
zückenden Wohlklang getaucht, strebt einer höheren Art der Freude
zu. Den Himmelsklängen dieses Satzes folgen im unmittelbaren
Von Ludwig Hirschfeld.
Anschluß wilde Fanfaren, die in die chaotische Stimmung des
Wien, 14. Oktober 1911.
1. Satzes zurückführen; Celli und Bässe scheinen in den berühmten
In Wien und Berlin, in München, in Prag und in noch
Rezitativen Warnungsrufe auszusprechen; Themen aus allen deei
einigen deutschen Städten wird heute das neue Werk Arthur
vorhergegangenen Sätzen erscheinen in den verschiedenen Instru¬
Schnitzlers gleichzeitig gespielt. Man kann sagen, daß das ganze
mentengruppen, werden aber sämtlich von den Bässen verworfen.
literarische und intellektuelle deutsche Publikum an diesem Abend
Da taucht in den Oboen etwas ganz Neues auf, es ist jenes den
erwartungsvoll gestimmt ist. Man bringt der Entwicklung unse¬
ganzen letzten Satz beherrschende, volkstümliche Thema, mit dem
res ernstesten und besten Dichters überall ein starkes Interesse
auch später der Chor seinen Hymnus intoniert. Die Bässe und
entgegen, so wunderlich diese Entwicklung manchesmal auch sein
Celli geben ihre Zustimmung zu diesem Thema dadurch zu er¬
mag. Ich weiß nicht, ob diese Tragikomödie „Das weite Land“
kennen, daß sie es sofort selbst ergreifen und zu einer breiten Me¬
Eher
eine Entwicklung des Dramatikers Schnitzler bedeutet.
lodie ausführen. Ein abermals drohendes Zurückfallen in die
scheint mir dieses Werk zurückzuführen zu früheren Dichtungen;
##tangsstimmung des Satzes bannt der Solobassist mit den von
zum „Zwischenspiel“ und zum „Einsamen Weg“, dessen tiefgrün¬
dig nachdenkliche, kompliziert verinnerlichte Art sich hier wieder
findet. Wieder dieselbe resignierte geistige Grundstimmung, die¬
selben wunderlichen Menschen, für das Aergste und Erschütterndste,
der Tod und die Liebe bloß Anlässe zur Grübelei sind.
Der Herr von Sala, der Held des „Einsamen Weas“ und</Unicode>
            </TextEquiv>
        </TextRegion>
    </Page>
</PcGts>
