3436 4256
317 245 1285 346 24. Das veite Land
1447 260 1900 352 box 29/3
2082 232 3086 297 K  n    e ir  11 101
2065 281 3090 342 ner unangenehmen Folgen. Schnitzler versicht
2071 332 3090 395 eigentlich das Prinziv, daß dem Manne stets
2072 365 3093 439 erlaubt und verstattet ist, was die Fau nicht
2064 417 3100 488 ungestraft tun darf. Der Jabrikant Hofreiter,
2075 454 3091 524 von Korff meisterlick, dargestellt, hat eine rei¬
2072 486 2504 549 zende Frau (Genia
2503 507 3103 574 — Frl. Sorel), die einen
2070 540 3057 616 Liebhader abweist — aus purem Treigefühl —
2076 579 3081 654 und der wie aus einem Briefe dieses mysteriö¬
2075 622 3088 703 sen Korralofi erhellt, sich eine Kugel vor den
2071 667 3092 738 Ballon schietzt Da wirft der Ehemann der Frau
2059 712 3093 786 vor, sie trage Schuld am Tode des Mannes
2067 743 3087 828 den sie tror allem liebte! Es bleibt — wieder
2063 806 3107 878 echt Schmtzler — übrigen= unklar, ob der Russe
2069 852 3093 916 nicht das Opfer eines amerikanischen Duells mit
2059 883 3101 963 Hofreiter geworden ist. Vor Jahren war übrigens
2066 943 3097 1007 auch ein Freund des Hofreiter geben ihm in
2065 974 3085 1034 den Tolomiten abgestürzt und tot geblieben. Ob
2058 1023 3081 1082 das ein reiner „Zufall“ war, bleibt Geheimnis
2057 1064 3091 1134 des Tichters. Kurz, die Freunde Hofreiters haben
2054 1091 3092 1177 tein Glück. Während der Lebemann=Gatte ein
2060 1146 3078 1225 Verhältnis ums andere unterhält, bald die junge
2056 1198 3081 1261 Frau seines Bankiers poussiert, bald ein junges
2063 1235 3090 1313 Mädel verführt und seinem Freunde Dr. Mauer
2057 1287 3082 1356 (Herr Gebhardt) damit sein Lebensglück zer¬
2061 1322 3079 1402 stört, kommt es zwischen der Gattin Genia und
2050 1385 3087 1452 einem jungen Seefähnrich zu einem intimen
2053 1410 3078 1489 Verhältnis und — Hofreiter rächt seine Ehre
2054 1460 3083 1535 und schießt den jungen Mann über den Haufen,
2044 1498 3079 1581 um gleich darauf lachend dessen Mutter die
2048 1542 2480 1606 Hand zu schütteln!
2539 1558 3078 1621 Das „weite Land“ soll
2096 1595 3080 1663 wie es einmal heißt — die „Seele“ sein, man
2051 1627 3065 1706 könnte auch ebenso gut an das „Jenseits“ den¬
2046 1667 3075 1749 ken! Mastisch, verschleiert, verwickelt, verzwickt
2052 1716 3081 1798 ist das ganze „weite Land“, aber der leichte
2038 1765 3073 1845 Plauderton, der geistreiche Dialog, die raffinierte
2041 1805 3072 1897 Art, Spannung zu erzeugen und zu erhalten,
2046 1857 2788 1916 das gibt ihm Wert und Inhalt!
2787 1870 3060 1933 — Die Auf¬
2047 1901 3073 1974 führung war eine mustergiltige. Besonders be¬
2039 1940 3066 2014 währten isch neben dem Gaste ganz außerordent¬
2048 1981 3069 2075 lich Fri. Sorel als Genia, Frl. Swoboda
2037 2043 3067 2107 als Erna, Frau Rucker als Frau Meinhold¬
2036 2073 3065 2147 Aigner, und Herr Gebhardt als Dr. Mauer.
2040 2113 3055 2211 In tleineren Rollen sind zu loben Herr Duffek,
2027 2165 3066 2243 Frl. Schwartz (Dr. v. Aigner, Frau Wahl),
2039 2210 3070 2271 Herr Brandt (Bankier Natter), der übrigens
2029 2258 3069 2321 als Spielleiter vorzüglich gearbeitet hatte, Frl.
2027 2291 3046 2376 Mohr als dessen Gattin, Herr Heim als Hu¬
2027 2339 3056 2419 sarenoberleutnant, Herr Fuchs, Herr Marti,
2033 2388 3057 2458 Herr Karn er in ihren Episoden. Unzulänglich
2023 2434 3060 2513 war Herr Weyland als Marinefähnrich. Um
2018 2475 3055 2555 so etwas betrügt eine Rassefrau, die auf sich
2020 2515 3059 2596 hält, eine Frau wie diese Genia, ihren Mann
2014 2564 3048 2633 nicht! Eine Frage sei gestattet: „Ist es jetzt
2013 2604 3046 2691 unter Herrn von Millentowic am Hofburgtheater
2018 2649 3051 2732 üblich, daß ein um Sekunden verspäteter Auftritt
2009 2702 3044 2770 vom Partner beim Abgang des „Verspäteten“.
2011 2746 3038 2818 mit der Bemerlung dem Publikum zum Bewußt¬
2012 2785 3053 2852 sein gebracht wird —: „das nächste Mal kommen's
2012 2835 3035 2898 früher!?“ Es hätte doch wohl das entrüstete
2010 2876 3045 2961 Hinwerfen des Stuhles genügt, und schließlich
2003 2923 3035 2994 hätte lein Mensch im ganzen Hause die „Kunst¬
2005 2962 3044 3034 pause“ gemerkt; am allerwenigsten bei einem
2008 3009 3036 3089 Herrn Korff. Das vollbesetzte Haus spendete über¬
2005 3056 3032 3123 reichen Beifall; ergötzlich war oftmals, das Ge¬
1995 3091 3088 3192 lächter an Stellen, die einem denkenden Menschen 1
2002 3135 3039 3217 das Lachen doch eigentlich vergehen lassen müssen.
1993 3178 3027 3249 Aber mit dem „Denken“ ist es halt so eine Sache:
1997 3226 3031 3307 „Manchem tut's weh und mancher lernt's nie!“
2585 3286 2979 3361 Max J. Siegel.
2014 3367 3052 3487 baut worden war und das zur Aufnahme des
2023 3436 3046 3537 gleichnamigen großen Films nach der bekannten
2013 3487 3052 3584 Wagnerschen Oper diente. Die Filmaufnahmen
2021 3530 3046 3622 wurden auf der Ostsee, in der Swinemünder
2016 3568 3047 3659 Bucht und im Swinemünder Hafen vorgenom¬
2007 3627 3036 3702 men, zu denen, da es sich um einen Riesenfilm
2012 3663 3043 3750 bandelt, ein großer Apparat aufgeboten wor¬
2000 3705 3020 3793 den war. Während schon in Stralsund das
1997 3743 3023 3828 Städtebild und auf der Insel Rügen die Fel¬
2000 3789 2674 3869 sengegend von Stubbenkämmer
2701 3821 3036 3883 aufgenommen
1995 3835 3035 3927 worden waren, wurden in den Swinemünder
1992 3884 3027 3969 Gewässern die Hochseeaufnahmen gemacht. An
1999 3916 3015 4013 der Aufnahme war ein Personal von ungefähr
1995 3960 3011 4058 250 Köpfen beteiligt, das sich aus Berliner Kino¬
1990 4012 3020 4110 schauspielern und aus Mitgliedern der Theater
1989 4058 3022 4162 in Greifswald Stralsund und Rostock zusam¬
2001 4096 2213 4151 bensetzte.
2893 4170 2998 4222 E
