3296 4320
620 97 741 159 We
1319 92 1665 191 box 29
195 95 1165 191 24. Das „teLand
87 1148 252 1246 W
295 1289 2211 1356 Stückchen seelisches Leben einiger Menschen, wirk= fübelriechenden Verwesungsprozeß für die ganze,
2213 1310 3174 1357 kann ich mir ersparen. Die kurzen Worte, die
1044 1323 1263 1385 munterer
1259 1346 2212 1388 menschliche Gemeinschaft bedeuten, wenn sie all¬
289 1341 1049 1381 liches, wahres, unbeschönigtes Leben —
2222 1343 3185 1385 dem Programmheft der Schauburg entnommen und
1259 1370 2212 1416 gemein wären. Und man kann so gesund sein, so
296 1373 1262 1423 Genuß, in dem das Leid ruht. und furchtbare Not,
2224 1377 3177 1415 bereits am Donnerstag gebracht wurden genü¬
76 1374 268 1437 hnitzler.
1263 1396 2219 1452 unmodern — man schämt sich allerdings beinahe,
350 1409 1250 1460 e der Komik nicht entbehrt, weil alle kleinen
2222 1408 3180 1466 gen, um zu wissen, worum es sich handelt. Ge¬
1644 1430 2218 1483 daß man doch einen leisen
1259 1431 1656 1493 es einzugestehen —
297 1441 1247 1488 menschlichen Schwächen mit im Spiele sind. So
2222 1450 3191 1506 naues zu geben, wäre unfruchtbare Arbeit. Man
1264 1475 2211 1520 Abschen vor den Schnitzlerschen Menschen nicht ver¬
717 1475 834 1520 ein
382 1478 554 1523 dieses
291 1479 375 1518 ist
1155 1473 1259 1523 der
833 1476 1014 1529 Beweis
545 1476 699 1525 Werk
104 1467 281 1520 neuestes
2225 1481 2641 1535 gehe hin und sehe!
1028 1477 1162 1521 von
1266 1497 2221 1545 windet. Aber wer will dem Dichter sein Ma¬
293 1507 1256 1558 Kenntnis der menschlichen Seele, eine starke Lei¬
2268 1498 3178 1559 Von den Darstellern sei im Ganzen gesagt,
88 1517 297 1570 geworden,
1258 1537 2214 1588 terial vorschreiben? Weniger was er verarbeitet
114 1546 269 1591 weiß so
867 1535 1249 1587 eine echte Dichtung
308 1547 815 1596 stung an geistiger Kraft
2222 1536 3175 1584 daß die zahlreichen Rollen, auch die unscheinbar¬
1259 1569 2214 1616 als wie er es tut, kommt in Betracht. Und der
103 1569 290 1622 Stiefkind
2219 1579 3191 1622 sten, fein und gut verkörpert wurden. Von den
307 1580 1255 1620 endlich, weil nicht spitzfindige Klügelei, sondern
1253 1606 2203 1654 letzte Akt des Werkes bringt ja denn auch eine
81 1597 284 1665 ußlichkeit.
299 1608 1257 1651 allein dichterische Inspiration auf diesen allerver¬
2219 1616 3183 1659 Hauptpersonen seien folgende erwähnte Paula
1262 1640 2204 1704 ganz offenbare, sittliche Klärung und Erhebung.
101 1637 260 1690 t andere
300 1638 1248 1697 borgensten Pfaden des weiten Landes führen
2224 1644 3182 1694 Nikolai war eine tugendsame Heldin und machte
1301 1674 2211 1720 Doch halt! Ist das auch wirklich der Fall?
289 1677 460 1736 konnte.
95 1677 302 1732 geschaffe¬
2219 1668 3180 1716 sogar das Verhältnis zu dem jungen Fähnrich,
1254 1693 2207 1765 Man kann beim Lesen des Werkes anderer An¬
99 1704 305 1762 ke an das
341 1692 1259 1748 Das Aeußere dieses Werkes zeugt von großer
2220 1710 3187 1758 dem Sohn der Freundin, glaubhaft. Mit jedem
1267 1743 2212 1789 sicht sein. Man kann es erleben, daß keine Er¬
104 1741 294 1790 Hebbels
2216 1737 3179 1789 Akte steigerte sich die Vertiefung ihres Spieles.
295 1732 1256 1780 Kunst; der dramatische Aufbau ist geschickt, was
1264 1774 2209 1825 wärmung für die Schnitzlerschen Menschen ein¬
88 1774 299 1828 sozusagen
2217 1775 3191 1826 Ergreifend war ihre Szene mit der Freundin im
288 1780 1251 1839 Wich schon dadurch erweist, daß eine Zuhörerschaft
86 1810 295 1856 urch Ver¬
1155 1812 1260 1855 Die
1260 1802 2215 1859 tritt. Ich habe den Argwohn, daß hier Hand
2227 1812 2464 1858 letzten Akt.
2465 1815 3194 1857 Diese Freundin, Frau Aigner, gab
968 1813 1116 1854 wird.
296 1809 414 1856 sehr
414 1809 980 1862 bald durchaus gefesselt
1252 1840 2216 1897 und Geist eines Nachschaffenden etwas Sympa¬
2216 1849 3185 1889 Adele Meysel mit dem Tone echter Frauen¬
87 1846 301 1899 s Zufalls
296 1838 1254 1883 Charaktere sind von verblüffender Mannigsellig¬
1263 1871 2221 1920 thischeres zustande gebracht und uns durch die
91 1878 297 1927 Erden, die
2215 1882 3194 1927 liebe zu Sohn und Gatten. Rolf Ziegler
295 1881 1247 1926 keit und doch jeder in sich geschlossen, eine zum
1258 1909 2216 1951 Bühne vermittelt haben, als der Dichter selbst viel¬
1085 1909 1252 1955 ein le¬
2225 1907 3194 1960 stellte diesen Gatten als einen glaubhaften Frauen¬
96 1909 1025 1957 Spaß ge-Imindesten interessante Persönlichkeit
1641 1945 1744 1985 Es
1728 1942 2206 1995 sollte mich darum nicht
1252 1942 1634 1996 leicht beabsichtigte.
90 1945 294 1997 dichterische
2222 1944 3193 2005 beld und großzügigen Unternehmer hin. Die Worte
296 1943 1255 1996 bender Mensch. Die Sprache ist von ungezwun¬
1262 1980 2209 2020 wundern, wenn bei anderen Bühnen der Erfolg
82 1981 295 2026 ler fand
298 1980 1259 2019 gener Alltäglichkeit der Worte und doch oft schön.
2223 1982 3178 2028 seiner Lebensweisheit kamen unaufdringlich zu
1758 1999 2218 2062 warmer, unbestrittener
1265 2005 1762 2067 des Werkes nicht ein so
83 2007 300 2076 ikomischen
300 2011 1261 2062 Wenn man Ibsens Dialog einen solchen zweiten
2221 2014 3192 2062 Gehör. Franz Seeburg verkörperte gut den
1266 2050 2203 2090 wäre als in der Schauburg. Direktor Franz
305 2036 1253 2092 Grades“ genannt hat, so möchte ich den Schnitzlers
2215 2044 3184 2095 Fähnrich. Uniform würde wohl nicht schaden.
1260 2075 2216 2124 Rolan hat das Werk meines Erachtens idealisie¬
89 2064 300 2128 hauung ist
289 2084 1253 2130 einen Dialog der vierten Dimension nennen. Hier
2216 2076 3196 2129 Minna Wolfgang war eine prächtige, echte
2082 2108 2211 2155 wenn
1262 2111 2036 2162 rend aufgefaßt, wozu die Möglichkeit
293 2117 1248 2160 wollen oft die Worte nicht sagen, was sie zu
82 2109 306 2169 len Freu¬
2231 2120 3182 2163 Wienerin, Resel Orla ganz das moderne Mäd¬
1262 2140 1480 2196 man will
1536 2136 2223 2198 ebenfalls aus der Eigenart des
305 2146 1260 2202 bedeuten scheinen. Nein, hinter ihnen bergen sich
192 2151 252 2192 d
2219 2148 3185 2197 chen, das in Ermangelung des Frauenstimmrechts
97 2177 292 2229 hals Zu¬
1260 2175 2207 2220 Schnitzlerschen Dialogs zu gewinnen ist. Sodann
290 2180 1147 2233 Dinge, die der Hörer nicht weiß, und di
2228 2171 3189 2241 wenigstens auf erotischem Gebiet ihren Willen
1261 2214 2214 2257 hat er der Dichtung sehr umfangreiche Streichun¬
95 2213 291 2265 Gott des
305 2211 617 2266 o Kühnheit! —
605 2215 1259 2262 der Sprecher selbst vielleicht nur
2224 2219 2427 2270 durchsetzt.
2459 2212 3188 2257 Freilich zeigte auch sie einen
1264 2242 2217 2299 gen angedeihen lassen, die eine geradezu uner¬
81 2249 290 2305 en. Um¬
301 2249 1179 2298 ahnt oder auch das nicht einmal. Denn so
2221 2242 3177 2296 idealen Zug, den ich dem Gesamtbild der unge¬
93 2279 294 2335 nschauung
1258 2279 2216 2327 trägliche und ermüdende Breite glücklich verhin¬
293 2262 1256 2336 ist es im wahren Leben. So sprechen die diffe¬
2225 2285 3181 2330 strichenen Rolle nicht so ganz entnehmen konnte.
105 2320 297 2365 der Nähe
1264 2313 2214 2367 dert haben. Für beides muß das hannoversche Pu¬
731 2312 1253 2372 — zumal unseres modernen
297 2320 743 2375 renzierteren Menschen
2220 2320 3204 2355 Aber gewiß war es wieder zum Vorteil der Dar¬
1256 2352 2217 2403 blikum dankbar sein, und es bewies dies auch
86 2349 292 2402 ie kommt
299 2353 508 2401 Zeitalters
556 2347 1253 2406 zumal wenn sie auf der Kehrseite
2222 2352 3189 2403 stellung. Karl Moran war ein echter Freund
100 2372 292 2430 noch der
1257 2379 2111 2435 durch starken, immer wiederholten Beifall.
305 2385 1255 2433 seiner Kraft stehen, wo Nervosität, Hysterie und
2225 2384 3194 2435 des Helden und wußte durch die zarte Verhüllung
1306 2409 2214 2460 Die Uraufführung dieser Tragikomödie bedeutet
99 2416 297 2468 Tatsachen
303 2414 1259 2467 gar psychopathische Anwandlungen zu Hause sind.
2225 2426 3196 2465 eigenen Schmerzes zu erschüttern. Von den übri¬
1259 2452 2206 2495 einen wahren Erfolg für die Schauburg. Es ist
99 2449 302 2500 r einseiti¬
351 2452 1256 2500 Damit bin ich bei dem Punkte der Betrachtung,
2219 2455 3191 2497 gen Darstellern seien nur genannt Dr. Rema¬
1263 2471 2216 2533 sehr zu beachten, wie diese Bühne, die doch oft der
105 2478 292 2534 das im¬
304 2473 1254 2529 der nicht allein die Freude auslöst. Mußte es
2232 2497 3188 2538 noff als Baukier Natter, Alexander Wie¬
1265 2515 2217 2560 leichtgeschürzten Muse dient, eine derartige Auf¬
96 2522 294 2568 t aber ist
308 2517 1253 2560 sein, daß unter diesen vielen Menschen der Dich¬
2222 2513 3196 2577 legk als seine verführerische Gattin, Richard
1253 2552 2216 2602 gabe bewältigte. Das waren schauspielerische Lei¬
91 2541 292 2601 smus der
306 2550 1253 2595 tung gerade nur ein Mann lebt, der wahr und
2220 2556 3130 2596 Clement als origineller Schriftsteller Rhon.
1263 2584 2226 2635 stungen von sowohl literarischer wie gefühlsmäßi¬
88 2578 296 2629 eite Land.
297 2587 1247 2630 treu ist, und eine Frau, die die Reinheit keunt?
2275 2570 3186 2635 Alles in allem: ein nicht zu leugnender Erfolg
1262 2617 2215 2660 ger Durchdringung. Der Dichter soll zufrieden sein,
92 2611 290 2665 der Men¬
293 2620 1251 2665 Mußten die anderen Männer neben tächtigen Eigen¬
2220 2609 3189 2662 der Dichtung und ein bedeutend stärterer der Bühne
83 2643 292 2700 kine Hand¬
1265 2644 2220 2702 dem eine solche Verdolmetschung seiner Gedanken
305 2653 1252 2698 schaften die der Schürzenjägerei haben oder jäm¬
2224 2660 3177 2700 und ihrer Darsteller. Leider muß gesagt werden
98 2678 295 2743 Dramen¬
1266 2688 2213 2734 zuteil wird! Wie die dramaturgische Bearbeitung,
302 2688 1263 2736 merliche Ehehelden sein, die die Ehebrechereien
2220 2678 3187 2736 daß der Besuch nicht ganz der Bedeutsamkeit des
167 2723 298 2766 nicht
1268 2705 2221 2772 so lag selbstverständlich auch die Spielleitung in
85 2722 169 2764 nd
301 2714 1261 2770 ihrer Weiber wissen und doch in Liebe vor ihnen
2683 2720 3182 2785 vorsichtig“, sollte das
2227 2725 2641 2778 Abends entsprach.
84 2747 293 2802 en könnte,
1267 2750 2228 2795 Franz Rolaus Händen. Und sie bewies sich
302 2754 1261 2796 auf den Knien liegen? Mußte die zuerst tugend¬
2223 2754 3165 2821 hannoversche Publikum nicht sein. H. S.-K.
1250 2780 2217 2831 durch straffste Disziplin aller Mitwirkenden, feinste
93 2780 290 2836 gen der
294 2786 1236 2835 same Heldin den jungen Sohn ihrer Freundin —
2667 2800 2746 2848 *
2099 2814 2217 2864 der
1264 2816 2113 2854 Durcharbeitung jeder kleinsten Szeue, auch
76 2817 290 2874 leiche an¬
299 2830 1262 2868 verführen? Mußte ein junges Mädchen von sonst
2270 2835 3180 2896 Telegramme über die gleichzeitige Auffüh¬
1255 2835 2229 2903 scheinbaren Nebensachen, endlich stilvolle Ausstat¬
91 2850 291 2906 Fkrampfen,
294 2861 1257 2912 scheinbar klaren Anschauungen durchaus das Ille¬
86 2891 292 2936 hso ober¬
2219 2880 3182 2926 rung von „Das weite Land“ in anderen Städten
1257 2889 2225 2932 tung. Wenn nun auch noch die außerordentlich
295 2887 1256 2938 gitime wollen und schamlos sein, wo man die
2227 2918 3185 2960 berichten dürchweg von einem Erfolg, der freilich
87 2922 293 2971 und fühlt,
1271 2924 2230 2975 schwierige Rolle des Hauptspielers der Dichtung
294 2926 1260 2967 Kraft einer großen Liebe fühlen soll? Mußte es
2232 2949 3171 3016 meist nur ein „äußerer“ oder ein „Achtungserfolg“
86 2950 303 3017 Denn die
1260 2950 2216 2997 denselben Mann ins Feld führte und ihm schau¬
308 2958 433 3003 sein?
473 2956 1248 3018 Natürlich! Wer will mit einem Dichter
2224 2987 3180 3041 genannt wird. So im Berliner Lessing=Theater,
1266 2976 2232 3051 spielerisch ehrliche Bewunderung eintrug, so kommt
96 2991 295 3048 ere eigene
296 2992 478 3035 rechten!
471 2995 1250 3041 Schnitzler ist Oesterreicher und seine
1269 3024 2219 3072 man dazu, diese Leistung der Schauburg, die sich mit
85 3024 184 3069 ken.
2230 3017 3188 3065 Wien, München, Leipzig, Prag u. a. Ueberall
179 3028 291 3069 Und
304 3026 1254 3071 Menschen sind Wiener. Die Decadence steht auf
2229 3049 3188 3099 wurde die Aufnahme gegen Ende des Stückes wär¬
1261 3053 2227 3096 der Uraufführung des Wertes in die Reihe von
95 3054 295 3105 im letzten
303 3059 1250 3103 ihren Stirnen eingebrannt. Moral ist ein ver¬
2222 3075 3194 3137 mer. Zum Teil wird von ermüdender Länge be¬
1262 3088 2225 3139 dreizehn anderen ersten Bühnen stellte, als seine
91 3094 280 3137 einschauen
701 3093 1254 3147 Ich will nicht sagen, daß
297 3097 628 3141 alteter Begriff
107 3125 283 3179 keiner!“
1258 3127 2219 3170 Tat zu erkennen und das warm und dankbar zu
2223 3127 2390 3185 richtet.
304 3128 1259 3176 wir anderen Menschen alle anders wären. Ich
102 3155 290 3207 dem die
1259 3159 1454 3219 betonen.
298 3161 1253 3200 werde mich hüten. Aber Menschen wie die der
102 3177 2264 3256 ist: ein Schnitzlerschen Tragikomödie würden natürlich einen! Eine Angabe des Inhalts der Tragikomödie
