3392 4384
683 255 733 315 □
274 235 620 324 24. Da
992 253 1177 317 Lan
1395 246 1841 337 box 29/4
749 955 2113 1046 nichts mehr holfen, und tun es im stillen doch. Sie kennen ihre
755 1039 2108 1111 Tragik: zu einander zu gehören, aber einander nicht festhalten zu kön¬
758 1076 2107 1147 nen. Weil sie die Reinheit dieses Glückes nicht finden, beschmutzen
749 1137 2100 1210 sie sich; weil man sie ganz nicht haben will, zersplittern sie sich.
740 1191 2110 1254 So geht es Genia, so geht es den Andern. Durch das Stück dröhnt
749 1237 2100 1305 nicht pathetisch und wimmert nicht sentimental, sondern spricht bald
743 1289 2097 1336 gefaßt und mit gütigem Lächeln, bald hinter Scherzen verborgen ein
753 1336 2094 1377 tiefer Schmerz über die Unsicherheit aller menschlichen und gar aller
753 1388 2100 1434 erotischen Beziehungen, über die furchtbare Einsamkeit jeder bessern
742 1422 2096 1483 Seele und über die Aussichtslosigkeit jedes Kampfes gegen diesen trau¬
749 1479 2091 1538 rigen Zustand. Von vierzehn Menschen sind mindestens elf unglück¬
750 1529 2096 1602 lich — und diejenigen, die schlecht und recht auf der goldenen Mittel¬
754 1586 2099 1646 straße und im Dutzend geblieben sind, womöglich noch unglücklicher
753 1623 2097 1675 als die Libertiner der Phantasie und des Fleisches, die doch ihre
744 1678 2095 1728 blauen Jugendsehnsüchte oder ihre höchst erdhaften Genüsse gehabt
744 1723 2099 1797 haben. Drei von den Vierzehn sind glücklich, und das sind Trottel.
825 1782 2090 1853 Also könnte „Das weite Land“ genau so gut „Der einsame Weg“
740 1830 2096 1902 heißen. Manches in beiden Dichtungen lautet nicht allein wörtlich,
745 1883 2098 1928 lautet erst recht nach Stimmung und Umständen überein. Wie die
745 1929 2089 1973 junge Johanna Wegrath zu dem allernden Sala bedingungslos sagt:
750 1978 2091 2028 „Ich liebe dich!“, so sagt bedingungslos zu dem alternden Hofreiter
734 2029 2090 2086 die junge Erna Wahl: „Ich liebe dich!“. Aber der „Einsame Weg“,
742 2069 2091 2125 der den Vorzug hatte, früher da zu sein, war auch voller, wog auch
749 2126 2088 2172 schwerer. Sala (im achten „Jahr der Bühne“ historisch eingereiht
737 2174 2091 2217 und analysiert) hat eine andre Existenz als Herr Friedrich Hofreiter,
740 2225 2081 2267 dem ich entweder die Glühlichterfabrikation oder seine Differenziert¬
739 2270 2092 2338 heit glaube. Es handelt sich nicht um die Branche: aber da geht
730 2323 2084 2369 nicht Alles zusammen. „Hineinschauen in mich kannst du doch nicht
760 2372 2084 2430 — das kann Keiner“, versichert er seiner Frau. Bis auf den Dichter,
741 2420 2090 2485 versichern wir Schnitzlern, der es leider unterlassen hat. Wir wollen
739 2454 2090 2532 lieber ein enges Land ganz als ein weites Land fast gar nicht kennen
736 2501 2072 2584 lernen. Darum bereichern uns mehr die mäßig komplizierten Men¬
741 2573 2087 2639 schen, die hier vor uns entfaltet werden. Es konunt nämlich wirklich
733 2618 2082 2668 nicht darauf an, in wie tiefe Menschen, sondern mit wie scharfen
738 2663 2077 2731 Blicken ein Dichter in Menschen hineinsicht. An Hofreiter ist viel¬
730 2712 2084 2761 leicht nur ein Zug — wie er lügt, mit wie feinem Bewußtsein er lügt,
736 2767 2082 2818 und daß er sich dabei selbst nicht belügt — nur dieser eine Zug ist
739 2812 2077 2891 vollkommen geglückt. Aber um ihn lebt es. Das Theater hat Arbeit.
804 2870 2083 2929 Das Residenz-Theater hat sie sich nicht so leicht gemacht wie
737 2909 2079 2986 bisher. Nach drei Sätzen suchte ich in der Dunkelheit auf dem Zettel
733 2956 2074 3033 den Regisseur, dessen Name weder Alfred noch Fritz Rotter sein
726 3001 2081 3078 konnte. Und richtig: es war Arnold Korfl, der genügend Oesterreicher
722 3065 2078 3112 ist, um dieser — in all ihrer Geistigkeit bodenständigen — Komödie
725 3108 2069 3183 einen Hauch von wienerisch süßer Stimmung, von lächelnder Senti¬
722 3157 2078 3212 mentalität, von melancholischer Heiterkeit zuzuwenden. Aber freilich
725 3200 2079 3265 mußte dieses vollendet intime Haus auch unerbittlich zutage bringen,
732 3254 2095 3349 daß der bewegliche, fesche, Hlotte Lustspieler Korff für ernste An¬
2553 977 3366 1075 wandlungen nichts in sich vorfindet, da
2553 1031 3342 1109 und vulgär wird. Seine Umgebung..
2536 1085 3359 1158 dische Altertümer ausgegraben und nich
2540 1131 3355 1202 Stelle gesetzt. Hingegen zeigt die hübsche
2550 1178 3363 1255 in ihrer Jugend schon so wenig Talent f###
2550 1228 3355 1303 Max erst nach seiner Jugend gezeigt hat
2548 1271 3351 1352 Quarteit, das seine Lehrzeit bei Reinhardt
2544 1321 3362 1392 Heinrich Schroth bewährt sich von neuem
2535 1381 3356 1454 ganten Hahnrei, der aus Liebe nötigenfal
2534 1421 3356 1501 würde. Josef Klein blickt mit der Klar
2544 1484 3359 1562 eine einsame Zukunft ohne Erna Wahl, a
2548 1523 3354 1597 Verheißungen ihrer Anfänge in dem Grade
2536 1581 3356 1641 gültigkeit des Publikums gegen schauspie
2537 1627 3353 1695 derte, nach ihrer dreiwortigen Liebeserkl
2529 1678 3347 1744 Scham, Stolz, Ueberschwang, Leichtsinn
2537 1729 3334 1792 anderwirbelten, daraufloszuapplaudieren.
2530 1763 3352 1838 Triesch. Welche Freude, sie nach so viel
2528 1823 3352 1885 passenden Rolle — wiederzusehen! Ihr Schi
2533 1869 3351 1936 sie nicht redet. Sie ist, als diese gequälte F
2527 1918 3352 1985 sen. In ihren Augen, in ihrem Gang, im
2535 1977 3361 2042 Abwehr der Hände — darin liegt, was
2522 2014 3358 2086 tung hat sagen wollen: daß die Verschme
2519 2063 3361 2158 niemals gelingt, daß wir imer, inuner, in
2595 2215 3355 2289 Nachdem also hiermit bewiesen ist, d.
2515 2264 3354 2339 nicht zu beschimpfen braucht, sobald sie
2519 2312 3358 2386 schränken, den reichen Ertrag ihrer schön
2511 2368 3352 2435 an die Annoncenleser des „Weltspiegels“: d
2512 2413 3353 2481 Stück“ bei ihnen „congenial wiedergegeber
2524 2470 3355 2542 schalter anonym und bescheiden einzustrei
2515 2506 3354 2584 Herrn Saltenburg auch der dritte Mißerfolg
2516 2563 3356 2624 zur Verzweillung. Die Muse Thalia hat
2515 2605 3350 2671 die Gabe gesenkt, für schlechte Operetten s
2511 2669 3351 2735 gen, daß nicht einmal seine Unfähigkeit, sie
2523 2702 3348 2771 ihre Anziehungskraft vermindert, Ihn ab
2524 2764 3351 2832 zu einem Mittelding zwischen Thalia und
2517 2817 3359 2882 gionen. Der Einwand wäre ihm zuzutrauen
2519 2862 3359 2931 ständen dankenswerter ist, Heinrich Lauten
2518 2913 3353 2966 Dioskuren Presber und Stein oder Neal u
2517 2968 3357 3028 Frehsee. Nur ist es nicht wahr. Einen harm
2517 3005 3353 3080 wiederzugeben, ist wenigstens eine geschäft
2509 3064 3361 3128 sündigung dagegen an einem Dichtergrab ###
2514 3107 3358 3172 ist es, zu einem „Hahnenkampf“ zu laden, na
2506 3147 3352 3226 Hähne bis zur Erbarmungslosigkeit versc
2499 3207 3355 3261 ihnen die Sporen abgetrennt, die Federn aus
2517 3253 3349 3345 stochen, die Schnäbel abgestumpft und die
