3392 4448
1387 144 1824 248 box 28/2
269 161 1223 266 24 Das weite-Land
954 657 1831 738 Aden der Tiere.f Ein eigenattiger und
685 723 1837 771 interessanter Vortrag findet Dienstag den 17. Oktober in der
690 777 1835 827 „Urania“ statt. Der Direktor des Zoologischen Gartens in
681 815 1834 879 Berlin, Professor Dr. Ludwig Heck, wird am Dienslag einen
681 859 1830 911 Vortrag über „Lebende Tierbilder von Nah und Fera“ halten,
688 904 1826 962 der in Berlin von sensationellem Erfolg begleitet gewesen ist.
686 943 1831 999 Professor Dr. Ludwig Heck bringt eine Reihe photographischer
695 984 1827 1048 Momentaufnahmen, außerdem aber auch kinematographische
694 1021 1840 1102 Aufnahmen aus dem Tierleben in der Absicht, den Kinemato¬
680 1077 1837 1138 graphen ganz systematisch wirklicher Belehrung dienstbar zu
686 1115 869 1169 machen.
680 1235 1820 1291 von Triebhaftem und Seelisch=Intelektuellem dichterisch
684 1276 1833 1322 lebend. In allen Figuren des Stückes aber spürt man
679 1329 1831 1367 die Zergliederung, die Analyse spürt den aufmerkenden
689 1372 1823 1429 Geist, der selbst in die Strömungen menschlichen Unter¬
679 1422 1821 1466 bewußtseins taucht. Und daraus holt der Dichter viel
689 1478 1821 1531 Tiefes, manches Seltsame hervor. Wie hie und da aus
683 1514 1827 1567 dem Meeresgrund groteske Ungeheuer gefischt werden,
689 1557 1815 1641 die uns märchenhafte Möglichkeiten ahnen lassen.
787 1677 1821 1749 Wie an die Zuhörer, so stellt dieses Stück
679 1747 1815 1801 auch an die Schauspieler höhere Forderungen. Der
676 1795 1817 1855 Begriff „Rolle“ ist diesmal hinfällig. Es gibt in
687 1837 1816 1909 dieser Tragikomödie nicht die übliche Rangsklassen=Ein¬
687 1894 1818 1948 teilung. Keinen Bonvivant, keine Sentimentale; keinen
677 1934 1817 1990 Bösewicht, keine Naive. In jeder Figur lebt ein Teil
680 1983 1827 2050 von älledem. Und so ist der Darsteller endlich wieder
676 2036 1823 2086 einmal gezwungen, aus dem Geleise des „Faches“ zu gleiten.
676 2077 1812 2142 Er muß alle Möglichkeiten, die in seiner Anlage liegen,
679 2136 1811 2194 heranziehen, nicht nur die ihm (seinem Wesen) kongenialsten
686 2176 1823 2220 herausputzen. Es gilt, ohne zu unterstreichen, ohne merkbare
689 2223 1811 2287 Absicht, das Ergebnis des „Einfühlens“ mit derselben
680 2273 1816 2333 zwingenden Notwendigkeit zu bringen, wie sie der Dichter
686 2327 1823 2373 erlebte. Das Burgtheater=Ensemble hat diesen Teil seiner
681 2367 1820 2420 Aufgabe gelöst. Korff bringt für den Friedrich Hof¬
684 2420 1808 2477 reiter als Grundqualität die Selbstverständlichkeit des
687 2465 1817 2523 sicher und unbekümmert im Leben stehenden Genuß= und
682 2517 1827 2592 Tatenmenschen mit sich. Die rasche, mühelose Natürlichkeit
676 2569 1819 2631 der Wiener Sprechart, der Wiener lässigen Geste; also
672 2614 1818 2683 die Außenseite, die technische Voraussetzung der Charakter¬
683 2663 1823 2714 zeichnung, sind mit Korffs Wesen identisch. Er
684 2714 1823 2757 wußte mit diesen Mitteln die abrupte Willensplötzlich¬
682 2763 1812 2822 keit, die rücksichtslose Unmittelbarkeit, mit welcher
672 2813 1810 2870 Hofreiter Gefühlswallungen in Handlungen wandelt
675 2846 1823 2917 vortrefflich zu versinnlichen. Das Geheimnis dieser Seele
672 2909 1823 2964 aber, die lauernde Tragik des sich altern Fühlenden, die
678 2951 1821 3012 Zwiespältigkeiten eines Erotikers, den die Keuschheit einer
679 3011 1816 3064 Frau abstoßt und in Flammen setzt, das „In sich hinein
683 3059 1809 3116 horchen" und „Sich selbst schauen“ kam überraschend
683 3102 1822 3142 verinnerlicht zum Ausdruck. Nur hätte man sich die
683 3144 1823 3205 Gestalt des Hofreiter um eine Nuance aufgehellter, lebens¬
686 3182 1823 3249 freudiger vorstellen können. „Gute Laune ist die Haupt¬
677 3223 1821 3316 sache auf Erden“, sagt er einmal. Und nach diesem Spruch
684 3293 1821 3362 war der egoistische Zuschnitt seines Daseins. Korff aber
666 3337 1813 3420 spielt gleich von Anfang an den Abwärtssteigenden. Inner¬
2217 630 2978 705 Temperkkaren sind besonders start in den
3109 671 3190 738 ere.
1847 677 2973 756 östlichen Gebieten Oesterreichs, wie Galizien und der Bukowina,
3003 703 3348 790 mussek. Dus
1859 726 2971 780 gefallen und stehen dort 0 bis 2 Grad unter dem Gestier¬
2991 765 3340 835 man hat im Deu
1845 766 2979 837 punkt, die Winde sind durchwegs schwach und östlicher Richtung.
2994 807 3349 893 lich, so ausgiebigg
1848 818 2983 885 Die Aoria ist meist ruhig. — Prognose: Heiter, schwacher
1845 856 2398 930 Frost, lebhafte östliche Winde.
3110 857 3350 933 (Carl=Th
3002 904 3333 964 Operette „Die
2993 949 3350 1015 gleiterscheinungen e
2199 937 2664 1026 Lebensschicksale.
3011 993 3327 1057 in Szene. Das
2135 1008 2688 1086 Von Peter Altenberg.
3005 1036 3343 1099 die Hauptdarsteller
1959 1050 2979 1133 Das Kind, das fünfjährige lebendige geliebte
3115 1082 3357 1148 (Theate
1848 1117 2979 1195 Püppchen hatte Scharlach. Man gab ihm seine vergötterten
2993 1117 3357 1191 „Schöner Hell
3012 1173 3347 1237 Fräulein Ilona H
3004 1220 3353 1278 Oper, eine Künstl
1846 1227 2981 1304 halb dieser Auffassung steht jedoch die Darstellung in
2995 1263 3356 1325 sieghafter, opernmä
1851 1266 2336 1340 geschlossener Einheit da.
3010 1307 3334 1365 gab die Titelrolle
3000 1352 3354 1410 Darstellung und ih
1935 1358 2969 1427 Gerade das Gegenspiel zu bringen, ist Fräulein
3008 1396 3357 1455 einen großen Erfol
1846 1403 2979 1472 Marbergs Aufgabe. Die Gina hat nur eine
3004 1434 3365 1496 Ovationen bei offen
1848 1448 2974 1527 Note. Die der keuschen Verschlossenheit. Man konnte hier
2994 1483 3362 1539 Willi Bauer, de
1842 1503 2979 1578 leicht der Gefahr weinerlicher Monotonie erliegen. Fräu¬
3006 1525 3350 1577 aufweist. Im übti
1851 1553 2970 1622 lein Marbergs künstlerischer Instinkt ließ sie die
3006 1568 3363 1627 außerordentliche, zw
1846 1600 2983 1659 richtige Nuance erraten, welche die Tugend einer schönen.
2998 1612 3370 1671 Pallenberg.
1855 1644 2975 1724 Frau interessant zu färben vermag. Sie ließ den Zu¬
3006 1651 3361 1720 Hauptdarstelleen stü
3006 1698 3174 1772 spenden.
1847 1696 2972 1752 schauer ahnen, daß immerhin in die Umfriedung ihres
3123 1721 3362 1809 — Eröffn
1838 1738 2970 1813 stillen Seelenwinkels das Abentener einbrechen könnte.
2997 1793 3368 1856 verein. Diensta
1840 1800 2967 1856 Dem Abenteuer öffnet Erna, das moderne Mädel,
2995 1837 3360 1900 findet das Eröffnung
1838 1856 2975 1920 mit heißen Sinnen ihre Tür. Fräulein Hofteufel
2994 1881 3364 1945 statt. Das Haus ist
1834 1890 2974 1951 gestaltete die ganz Reise, ganz Wissende, aber auch die
2998 1926 3347 1985 Pflichtsitzen, die zu
1842 1946 2972 2013 ganz Wahre, Entschlossene, die ihr Schicksal auf sich zu
2990 1966 3359 2032 Konzertkasse (1. Bezi
1828 1996 2977 2052 nehmen weiß, mit feinstem Takt. Sie ist unbekümmert
2987 2016 3369 2072 werden. Die Karte
1833 2049 2973 2097 ohne burschikos zu sein; leidenschaftlich mit Anmut,
2994 2050 3367 2122 abends an der Aben
1831 2089 2972 2153 intellektuell eigenartig, ohne Snob=Allüre. Sehr warm und
1842 2144 2975 2197 eindringlich brachte Herr Devrient als Aigner das
1839 2199 2975 2255 „Weite Land“=Motiv. Und Herr Heine wußte aus
1840 2242 2973 2317 Natter einen unvergeßlichen Typus mit wenigen Strichen
3105 2156 3361 2340 Oester
1842 2293 2973 2342 zu schaffen. Wäre Schauspielkunst nicht vergänglich, so
1848 2343 2974 2412 hliebe diese lapidar gezeichnete tückische Verquollenheit
3204 2315 3361 2406 S
1847 2383 2979 2460 lebendig, gleich einem Charakterbild Daumiers. Für
1846 2429 2717 2496 alles Uebrige standen die besten Namen ein.
3098 2467 3372 2564 Der Stand d
1942 2512 2975 2581 So müßte man meinen, endlich einmal von einer
2990 2524 3378 2628 zifferte sich am 15.
1837 2565 2971 2615 wirklichen Burgtheateraufführung sprechen zu lönnen.
1832 2611 2968 2665 Doch genügt dazu nicht allein, daß die Darsteller ihre
2995 2617 3396 2704 Banknotenuml
1839 2666 2961 2724 Rollen beherrschen. Der Rhythmus des Geschehens muß
2993 2679 3367 2758 Metallschatz
1833 2713 2961 2765 vor allem auch im Szenentempo zum Ausdruck gelangen.
2994 2729 3346 2812 Portefeuille
1842 2755 2970 2803 Der rasch schillernde, gleitende Empfindungswechsel der
2983 2777 3190 2838 Lombard
1833 2810 2962 2853 Gefühle, der Erlebnisse, ist doch das Charakteristikum der
2995 2812 3398 2915 Sofort fällige Ver
1834 2859 2969 2927 Schnitzlerschen Tragikomödie. Aber Ibsen¬
3026 2871 3232 2951 lichkeiten
1834 2899 2960 2957 Schwere lastete auf der Szene. Jener bereits halbver¬
2980 2909 3369 2987 Vom Banknotenm
1842 2956 2968 3008 gessene Ibsen=Stil, der die einfachsten Handlungen des
3030 2970 3395 3059 sind steuerpflichtig
1837 3011 2962 3067 Daseins, wie Kaffeetrinken, Lampen= und Zigarren¬
1839 3066 2961 3116 anzünden, Briefe lesen, Vorhänge herablassen, guten Tag
2982 3054 3360 3157 Besserung der
1835 3098 2959 3144 und Adieu sagen, zu unendlich geheimnisvollen Pausen
1840 3148 2976 3215 der atemanhaltenden Zeit dehnt. Es bedurfte der ganzen
1849 3190 2965 3250 innerlichen Nervigkeit der Tichtung, um trotz dieser Regie¬
3095 3192 3378 3270 Der Bericht
1850 3238 2961 3299 hemmung sieghaft zu bleiben. Das Stück übte tiefe
2978 3243 3389 3320 vorjährigen Ergebnif
1847 3287 2134 3358 Wirkung aus.
2983 3302 3391 3372 daß der finanzielle
2753 3340 2921 3419 B. Z.
2918 3355 3397 3435 günstiger als i
