3296 4320
1276 117 1698 204 box 2971
1011 119 1084 191 1
163 138 1132 227 24. Das Geite-Land
1619 1058 1672 1120 —
307 1070 1577 1128 ii —.. —— —, seungestschen elebendberte .. —
1617 1089 2884 1162 sind, daß die Dampfschiffe nicht heraufkommen können, dann
312 1113 1585 1177 gungsklausel hineinzunehmen. Und an der Meistbegün¬
1610 1147 2886 1204 geht's mit der Kette, und das möchte ich besonders den Ungarn
301 1156 1593 1215 stigungsklausel scheitern heute alle unsere
1603 1188 2879 1237 empfehlen, wenn sie sagen, am Eisernen Tore sei der Strom zu
304 1205 1587 1264 Bestrebungen. Denn sobald wir anderen Staaten etwas
1608 1232 2884 1274 reißend; mit der Kette werden sie ihn überwinden. Nun kommt
299 1247 1585 1317 zukommen lassen wollen, steht die Meistbegünstigungsklausel vor
1613 1271 2889 1321 die obere Donau, und da muß ich Ihnen mein Kompliment
300 1287 1580 1343 uns. Diese ist einfach nicht zu beseitigen; allenfalls durch Kata¬
1612 1300 2888 1358 machen für die großzügige Auffassung, die Sie heute geäußert
304 1346 1587 1413 strophen, die wir gewiß nicht wünschen. Was bleibt also übrig,
1612 1347 2889 1401 haben. Wenn da gesagt worden ist, es sei den Regensburgern
1610 1381 2873 1439 ja recht, wenn man nicht weiter heraufkommt, so habe ich ge¬
297 1379 1590 1448 als sich darein zu finden? Da wurde mit Recht auf die
1614 1421 2880 1480 hört, daß die Regensburger bereit sind, sogar eigene Schlepper
295 1422 1578 1496 Schiffahrt auf den uns mit den Nachbarstaaten verbinden¬
1626 1478 2876 1534 zu stellen. damit man durch die Brücke hindurchkommt. Mehr
305 1473 1578 1550 den Flüssen hingewiesen und zwar speziell auf die Donau. Die
1404 1481 1645 1554 mm nsmmam
1611 1546 2881 1600 wie dort entscheidet der Erfolg, ob das Richtige getroffen wurde.
291 1551 1573 1605 Wenn sie ein paar Wochen nicht bei einander sind, wird das un¬
1608 1588 2881 1639 Im weiten Land hat Schnitzler den Erfolg nicht für sich. Die
304 1590 1581 1653 bequeme Gefühl sich verflüchtigen. Er geht auch ins Gebirge
1613 1624 2879 1676 stärkste Wirkung tut die nach der alten Weise gebrachte Szene, in
297 1629 1580 1694 und benutzt die Zeit das Mädchen zu verführen, das sein bester
1603 1644 2885 1717 der Hofreiter den Fähnrich brüskiert und die Forderung er¬
297 1665 1583 1733 Freund, der Dr. Mauer, heiraten möchte. Schwer macht ihm
1607 1691 2890 1767 zwingt. Die ewigen handlungsarmen Gespräche aber ermüden
301 1712 1587 1765 Erna Wahl die Sache nicht: sie wirft sich ihm an den Hals in
1598 1740 2884 1799 und verwirren das Publikum. Das würde noch deutlicher
310 1752 1587 1809 einer Art, für die die einzig mögliche Erklärung sexuelle
1602 1766 2887 1840 zur Geltung kommen, wenn Schnitzler das Werk ganz
292 1788 1578 1854 Neurose heißt. Aber auch Genia ist von dem Milieu,
1609 1833 2885 1883 tragisch gestaltet hätte. So, wie das Stück jetzt gebaut ist,
299 1847 1588 1892 in dem sie lebte, schließlich angesteckt worden. Die bru¬
1611 1860 2897 1933 nimmt das Publikum die ernsten Szenen um der komischen
293 1869 1576 1924 tale Art, in der ihr Mann ihr den Grund seiner Reise mitteilte,
1600 1902 2889 1960 willen mit in den Kauf, in denen weltmännischer Witz und
296 1913 1585 1972 hat ihre Seele aus den Angeln gehoben. Genia hat sich ent¬
1603 1938 2879 1999 Zynismus ihr ungeniertes Wesen treiben. An ihnen findet man
302 1948 1581 2011 schlossen, Gleiches mit Gleichem zu vergelten. Sie hat sich zum
1605 1981 2890 2046 sein Vergnügen und übersieht dabei, daß die ganzen ersten
298 1988 1593 2068 Geliebten einen jungen Schiffs=Fähnrich genommen, den Sohn
1608 2020 2893 2080 beiden Akte zu einer Exposition gebraucht werden, die noch dazu
304 2034 1583 2087 einer älteren Freundin, der ihr bislang ebenso gleichgültig war,
1599 2066 2885 2126 wesentliches im Unklaren läßt, daß der dritte Akt großenteils
302 2077 1578 2129 wie sie ihm. Als Hofrichter von der Reise zurückkommt, entdeckt
1613 2117 2880 2158 aus Szenen besteht, die mit der Sache gar nichts zu tun haben,
290 2109 1576 2184 er das Verhältnis. Er merkt auch, daß die Leute davon wissen.
1602 2142 2875 2199 und daß das eigentliche Drama erst mit dem vierten Akt ein¬
304 2153 1581 2216 So brüskiert er den jungen Menschen und es kommt zum Duell.
1607 2181 2892 2242 setzt. Wenn man bedenkt, wie zielbewußt Ibsen in seinen
297 2191 1586 2257 Hofrichter erschießt seinen Gegner. Genia sagt sich von ihm los.
1607 2221 2892 2289 Dramen klaren Kurs steuert, so will uns Schnitzlers Dramatik
300 2232 1586 2301 Er stellt sich dem Gericht und will nach verbüßter Strafe ins
1608 2274 2619 2332 in ihrem Zickzack=Kurs doppelt unsicher erscheinen.
291 2285 644 2359 Ausland gehen.
1686 2286 2885 2358 Aber vielleicht ist auch das Absicht. Schnitzlers Menschen
378 2298 1581 2367 Das ist die Haupthandlung des Stückes, um die ein üppiges
1610 2344 2889 2397 gehen keine bestimmten Wege, sie werden durcheinander getrie¬
296 2358 1584 2415 Rankenwerk von Nebenhandlungen sich zieht, so üppig, daß es
1610 2381 2890 2435 ben, wie ein Häufchen Federn, das von jedem Luftzug sinnlos
300 2389 1579 2452 dem Zuschauer selbst gestern erschwerte, der Haupthandlung zu
1609 2427 2885 2476 durcheinander gewirbelt wird. Vielleicht entspricht das der
302 2431 1578 2491 folgen, wo doch die Schere des Regisseurs die Ranken gründlich
1609 2462 2885 2520 Welt=Anschauung Schnitzlers. Vielleicht sieht er im Tun der
295 2473 1575 2527 verschnitten, zum Teil ganz herausgeschnitten hatte. Dieses
1610 2506 2892 2565 Menschen nur den Ausfluß sinnloser Triebe, im Leben nur ein
296 2509 1585 2583 Ueberwuchern des Beiwerks ist undramatisch, ist episch. Und
1607 2545 2886 2611 zweckloses Spiel des Zufalls. Dann hätte er durch sein Stück
301 2553 1581 2611 episch ist die ganze Art, wie Schnitzler seine Tragikomödie auf¬
1615 2571 2892 2638 bewiesen daß sich auf dieser Weltanschauung kein Drama auf¬
307 2593 1577 2662 gebaut hat. So sehr episch, daß man das Gefühl hat: hier sind
1606 2622 2878 2679 bauen läßt. Natürlich kann niemand einen Dichter zwingen,
311 2623 1584 2695 aus einem ursprünglich als Roman gedachten Werke fünf Kapitel
1607 2668 2889 2728 an eine Vorsehung und ewige Weisheit zu glauben, die ihre
298 2681 1584 2740 dialogisiert und so als Drama auf die Bühne gebracht worden.
1614 2706 2880 2760 Geschöpfe lenkt und ihnen ins Innerste sieh', durch alle Hüllen
299 2703 1578 2764 Das Wunderliche dabei aber ist, daß in diesem Drama die Hand¬
1603 2748 2885 2800 und Verkleidungen hindurch sieht, was die Seelen dieser Ge¬
307 2755 1577 2825 lung zumeist hinter der Szene geschieht und auf der Szene nur
1610 2787 2898 2843 schöpfe denken und empfinden. Aber wenn der Dichter nicht
301 2804 1589 2865 nachträglich kommentiert wird. Hinter der Szene spielt sich ab
1620 2815 2880 2883 selbst sich als Weltschöpfer fühlt, wenn er nicht, erhaben über
299 2834 1588 2891 das Werben Korsokows um Genia und sein Selbstmord. Hinter
1609 2867 2885 2926 den Zufall, seine Geschöpfe lenkt und ihre Gedanken und Ge¬
301 2863 1581 2926 der Szene wirbt und gewinnt Hofreiter Erna. Hinter der Szene
1629 2909 1685 2936 2r
1614 2901 2884 2958 fühle bloßlegt, dann kann er uns so wenig fesseln, wie ein
307 2899 1590 2967 lockt Genia den Fähnrich an sich und gibt sich ihm hin. Hinter
1619 2935 2889 3001 Würfelspieler, der ohne Partner für sich allein die Würfel immer
301 2945 1587 3012 der Szene findet das Duell statt Ja selbst die Begegnung der
1604 2975 2893 3046 wieder aus dem Becher rollen läßt. Möglich, daß eine andre
303 2986 1583 3056 Mutter des Erschossenen mit Hofrichter, die stark dramatisch wir¬
1616 3018 2883 3083 Zeit anders empfindet: wir verlangen heute vom Drama noch,
303 3033 1582 3098 ken könnte, läuft auf der Bühne stumpf und wirkungslos aus.
1603 3054 2888 3125 daß es sinnvoll sei. Fünf Akte voll Zufälligkeiten lassen uns
306 3086 1579 3133 Erst nach ihrem letzten Abgang erfährt die unglückliche Frau
1609 3112 2604 3179 zum mindesten kalt, wenn sie uns nicht ermüden.
302 3115 1588 3186 hinter der Szene, daß ihr Sohn tot ist und wer ihn erschossen
1685 3139 2891 3206 Dr. Hagemann hatte das Stück vortrefflich inszeniert.
307 3174 430 3232 hat.
1610 3181 2886 3245 Die Dekorationen waren sehr hübsch. Nur die drahtgesteifte
389 3177 1592 3251 Natürlich ist das bei Schnitzler nicht Hilflosigkeit, sondern
1614 3229 2883 3284 Fahne im Hofreiterschen Garten wirkte recht theatermäßig in
298 3233 1588 3303 Absicht, nicht Unkenntnis der bestehenden Dramaturgie, sondern
1614 3271 2890 3325 dem lebensfrischen Bild. Der Dialog war auf den intimen
314 3275 1587 3339 Versuch, eine neue Dramasurgie zu schaffen, eine Dramaturgie,
1617 3306 2883 3363 Charakter des Stückes diskret abgestimmt, teilweise sogar zu
304 3317 1593 3380 in der das Milien Hauptsache und die einzelne Handlung Neben¬
1612 3336 2882 3404 diskret, so daß man ihn im Hause nicht verstehen konnte. Bei
309 3358 1588 3420 sache ist, in der das Tun der Menschen nicht gezeigt, sondern
1616 3380 2888 3456 den unglücklichen akustischen Verhältnissen des Schauspiel¬
304 3394 1583 3454 durch ihre Reden dem Hörer nahe gebracht werden soll. Solche
1599 3424 2872 3495 hauses muß der Ton durchweg lauter genommen werden,
298 3443 1583 3505 Versuche darf man dem Dichter von vornherein ebenso wenig
311 3459 2898 3556 verwehren, wie dem Chemiker seine Experimente. Aber hier als in Theatern, wo man gut hört. Die schönste Inszenierung
2897 1081 3237 1162 Grunewald, Clon
2965 1126 3228 1180 Römerhof
2900 1156 3217 1213 (Evans) 2. Ria
2895 1172 3238 1253 liefen: Palme, A
2909 1232 3048 1298 Kronds
2902 1546 3248 1607 hat ihren Zwe
2903 1543 3242 1686 M lane
2911 1655 3247 1716 giert worden, b##
2910 1708 3237 1762 während des —
2910 1747 3179 1802 angebrachten
2912 1787 3098 1849 richter di
2903 1829 2999 1877 stan
2910 1871 2977 1915 wie
2905 1965 2960 2035 E
2895 2022 2944 2081 6
2905 3079 2970 3130 E
2911 3116 2965 3168 Iu
2972 3198 3098 3299 rahm
2926 3261 3234 3336 dig. Der Reiz
2908 3314 3222 3376 tragen haben.
2902 3346 3246 3412 lich werden: das
2908 3388 3242 3461 matischer Kraft.
