3392 4320
290 136 1244 243 24. Das veite Land
157 989 424 1054 alls stark an¬
426 1011 1469 1089 überragende Leistung war Zäpfels „Bettler". Als eine
158 1043 414 1100 Pand“, von
436 1049 1467 1128 Tat, als ein Zeichen erwachender künstlerischer Initiative
167 1081 416 1135 ngehen, wenn
428 1093 1482 1166 ist dagegen die Erstaufführung von Albrecht Schäf¬
161 1121 420 1179 damals in der
425 1128 1467 1204 fers vieraktigem Lustspiel „Der Gefällige", frei
169 1161 417 1212 fad und ab¬
422 1180 1468 1236 nach Diderots „Est-il bon, est-il méchant?“ zu werten,
176 1197 417 1252 über einige
420 1208 1460 1286 das mit starkem Beifall von einem von der ersten bis
152 1238 413 1294 nd wir diese
422 1255 1462 1313 zur letzten Szene fröhlich angeregten Publikum aufge¬
151 1276 405 1332 nur noch ver¬
428 1296 1464 1362 nommen wurde. Die von Diderot ursprünglich für ein
159 1315 409 1367 gebracht wer¬
426 1327 1460 1392 Liebhabertheater geschriebene Komödie, in deren Mittel¬
156 1356 415 1408 trotzdem jeder
424 1368 1457 1445 punkt der Allerweltshelfer Hardouin steht, der durch die
216 1394 395 1448 Natürlich
411 1410 1457 1484 Skrupellosigkeit seiner vor den tollsten Schwindelaktionen
155 1427 399 1489 oße Nothelfer
420 1446 1450 1520 nicht zurückschreckenden Mittel Stürme der Entrüstung
160 1467 402 1527 er Zeit wäre,
410 1482 1449 1565 erregt und schließlich doch von den Betroffenen als
161 1507 416 1564 grad heraus¬
416 1521 1446 1593 Retter in der Not begrüßt und freigesprochen wird, ist
148 1561 1452 1640 und seelenlose von Albrecht Schäffer zu einer menschlich interessieren¬
143 1591 405 1649 selierung von
402 1604 1446 1679 den und ergreifenden echten Komödie erweitert und ver¬
150 1628 398 1686 haben. Auch
413 1638 1443 1717 tieft worden, die sich, ein dichterisches Kunstwerk, weit
152 1676 1446 1769 von seinem über das Niveau eines brauchbaren Repertoirestücks er¬
143 1707 1447 1787 Rudolf Revy, hebt. Es ist eine komische Dichtung, die mit Tages¬
144 1757 1433 1838 aß in dieser geschmack und Meinung nichts zu tun hat, und deshalb
145 1789 386 1849 gen ist, der
397 1803 1431 1876 eine wirklich dauernde Bereicherung unsres Repertoires
138 1831 379 1887 haus bleiben¬
399 1837 1436 1901 bedeutet. Man spürt überall die Hand eines Dichters,
158 1871 388 1922 t von Bana¬
1181 1896 1215 1917 —
400 1870 1436 1950 in der Gestaltung der Charaktere, in der Führung des
145 1908 1428 1992 her Gesagtes Dialogs, in der Fülle hübscher und geistvoller Einfälle.
153 1955 1431 2030 sich mit sol= Der Held, der Mann zwischen gut und böse, ist ein
147 1992 1427 2065 Bühne ver= Mensch zum Küssen, und die Schlußwendung, das Ge¬
141 2025 381 2084 ist schließlich
385 2032 1427 2108 richt, das alle Betroffenen über all seine Gefälligkeiten
155 2082 1431 2150 ein andres halten und aus dem er freigesprochen und belohnt her¬
156 2110 376 2166 nicht kostü¬
389 2115 1425 2193 vorgeht, ist eine der hübschesten und lustigsten Lösungen
140 2145 375 2201 inmal seinen
394 2156 1422 2225 eines komischen Konfliktes, die mir in der Komödien¬
137 2186 378 2246 Bridgeworth,
393 2187 1429 2277 literatur vorgekommen ist, und so hat das Werk denn
139 2230 369 2282 Bischof. Im
387 2226 1422 2310 noch den erfolgsichernden Vorzug, daß der letzte Akt der
131 2260 372 2324 ganzen eng¬
393 2265 1420 2361 beste ist. Die Aufführung im Residenztheater, von Hans
131 2303 366 2374 de zu machen.
387 2306 1410 2388 Georg Denniger inszeniert, stand trotz guter Einzel¬
377 2352 1417 2426 leistungen und Momente nicht ganz auf der Höhe der
125 2348 366 2418 icht mit den
381 2380 1414 2482 Aufgabe. Tempo und Rhythmus ließen noch mancherkei
120 2401 367 2462 Hpfen, waren
386 2426 1412 2512 zu wünschen übrig. Aber im ganzen war es auch für
131 2447 362 2503 nHauptdar¬
376 2464 987 2539 Regie und Darsteller ein Erfolg.
120 2488 379 2543 ng behindert.
130 2525 387 2591 einstudierung
843 2515 1399 2607 Berthold Litzmann,“
116 2568 360 2623 er Titelrolle
144 2610 357 2667 großer
132 2654 370 2712 Pape. Auc
127 2688 357 2748 nnsthals Be
120 2734 355 2793 standen sei
115 2777 349 2834 steriums
129 2818 346 2874 Darstellun
120 2857 356 2931 nd eine gan
1414 173 1852 259 box 29/5
1805 1157 2641 1242 Tägliche Rundschau, Berlin
2049 1341 2456 1442 2 c. Mai 1926
2047 1507 2742 1625 Münchener Theaterbrief.
1842 1574 2993 1693 Die letzten Wochen standen unter dem Zeichen der Ausgrabung
1779 1619 2990 1734 irgendwelcher alter Theaterstücke, die schon längst ihre Feuer¬
1772 1665 2971 1782 probe bestanden haben. Eine Ausnahme machte da die Erst¬
1773 1724 2978 1835 aufführung des „Gefälligen“ von Albrecht Schaeffer, die im
1755 1769 2974 1888 Münchener Residenztheater vor sich ging. Denn dieses Lustspiel
1748 1811 2966 1931 ist vom Autor frei nach Diderot geschaffen und daher zu
1757 1858 2966 2001 einem Teile wenigstens etwas Neues und Eigenes. Es ist
1746 1894 2952 2021 Schaeffer gelungen, dem stets unterhaltsamen und nie lang¬
1749 1961 2962 2089 weiligen Franzosen einen Theatermaniel umzuhängen, in welchem
1733 2017 2957 2132 er auch auf den Brettern der Neuzeit sich sehen lassen kann¬
1745 2046 2938 2180 Nach dem schönen Erfolge, den die Münchener Aufführung bedeu¬
1728 2105 2953 2224 tet, ist es zweifellos, daß das Stück noch ba und dort auftauchen
1739 2147 2765 2252 wird, um wohl überall gut aufgenommen zu werden.
1809 2203 2945 2332 Redliches Bemühen sprach auch aus der Wiedereinstellung
1734 2247 2939 2375 „Timon von Athens“ in den Spielplan des Prinzregenten¬
1716 2289 2936 2410 theaters. Gute Bühnenbilder, auch guter Wille des Schauspiel¬
1721 2336 2932 2459 ensembles, wenn auch das Ziel gewiß nicht überall erreicht wurde.
1715 2374 2923 2498 Am meisten zu beanstanden war und ist die Bearbeitung Hans
1720 2415 2923 2536 Oldens, die gerade die am weitesten und kühnsten ausgreifenden
1715 2456 2918 2580 Linien des Shakespeareschen Schauspieles verwischt und in ihrer
1718 2499 2448 2599 herben Wucht zu brechen bestrebt ist.
1783 2550 2903 2667 Auch das Schauspielhaus versuchte Altes neu zu beleben,
1696 2600 2906 2731 hatte da aber in der Auswahl eine weniger glückliche Hand als
1691 2649 2911 2767 das Staatstheater. Der äußere Erfolg blieb bereits dem „Weiten
1693 2683 2911 2811 Land“ Artbur Schnitzlers versagt. Die Tragikomödie konnten
1693 2723 2897 2861 die große Kluft der Jähre# 1918 nicht mehr überspringen,
1687 2772 2893 2898 blieb blaß, blut= und leblos. Sternheims neuaufgebügelte „Hose“,
1685 2812 2887 2943 befand sich schon bei der zweiten Aufführung einem so ziemlich
1686 2866 2896 2988 leeren Hause gegenüber. Es tat einem das wegen der Schau¬
1686 2903 2881 3026 spieler leid. Ganz Vorzügliches leistete da Hans Leibelt als
1678 2935 2886 3092 Beamter Theobald Maske, ebenso waren fast alle seine Mit¬
1674 2990 2009 3057 spieler zu loben.
1749 3039 2874 3167 Die Münchener Kammerspiele brachten in der Inszenierung
1659 3065 2856 3202 Otto Falckenbergs „Das Grabmal des unbekannten Soldaten“
1669 3135 2872 3255 von Raynal. Das Schauspiel ergriff und hatte Erfolg. Dort,
1666 3169 2863 3303 wo von den Tapferen hinter der Front die Rede war, setzte
1667 3214 2869 3351 starker Beifall bei offener Szene ein, Gespielt wurde sehr gut,
1662 3261 2868 3388 vor allem ist da Hans Schweikarts Soldat zu nennen. Die Dar¬
1654 3294 2831 3431 steller und Falckenberg als Spielleiter wurden oft gerufen. R.
2841 4117 3059 4196 —
