3436 4352
682 214 741 269 W0
257 199 1218 305 24. Das
1374 222 1834 304 box 29/2
2101 172 2216 224 S
2050 223 3053 264 bleibt. Die Kennzeichen, die Poesie der Wiener
2053 274 3057 330 stadt, sie haben in Schnitzler ihren Dichter ge
2056 307 3063 370 sunden. Und auch ein femininer Zug findet sich in
2042 358 3063 408 ihnen. Des Menschen Schicksal spinnen Frauen
2043 411 3070 462 hände, aus ihnen empfängt er Wonne und Lust
2042 464 3067 519 Glück und Wehe, Tod und Leben. Auch Friedria
2041 507 3066 569 Hofreiter sind die Frauen alles. Er und di
2037 553 3054 613 meisten Personen des Stückes liebeln, ihnen hilf
2039 604 3058 666 ihre Außerlichkeit über des Lebens Tragik hinweg
2050 654 3059 701 Ihnen genügt die Komödie. Die anderen aber
2038 699 3063 761 die stillen, ernsten Genies und Dr. Mauer, die
2037 745 3059 808 sich nach echter Liebe sehnen, denen ein Verschmelzer
2046 806 3068 861 von Seele zu Seele ein Bedürfnis ihres garten
2044 847 3072 903 Herzens ist, die fühlen des Lebens Tragik und
2046 896 3074 946 Schmerz. Ihnen kommt es zum Bewußtsein, daß
2047 943 3075 1005 dieses Sehnen nie gestillt werden kann. Sie sind
2046 992 3074 1045 sich ihrer Einsamkeit bewußt und auch der Aus¬
2043 1044 3081 1098 sichtslosigkeit jeden Kampfes. Glücklich sind nur
2040 1088 3080 1167 die Seichten, die Flachen, deren Seele keine Be¬
2044 1138 2380 1200 dürfnisse kennt.
2114 1172 3072 1243 Die Aufführung ist diesem schwierigen Werke,
2037 1239 3080 1296 das eine so dürftige äußere Handlung enthält,
2042 1292 3083 1349 vollkommen gerecht geworden. Herr Schramm hatte
2038 1326 3080 1391 daran ein doppeltes Verdienst, als Regisseur uund
2043 1393 3069 1443 als Darsteller. Die gesellschaftlichen Szenen, das
2042 1428 3079 1498 buntbewegte Leben in der Halle des Hotelk, alles
2044 1480 3072 1543 klappte vorzüglich. Aber welche Arbeit, welch große
2038 1524 3071 1590 Geduld welcher Fleiß und Hingebung waren dazu
2030 1575 3079 1642 notwendig. Als Darsteller bot Herr Schramm im
2028 1627 3066 1695 Fabrikanten Hofreiter eine meisterhafte, ausge¬
2025 1678 3080 1742 zeichnete Leistung. Außerst glücklich gelang ihm
2039 1727 3071 1793 auch der Dialekt. Sehr überrascht hat Fräulein
2042 1777 3072 1839 Wolff als Genia. In ihren bisherigen Rollen hat
2032 1822 3064 1884 sie stets ernstes Streben und eifriges Studium
2038 1873 3078 1919 bekundet und, unterstützt von ihren reichen äußeren
2039 1918 3074 1980 Mitteln, auch schöne Erfolge erzielt. Es waren aber
2040 1972 3073 2037 meistens einander ähnliche Frauencharabtere. Als
2034 2017 3081 2099 Genia wurde sie nun vor eine neue große Auf¬
2033 2060 3070 2136 gabe gewiesen, die sie venständnisvollst in einer
2029 2120 3069 2177 Weise löste, die volles Lob umd alle Anerkennung
2029 2161 3091 2218 verdient. Sie traf Ton und Miene der schmerz¬
2036 2219 3056 2272 gequälten, einsamen Frau und wirkte durch ver¬
2036 2262 3069 2327 tiefte Auffassung und Befeelung. Fräulein Brion
2041 2316 3073 2361 stellte, wie nicht anders zu erwarten war, die
2038 2359 3060 2428 Erna ungemein gewinnend und sympathisch dar.
2038 2414 3066 2480 Sie war ein kluges, tapferes Mädchen, das man
2028 2471 3061 2524 liebgewinnen mußte. Ihr war es in ihrem Ver¬
2032 2503 3075 2574 kältnisse zu Hofreiter wirklich um die Erfüllung
2040 2559 3073 2630 eines Herzensbedürfnisses zu tun. Das bewies ihr
2032 2600 3058 2671 ruhiges, entschlossenes Auftreten in der Schluß¬
2044 2652 3065 2714 zene, frei von Aufdringlichkeit, nur dem Zuge
2044 2706 3050 2755 ihres Herzens folgend, das bewies auch ihr Ver¬
2037 2742 3059 2811 halten in der vorhergehenden Szene mit Genia.
2032 2797 3061 2866 Welch liebevolle Sorge und Angst sprach aus ihren
2032 2851 3050 2908 beklommenen Worten, prägte sich in einem leisen
2024 2891 3058 2976 Zittern, in Gang. Miene und Haltung aus. Sehr
2037 2944 3060 2995 glücklich hatte Herr Baumgarth den Dr. Mauer¬
2039 2992 3048 3059 angelegt, einen Charakter, der in seiner fast kind¬
2039 3044 3075 3117 Lchen Schlichtheit als der einzige Aufrechte seine
2046 3117 3082 3198 Wege geht. Nur die Kleidung war etwas unge¬
2053 3169 3072 3236 schickt gewählt. Sehr schwer und ernst gab Herr
2055 3207 3069 3287 Reisegger den Fähnrich v. Aigner. Diesem ernsten
2052 3262 3078 3342 jungen Manne konnte es gelingen, die Liebe der
2051 3312 3068 3381 sinnigen Genia zu erringen. Ein sehr kühler, vor¬
2048 3365 3078 3430 nehmer Weltmann war Herr Roché als Dr. v.
2050 3402 3085 3477 Aigner, der seine innerliche Vereinsamung stets
2042 3449 3066 3526 mit dieser Maske zu decken wußte. Frau Normanns
2042 3512 3082 3576 „Luderchen“ Ada verbreitete eine Atmosphäre von
2034 3549 3072 3617 Leichtfertigkeit und Sinnlichkeit um sich. Gut war
2029 3603 3074 3684 Herr Ernesti als Bankier Natter. Vorzüglich war
2040 3652 3072 3725 Fräulein May in ihrer aufdringlichen Taktlosig¬
2028 3700 3072 3768 keit und amüsanten Angstlichkeit. Herr Krois hatte
2033 3736 3062 3822 als Schriftsteller Rhon eine sehr gelungene Maske
2039 3792 3066 3873 und brachte seine an sich kleine Rolle durch präch¬
2038 3843 3072 3920 tige Komik zu bester Wirkung. Komisch waren auch
2039 3884 3069 3978 Herr Gieblhauser als Tennisblödian, Herr Capell
2027 3949 3055 4008 als Serknitz und Herr Spiegl als Portier. Der¬
2036 3989 3018 4056 Beifall war reichlich, der Besuch schwach. H. L.
