<?xml version="1.0" encoding="UTF-8" standalone="yes"?>
<PcGts xmlns="http://schema.primaresearch.org/PAGE/gts/pagecontent/2013-07-15" xmlns:xsi="http://www.w3.org/2001/XMLSchema-instance" xsi:schemaLocation="http://schema.primaresearch.org/PAGE/gts/pagecontent/2013-07-15 http://schema.primaresearch.org/PAGE/gts/pagecontent/2013-07-15/pagecontent.xsd">
    <Metadata>
        <Creator>prov=University of Rostock/Institute of Mathematics/CITlab/Gundram Leifert/gundram.leifert@uni-rostock.de:name=ONB_Newseye_GT_M1+(htr_id=10810)::::v=2.4.2
prov=University of Rostock/Institute of Mathematics/CITlab/Tobias Gruening/tobias.gruening@uni-rostock.de:name=de.uros.citlab.module.baseline2polygon.B2PSeamMultiOriented:v=2.4.2
prov=University of Rostock/Institute of Mathematics/CITlab/Tobias Gruening/tobias.gruening@uni-rostock.de:name=/mnt/transkribus/LA/DEA/URO/LA_news_onb_att.pb:de.uros.citlab.segmentation.CITlab_LA_ML:v=2.4.2
Transkribus</Creator>
        <Created>2019-10-07T11:15:51.407+02:00</Created>
        <LastChange>2019-10-08T07:16:01.378+02:00</LastChange>
        <TranskribusMetadata docId="223964" pageId="9498457" pageNr="777" tsid="16505869" status="IN_PROGRESS" userId="40391" imgUrl="https://files.transkribus.eu/Get?id=NZHVJVCZXLRTAAEKRUIPYYBI&amp;fileType=view" xmlUrl="https://files.transkribus.eu/Get?id=FAFLOZZUMXTVAMOQSVFVEUAY" imageId="6188679"/>
    </Metadata>
    <Page imageFilename="223964_0777.jpeg" imageWidth="3436" imageHeight="4256">
        <ReadingOrder>
            <OrderedGroup id="ro_1711442074447" caption="Regions reading order">
                <RegionRefIndexed index="0" regionRef="r1"/>
                <RegionRefIndexed index="1" regionRef="r2"/>
            </OrderedGroup>
        </ReadingOrder>
        <TextRegion orientation="0.0" id="r1" custom="readingOrder {index:0;}">
            <Coords points="310,91 310,3406 1856,3406 1856,91"/>
            <TextLine id="r1l1" custom="readingOrder {index:0;}">
                <Coords points="302,140 482,123 607,170 1246,179 1250,104 1056,82 1001,111 826,72 706,101 543,70 484,108 414,70 304,87"/>
                <Baseline points="310,115 356,120 403,126 449,130 496,134 542,137 589,141 635,144 682,146 728,149 775,151 821,153 868,154 914,155 961,156 1007,157 1054,158 1100,158 1147,158 1193,159 1240,159"/>
                <TextEquiv>
                    <Unicode>24. Das weite Land</Unicode>
                </TextEquiv>
            </TextLine>
            <TextLine id="r1l2" custom="readingOrder {index:1;}">
                <Coords points="1415,150 1809,166 1864,143 1865,117 1819,98 1711,90 1656,96 1604,127 1579,106 1507,107 1459,76 1416,80"/>
                <Baseline points="1422,143 1447,144 1473,144 1498,145 1524,146 1549,147 1575,148 1600,149 1626,149 1651,150 1677,150 1702,151 1728,151 1753,151 1779,151 1804,151 1830,151 1856,150"/>
                <TextEquiv>
                    <Unicode>box 29/6</Unicode>
                </TextEquiv>
            </TextLine>
            <TextLine id="r1l3" custom="readingOrder {index:2;}">
                <Coords points="809,503 1255,520 1308,551 1622,578 1667,565 1670,532 1036,431 813,456"/>
                <Baseline points="818,495 860,494 902,493 944,494 986,496 1028,498 1070,501 1112,505 1154,508 1196,513 1239,518 1281,523 1323,528 1365,534 1407,538 1449,543 1491,548 1533,552 1575,556 1617,559 1660,562"/>
                <TextEquiv>
                    <Unicode>12100 Sierten Caniegrunen</Unicode>
                </TextEquiv>
            </TextLine>
            <TextLine id="r1l4" custom="readingOrder {index:3;}">
                <Coords points="583,538 611,542 624,556 711,559 717,566 744,555 791,562 799,489 775,482 755,494 719,471 682,490 664,476 627,490 589,483"/>
                <Baseline points="593,522 620,518 647,517 675,518 702,521 730,526 757,533 785,542"/>
                <TextEquiv>
                    <Unicode>vem 1</Unicode>
                </TextEquiv>
            </TextLine>
            <TextLine id="r1l5" custom="readingOrder {index:4;}">
                <Coords points="570,679 1443,725 1478,713 1480,672 1206,642 1040,668 574,593"/>
                <Baseline points="579,660 623,666 668,671 712,675 757,679 802,682 846,685 891,688 935,689 980,692 1025,693 1069,695 1114,696 1158,697 1203,698 1248,700 1292,702 1337,703 1381,705 1426,707 1471,710"/>
                <TextEquiv>
                    <Unicode>+ Wie gefällt Ihnen Schnitzlers Stück?</Unicode>
                </TextEquiv>
            </TextLine>
            <TextLine id="r1l6" custom="readingOrder {index:5;}">
                <Coords points="592,734 1329,788 1459,771 1461,740 1052,694 860,720 673,682 594,696"/>
                <Baseline points="600,725 642,729 685,732 727,735 770,738 812,741 855,744 897,745 940,747 982,749 1025,751 1068,753 1110,754 1153,756 1195,758 1238,760 1280,762 1323,765 1365,767 1408,770 1451,773"/>
                <TextEquiv>
                    <Unicode>Recht gut, nur pafEitel nicht.</Unicode>
                </TextEquiv>
            </TextLine>
            <TextLine id="r1l7" custom="readingOrder {index:6;}">
                <Coords points="599,783 619,781 638,797 667,793 698,809 720,804 730,810 743,802 755,808 770,803 777,810 811,805 815,763 796,756 731,764 669,740 629,749 603,745"/>
                <Baseline points="608,780 636,784 664,787 692,790 720,792 748,795 776,796 804,799"/>
                <TextEquiv>
                    <Unicode>Wieso?</Unicode>
                </TextEquiv>
            </TextLine>
            <TextLine id="r1l8" custom="readingOrder {index:7;}">
                <Coords points="592,851 1441,899 1517,861 1225,821 594,813"/>
                <Baseline points="600,843 645,847 690,850 736,853 781,856 827,858 872,861 917,863 963,865 1008,866 1054,869 1099,871 1144,873 1190,874 1235,877 1281,878 1326,881 1371,884 1417,886 1462,889 1508,892"/>
                <TextEquiv>
                    <Unicode>Er bleibt mit all' seinen Typen in der</Unicode>
                </TextEquiv>
            </TextLine>
            <TextLine id="r1l9" custom="readingOrder {index:8;}">
                <Coords points="588,916 1010,944 1084,919 1141,949 1459,964 1511,948 1514,890 1415,913 590,869"/>
                <Baseline points="596,904 641,907 686,911 732,914 777,916 822,919 868,921 913,924 958,926 1004,928 1049,930 1094,932 1140,933 1185,935 1230,937 1276,939 1321,941 1366,943 1412,945 1457,948 1503,950"/>
                <TextEquiv>
                    <Unicode>innern Stadt und nennt die Sache</Unicode>
                </TextEquiv>
            </TextLine>
            <TextLine id="r1l10" custom="readingOrder {index:9;}">
                <Coords points="596,985 750,971 901,1000 1095,999 1134,973 1060,938 993,954 953,927 926,947 849,931 810,946 598,918"/>
                <Baseline points="604,966 630,968 656,969 682,970 708,971 734,973 760,974 786,975 812,976 838,977 865,978 891,979 917,980 943,981 969,982 995,982 1021,983 1047,984 1073,985 1099,985 1126,985"/>
                <TextEquiv>
                    <Unicode>„Das weite Land“.</Unicode>
                </TextEquiv>
            </TextLine>
            <TextLine id="r1l11" custom="readingOrder {index:10;}">
                <Coords points="449,1538 524,1548 557,1533 619,1547 696,1528 724,1541 838,1532 845,1475 635,1473 592,1502 448,1505"/>
                <Baseline points="457,1533 482,1532 507,1531 533,1530 558,1529 584,1527 609,1526 635,1525 660,1524 686,1523 711,1523 737,1522 762,1522 788,1523 813,1524 839,1525"/>
                <TextEquiv>
                    <Unicode>Ausschitt aus:</Unicode>
                </TextEquiv>
            </TextLine>
            <TextLine id="r1l12" custom="readingOrder {index:11;}">
                <Coords points="618,1591 698,1624 916,1616 987,1658 1158,1601 1301,1647 1569,1631 1570,1571 884,1534 828,1577 661,1545 618,1573"/>
                <Baseline points="626,1597 672,1607 719,1614 766,1620 813,1624 859,1627 906,1629 953,1629 1000,1629 1046,1629 1093,1627 1140,1626 1187,1625 1233,1623 1280,1622 1327,1622 1374,1622 1420,1623 1467,1625 1514,1629 1561,1634"/>
                <TextEquiv>
                    <Unicode>12 NooPtaper Tagblatt</Unicode>
                </TextEquiv>
            </TextLine>
            <TextLine id="r1l13" custom="readingOrder {index:12;}">
                <Coords points="443,1624 457,1622 480,1642 550,1640 558,1635 578,1639 588,1631 602,1635 600,1591 564,1601 541,1594 534,1599 511,1594 493,1605 486,1599 442,1601"/>
                <Baseline points="451,1633 479,1634 508,1634 536,1633 565,1631 594,1628"/>
                <TextEquiv>
                    <Unicode>vom:</Unicode>
                </TextEquiv>
            </TextLine>
            <TextLine id="r1l14" custom="readingOrder {index:13;}">
                <Coords points="566,1747 815,1748 896,1718 932,1742 1260,1741 1444,1713 1443,1676 1402,1666 833,1697 747,1668 621,1697 565,1673"/>
                <Baseline points="573,1737 616,1734 659,1732 702,1730 745,1729 788,1728 831,1728 875,1727 918,1727 961,1727 1004,1727 1047,1727 1090,1728 1133,1727 1177,1727 1220,1727 1263,1726 1306,1725 1349,1723 1392,1721 1436,1719"/>
                <TextEquiv>
                    <Unicode>#„Rosenstock.“ Im „Ill. Wr. Extrablatt“</Unicode>
                </TextEquiv>
            </TextLine>
            <TextLine id="r1l15" custom="readingOrder {index:14;}">
                <Coords points="458,1778 1448,1771 1426,1727 457,1725"/>
                <Baseline points="466,1780 514,1779 563,1778 612,1777 660,1776 709,1775 758,1775 806,1774 855,1773 904,1773 953,1772 1001,1772 1050,1771 1099,1771 1147,1771 1196,1771 1245,1770 1293,1770 1342,1770 1391,1770 1440,1770"/>
                <TextEquiv>
                    <Unicode>wird folgendes amüsante Geschichtchten erzählt:</Unicode>
                </TextEquiv>
            </TextLine>
            <TextLine id="r1l16" custom="readingOrder {index:15;}">
                <Coords points="480,1806 561,1834 889,1808 1131,1831 1409,1823 1449,1783 480,1796"/>
                <Baseline points="488,1824 535,1823 583,1822 630,1821 678,1820 726,1819 773,1818 821,1817 869,1817 916,1816 964,1815 1012,1815 1059,1815 1107,1814 1155,1814 1202,1814 1250,1814 1298,1813 1345,1813 1393,1813 1441,1813"/>
                <TextEquiv>
                    <Unicode>Seitdem der Portier vom Südbahnhotel auf dem</Unicode>
                </TextEquiv>
            </TextLine>
            <TextLine id="r1l17" custom="readingOrder {index:16;}">
                <Coords points="473,1849 688,1880 983,1847 1444,1858 1392,1815 472,1831"/>
                <Baseline points="481,1863 528,1864 576,1864 624,1864 672,1864 720,1863 767,1863 815,1862 863,1861 911,1860 959,1860 1006,1859 1054,1858 1102,1857 1150,1857 1198,1856 1245,1856 1293,1856 1341,1856 1389,1856 1437,1857"/>
                <TextEquiv>
                    <Unicode>Semmering durch Artur Schnitzler „in die</Unicode>
                </TextEquiv>
            </TextLine>
            <TextLine id="r1l18" custom="readingOrder {index:17;}">
                <Coords points="1323,1919 1335,1915 1354,1919 1362,1909 1375,1915 1385,1905 1400,1902 1407,1908 1424,1901 1432,1905 1442,1894 1450,1893 1448,1858 1433,1864 1420,1857 1402,1866 1396,1860 1358,1864 1342,1854 1333,1861 1320,1861"/>
                <Baseline points="1330,1904 1358,1902 1386,1900 1414,1898 1442,1898"/>
                <TextEquiv>
                    <Unicode>Perr</Unicode>
                </TextEquiv>
            </TextLine>
            <TextLine id="r1l19" custom="readingOrder {index:18;}">
                <Coords points="484,1914 590,1908 607,1915 636,1907 650,1915 683,1896 719,1910 747,1904 746,1863 729,1857 678,1876 650,1866 608,1876 594,1868 483,1870"/>
                <Baseline points="491,1907 518,1907 546,1907 573,1907 601,1907 628,1906 656,1906 683,1905 711,1904 739,1903"/>
                <TextEquiv>
                    <Unicode>Literatur hir</Unicode>
                </TextEquiv>
            </TextLine>
            <TextLine id="r1l20" custom="readingOrder {index:19;}">
                <Coords points="479,1952 1451,1964 1451,1922 1400,1903 874,1915 828,1874 479,1921"/>
                <Baseline points="487,1948 534,1947 582,1945 630,1944 678,1943 726,1943 773,1942 821,1942 869,1941 917,1941 965,1941 1012,1942 1060,1942 1108,1942 1156,1943 1204,1943 1251,1944 1299,1945 1347,1945 1395,1946 1443,1947"/>
                <TextEquiv>
                    <Unicode>Rosenfrock früher nie gekannte Wonnen. Stolz</Unicode>
                </TextEquiv>
            </TextLine>
            <TextLine id="r1l21" custom="readingOrder {index:20;}">
                <Coords points="472,1983 1337,2005 1451,1987 1451,1953 472,1958"/>
                <Baseline points="479,1993 527,1992 575,1990 623,1989 671,1988 720,1988 768,1987 816,1987 864,1987 912,1987 961,1987 1009,1987 1057,1988 1105,1988 1153,1988 1202,1988 1250,1988 1298,1988 1346,1988 1394,1988 1443,1988"/>
                <TextEquiv>
                    <Unicode>erzählt der wackere Torwart jedermann, er habe</Unicode>
                </TextEquiv>
            </TextLine>
            <TextLine id="r1l22" custom="readingOrder {index:21;}">
                <Coords points="473,2022 599,2052 919,2019 1277,2048 1429,2040 1447,1996 472,1982"/>
                <Baseline points="481,2037 531,2035 581,2033 632,2031 682,2030 733,2029 783,2029 834,2029 884,2029 935,2029 985,2029 1036,2029 1086,2029 1137,2030 1187,2030 1238,2030 1288,2030 1339,2030 1389,2030 1440,2030"/>
                <TextEquiv>
                    <Unicode>die Zuständigkeit ins Burgtheater erlangt. Im</Unicode>
                </TextEquiv>
            </TextLine>
            <TextLine id="r1l23" custom="readingOrder {index:22;}">
                <Coords points="480,2086 851,2063 1317,2091 1418,2086 1451,2049 597,2051 479,2025"/>
                <Baseline points="488,2083 535,2081 583,2078 631,2077 679,2075 726,2074 774,2073 822,2073 870,2073 917,2072 965,2072 1013,2072 1061,2072 1108,2073 1156,2073 1204,2073 1252,2073 1299,2073 1347,2073 1395,2073 1443,2072"/>
                <TextEquiv>
                    <Unicode>„Weiten Land“ wird von ihm geredet, dort</Unicode>
                </TextEquiv>
            </TextLine>
            <TextLine id="r1l24" custom="readingOrder {index:23;}">
                <Coords points="483,2112 1441,2129 1428,2077 483,2089"/>
                <Baseline points="490,2127 537,2124 584,2122 631,2120 678,2119 725,2118 772,2118 820,2117 867,2117 914,2117 961,2117 1008,2118 1055,2118 1102,2118 1150,2118 1197,2118 1244,2118 1291,2118 1338,2118 1385,2117 1433,2116"/>
                <TextEquiv>
                    <Unicode>ist ihm eine wichtige Rolle zugefallen. Und Herr</Unicode>
                </TextEquiv>
            </TextLine>
            <TextLine id="r1l25" custom="readingOrder {index:24;}">
                <Coords points="465,2160 1445,2159 1317,2117 465,2128"/>
                <Baseline points="473,2164 521,2164 569,2164 617,2163 665,2163 714,2162 762,2162 810,2161 858,2160 906,2159 955,2158 1003,2158 1051,2158 1099,2157 1147,2157 1196,2158 1244,2158 1292,2159 1340,2160 1388,2162 1437,2164"/>
                <TextEquiv>
                    <Unicode>Thimig (der die Rolle des Portiers aus dem</Unicode>
                </TextEquiv>
            </TextLine>
            <TextLine id="r1l26" custom="readingOrder {index:25;}">
                <Coords points="478,2207 1435,2213 1434,2165 1347,2160 478,2171"/>
                <Baseline points="486,2214 533,2212 580,2210 627,2209 674,2208 721,2207 768,2206 815,2205 862,2205 909,2205 956,2204 1003,2204 1050,2204 1097,2204 1144,2204 1191,2204 1238,2203 1285,2203 1332,2202 1379,2201 1427,2201"/>
                <TextEquiv>
                    <Unicode>„Weiten Land“ im Burgtheater aibt), trägt seine</Unicode>
                </TextEquiv>
            </TextLine>
            <TextLine id="r1l27" custom="readingOrder {index:26;}">
                <Coords points="476,2253 1452,2261 1452,2212 1402,2206 476,2217"/>
                <Baseline points="484,2251 532,2250 580,2249 628,2248 676,2248 724,2248 772,2247 820,2247 868,2247 916,2247 964,2247 1012,2248 1060,2248 1108,2248 1156,2248 1204,2248 1252,2247 1300,2247 1348,2246 1396,2245 1444,2244"/>
                <TextEquiv>
                    <Unicode>Kappe, seine Uniform. In Gesellschaft Schnitzlers</Unicode>
                </TextEquiv>
            </TextLine>
            <TextLine id="r1l28" custom="readingOrder {index:27;}">
                <Coords points="487,2294 1318,2305 1420,2297 1438,2257 487,2265"/>
                <Baseline points="494,2297 540,2295 587,2294 634,2293 681,2293 728,2292 774,2292 821,2292 868,2292 915,2292 962,2292 1008,2292 1055,2292 1102,2292 1149,2292 1196,2292 1242,2292 1289,2292 1336,2291 1383,2290 1430,2290"/>
                <TextEquiv>
                    <Unicode>ist Thimia auf den Semmering gefahren, um an</Unicode>
                </TextEquiv>
            </TextLine>
            <TextLine id="r1l29" custom="readingOrder {index:28;}">
                <Coords points="473,2336 1454,2331 1367,2289 473,2303"/>
                <Baseline points="480,2344 528,2341 576,2338 624,2336 673,2335 721,2334 769,2334 818,2334 866,2334 914,2334 963,2334 1011,2335 1059,2335 1107,2336 1156,2336 1204,2336 1252,2335 1301,2335 1349,2334 1397,2332 1446,2330"/>
                <TextEquiv>
                    <Unicode>Ort und Stelle Studien zu machen, um das Ori¬</Unicode>
                </TextEquiv>
            </TextLine>
            <TextLine id="r1l30" custom="readingOrder {index:29;}">
                <Coords points="483,2383 1165,2369 1382,2398 1443,2341 482,2353"/>
                <Baseline points="490,2387 537,2384 584,2383 631,2381 679,2380 726,2379 773,2378 821,2378 868,2378 915,2378 963,2378 1010,2378 1057,2378 1104,2378 1152,2379 1199,2379 1246,2379 1294,2378 1341,2378 1388,2377 1436,2376"/>
                <TextEquiv>
                    <Unicode>ginal persönlich kennen zu lernen. Schnitzler ge¬</Unicode>
                </TextEquiv>
            </TextLine>
            <TextLine id="r1l31" custom="readingOrder {index:30;}">
                <Coords points="482,2422 1452,2421 1451,2383 482,2384"/>
                <Baseline points="490,2429 537,2427 585,2425 633,2424 680,2423 728,2422 776,2422 823,2421 871,2421 919,2421 967,2421 1014,2421 1062,2421 1110,2421 1157,2421 1205,2421 1253,2420 1300,2420 1348,2419 1396,2419 1444,2418"/>
                <TextEquiv>
                    <Unicode>traute sich nicht recht eine lebende Person auf das</Unicode>
                </TextEquiv>
            </TextLine>
            <TextLine id="r1l32" custom="readingOrder {index:31;}">
                <Coords points="480,2471 1379,2480 1443,2475 1443,2440 479,2422"/>
                <Baseline points="487,2470 534,2470 581,2469 629,2469 676,2468 724,2468 771,2467 818,2467 866,2466 913,2465 961,2465 1008,2465 1055,2465 1103,2465 1150,2465 1198,2465 1245,2465 1292,2466 1340,2467 1387,2467 1435,2469"/>
                <TextEquiv>
                    <Unicode>Theater zu stellen. Erst nach längeren Beratungen</Unicode>
                </TextEquiv>
            </TextLine>
            <TextLine id="r1l33" custom="readingOrder {index:32;}">
                <Coords points="489,2508 1448,2504 1447,2472 1408,2469 488,2478"/>
                <Baseline points="496,2516 543,2515 590,2514 637,2513 684,2512 732,2512 779,2511 826,2510 873,2510 920,2509 968,2509 1015,2509 1062,2508 1109,2508 1156,2508 1204,2508 1251,2508 1298,2508 1345,2508 1392,2508 1440,2509"/>
                <TextEquiv>
                    <Unicode>mit guten Freunden griff er Herrn Rosenstock aus</Unicode>
                </TextEquiv>
            </TextLine>
            <TextLine id="r1l34" custom="readingOrder {index:33;}">
                <Coords points="471,2549 1415,2566 1442,2520 470,2515"/>
                <Baseline points="479,2561 526,2560 574,2558 622,2557 670,2555 717,2554 765,2553 813,2552 861,2551 908,2551 956,2550 1004,2550 1052,2549 1099,2549 1147,2549 1195,2549 1243,2550 1290,2550 1338,2551 1386,2552 1434,2552"/>
                <TextEquiv>
                    <Unicode>dem Leben. Thimitz saß mehrere Stunden in der</Unicode>
                </TextEquiv>
            </TextLine>
            <TextLine id="r1l35" custom="readingOrder {index:34;}">
                <Coords points="476,2611 768,2587 1379,2610 1447,2576 475,2548"/>
                <Baseline points="483,2610 530,2607 578,2603 626,2600 674,2599 722,2597 770,2596 817,2596 865,2595 913,2595 961,2595 1009,2595 1057,2596 1105,2596 1152,2597 1200,2597 1248,2597 1296,2597 1344,2597 1392,2597 1440,2596"/>
                <TextEquiv>
                    <Unicode>Hotelhalle um das Vorbild zu beobachten, abzu¬</Unicode>
                </TextEquiv>
            </TextLine>
            <TextLine id="r1l36" custom="readingOrder {index:35;}">
                <Coords points="489,2650 1357,2656 1440,2611 488,2604"/>
                <Baseline points="497,2651 543,2648 590,2646 637,2644 684,2642 731,2641 777,2640 824,2639 871,2638 918,2637 965,2637 1011,2636 1058,2636 1105,2636 1152,2636 1199,2637 1245,2637 1292,2637 1339,2638 1386,2638 1433,2639"/>
                <TextEquiv>
                    <Unicode>gucken, wie er sich räuspert, wie er mit den Gästen</Unicode>
                </TextEquiv>
            </TextLine>
            <TextLine id="r1l37" custom="readingOrder {index:36;}">
                <Coords points="466,2710 604,2683 1401,2698 1443,2652 465,2652"/>
                <Baseline points="473,2692 521,2690 569,2689 617,2687 665,2686 713,2685 761,2684 809,2683 857,2683 905,2682 954,2682 1002,2682 1050,2682 1098,2682 1146,2682 1194,2682 1242,2682 1290,2683 1338,2683 1386,2684 1435,2685"/>
                <TextEquiv>
                    <Unicode>verkehrt. Und plötzlich trat Herr Rosenstock auf</Unicode>
                </TextEquiv>
            </TextLine>
            <TextLine id="r1l38" custom="readingOrder {index:37;}">
                <Coords points="477,2721 1436,2751 1436,2694 1363,2687 605,2683 477,2709"/>
                <Baseline points="485,2735 532,2732 579,2730 626,2728 673,2727 721,2726 768,2726 815,2725 862,2725 909,2725 957,2725 1004,2726 1051,2726 1098,2727 1145,2727 1193,2728 1240,2728 1287,2728 1334,2728 1381,2727 1429,2726"/>
                <TextEquiv>
                    <Unicode>den Schauspieler zu, klopfte ihm auf die Schulter</Unicode>
                </TextEquiv>
            </TextLine>
            <TextLine id="r1l39" custom="readingOrder {index:38;}">
                <Coords points="487,2771 1445,2790 1445,2743 1403,2731 487,2724"/>
                <Baseline points="495,2779 542,2777 589,2775 636,2774 683,2772 730,2772 777,2771 824,2770 871,2770 918,2770 966,2770 1013,2770 1060,2770 1107,2770 1154,2770 1201,2770 1248,2770 1295,2770 1342,2770 1389,2770 1437,2769"/>
                <TextEquiv>
                    <Unicode>und sprach mit höflicher Verbeugung: „Verzeihen</Unicode>
                </TextEquiv>
            </TextLine>
            <TextLine id="r1l40" custom="readingOrder {index:39;}">
                <Coords points="495,2813 1287,2828 1448,2804 1448,2781 1278,2771 495,2781"/>
                <Baseline points="503,2817 549,2816 596,2816 643,2815 690,2815 737,2814 784,2814 831,2814 878,2813 925,2813 972,2813 1018,2813 1065,2813 1112,2812 1159,2812 1206,2812 1253,2812 1300,2812 1347,2812 1394,2813 1441,2813"/>
                <TextEquiv>
                    <Unicode>Sie meine Frage, sinb Sie nicht ein — Journa¬</Unicode>
                </TextEquiv>
            </TextLine>
            <TextLine id="r1l41" custom="readingOrder {index:40;}">
                <Coords points="478,2882 607,2846 778,2877 1444,2856 1423,2824 1246,2810 478,2816"/>
                <Baseline points="485,2864 532,2862 580,2860 627,2859 675,2858 723,2857 770,2856 818,2855 865,2855 913,2855 961,2855 1008,2855 1056,2855 1103,2856 1151,2856 1199,2856 1246,2856 1294,2857 1341,2857 1389,2857 1437,2857"/>
                <TextEquiv>
                    <Unicode>list?“ Thimig schaute den Interpellanten groß an</Unicode>
                </TextEquiv>
            </TextLine>
            <TextLine id="r1l42" custom="readingOrder {index:41;}">
                <Coords points="499,2911 1131,2891 1392,2914 1434,2871 499,2876"/>
                <Baseline points="507,2906 553,2904 599,2902 645,2901 691,2900 737,2899 783,2899 829,2899 875,2899 921,2899 967,2900 1013,2900 1059,2900 1105,2901 1151,2901 1197,2901 1243,2901 1289,2900 1335,2900 1381,2899 1427,2897"/>
                <TextEquiv>
                    <Unicode>und verneinte. „Warum machen Sie sich fort¬</Unicode>
                </TextEquiv>
            </TextLine>
            <TextLine id="r1l43" custom="readingOrder {index:42;}">
                <Coords points="496,2955 1105,2940 1368,2965 1440,2942 1399,2908 1131,2892 496,2920"/>
                <Baseline points="503,2953 549,2950 595,2948 642,2946 688,2944 735,2943 781,2942 828,2941 874,2941 921,2941 967,2941 1013,2941 1060,2941 1106,2942 1153,2942 1199,2943 1246,2944 1292,2945 1339,2945 1385,2946 1432,2947"/>
                <TextEquiv>
                    <Unicode>während Notizen?“ wollte der Torwart wissen.</Unicode>
                </TextEquiv>
            </TextLine>
            <TextLine id="r1l44" custom="readingOrder {index:43;}">
                <Coords points="504,2993 1437,2988 1414,2947 504,2948"/>
                <Baseline points="511,2995 559,2992 607,2990 656,2989 704,2987 752,2987 801,2986 849,2986 897,2986 946,2986 994,2987 1043,2987 1091,2988 1139,2988 1188,2989 1236,2989 1284,2989 1333,2989 1381,2988 1430,2988"/>
                <TextEquiv>
                    <Unicode>Den Schauspieler belustigte die Situation und er</Unicode>
                </TextEquiv>
            </TextLine>
            <TextLine id="r1l45" custom="readingOrder {index:44;}">
                <Coords points="496,3034 1449,3036 1448,2996 1366,2985 495,2993"/>
                <Baseline points="504,3042 550,3039 597,3037 644,3034 691,3032 738,3031 785,3030 831,3030 878,3029 925,3029 972,3029 1019,3029 1066,3029 1113,3029 1159,3029 1206,3029 1253,3029 1300,3029 1347,3029 1394,3028 1441,3027"/>
                <TextEquiv>
                    <Unicode>stellte sich vor. „Aha“ — meinte der Großschlüssel¬</Unicode>
                </TextEquiv>
            </TextLine>
            <TextLine id="r1l46" custom="readingOrder {index:45;}">
                <Coords points="485,3080 1391,3087 1442,3075 1442,3040 778,3025 485,3051"/>
                <Baseline points="492,3083 539,3080 586,3078 633,3075 680,3074 727,3073 774,3072 821,3071 868,3071 915,3071 963,3071 1010,3071 1057,3072 1104,3072 1151,3073 1198,3073 1245,3074 1292,3074 1339,3074 1386,3075 1434,3075"/>
                <TextEquiv>
                    <Unicode>bewahrer — „Sie wollen mich kopieren? Das haben</Unicode>
                </TextEquiv>
            </TextLine>
            <TextLine id="r1l47" custom="readingOrder {index:46;}">
                <Coords points="482,3150 956,3125 1132,3151 1246,3123 1445,3155 1444,3091 1407,3082 482,3078"/>
                <Baseline points="489,3133 536,3130 583,3127 631,3124 678,3121 726,3119 773,3118 820,3117 868,3116 915,3115 963,3115 1010,3115 1057,3116 1105,3116 1152,3117 1200,3118 1247,3118 1294,3120 1342,3121 1389,3122 1437,3123"/>
                <TextEquiv>
                    <Unicode>schon Andere ebenfalls versucht. Ich hin doch weder</Unicode>
                </TextEquiv>
            </TextLine>
            <TextLine id="r1l48" custom="readingOrder {index:47;}">
                <Coords points="500,3237 1005,3210 1369,3246 1441,3230 1441,3175 1239,3152 1169,3186 500,3187"/>
                <Baseline points="508,3217 554,3216 600,3215 646,3214 693,3214 739,3214 785,3214 831,3214 878,3214 924,3215 970,3215 1016,3216 1063,3217 1109,3218 1155,3219 1201,3220 1248,3221 1294,3223 1340,3224 1386,3225 1433,3227"/>
                <TextEquiv>
                    <Unicode>ein berühmter, noch ein interessanter Mensch.“</Unicode>
                </TextEquiv>
            </TextLine>
            <TextLine id="r1l49" custom="readingOrder {index:48;}">
                <Coords points="499,3265 1463,3267 1433,3231 1067,3237 1010,3210 499,3236"/>
                <Baseline points="507,3266 554,3264 601,3261 649,3260 696,3259 744,3258 791,3258 838,3258 886,3258 933,3259 981,3259 1028,3260 1075,3262 1123,3263 1170,3264 1218,3265 1265,3266 1312,3267 1360,3269 1407,3270 1455,3270"/>
                <TextEquiv>
                    <Unicode>Worauf Thimig liebenswürdig ergänzte: „Aber ein</Unicode>
                </TextEquiv>
            </TextLine>
            <TextLine id="r1l50" custom="readingOrder {index:49;}">
                <Coords points="500,3306 1077,3300 1349,3336 1451,3325 1452,3287 501,3265"/>
                <Baseline points="507,3304 553,3303 600,3302 647,3302 694,3302 741,3302 788,3302 834,3303 881,3305 928,3305 975,3307 1022,3308 1069,3309 1116,3311 1162,3312 1209,3312 1256,3313 1303,3313 1350,3313 1397,3313 1444,3312"/>
                <TextEquiv>
                    <Unicode>braver Mann sind Sie, Herr Rosenstock.“ „Par¬</Unicode>
                </TextEquiv>
            </TextLine>
            <TextLine id="r1l51" custom="readingOrder {index:50;}">
                <Coords points="505,3331 593,3361 1283,3358 1455,3394 1457,3326 1416,3319 505,3311"/>
                <Baseline points="513,3346 559,3345 606,3345 653,3345 700,3345 746,3346 793,3347 840,3348 887,3349 933,3350 980,3351 1027,3353 1074,3354 1120,3355 1167,3356 1214,3357 1261,3358 1307,3358 1354,3359 1401,3359 1448,3358"/>
                <TextEquiv>
                    <Unicode>don,“ korrigierte der Portier, „ich heiße seit</Unicode>
                </TextEquiv>
            </TextLine>
            <TextLine id="r1l52" custom="readingOrder {index:51;}">
                <Coords points="490,3419 558,3398 585,3412 660,3397 735,3426 803,3406 905,3423 952,3416 951,3352 758,3360 730,3348 708,3370 488,3352"/>
                <Baseline points="497,3396 523,3396 549,3396 576,3396 602,3396 628,3396 655,3395 681,3395 707,3395 734,3395 760,3394 786,3394 813,3393 839,3392 865,3391 892,3390 918,3389 945,3388"/>
                <TextEquiv>
                    <Unicode>kurzem — Rostler.“</Unicode>
                </TextEquiv>
            </TextLine>
            <TextEquiv>
                <Unicode>24. Das weite Land
box 29/6
12100 Sierten Caniegrunen
vem 1
+ Wie gefällt Ihnen Schnitzlers Stück?
Recht gut, nur pafEitel nicht.
Wieso?
Er bleibt mit all' seinen Typen in der
innern Stadt und nennt die Sache
„Das weite Land“.
Ausschitt aus:
12 NooPtaper Tagblatt
vom:
#„Rosenstock.“ Im „Ill. Wr. Extrablatt“
wird folgendes amüsante Geschichtchten erzählt:
Seitdem der Portier vom Südbahnhotel auf dem
Semmering durch Artur Schnitzler „in die
Perr
Literatur hir
Rosenfrock früher nie gekannte Wonnen. Stolz
erzählt der wackere Torwart jedermann, er habe
die Zuständigkeit ins Burgtheater erlangt. Im
„Weiten Land“ wird von ihm geredet, dort
ist ihm eine wichtige Rolle zugefallen. Und Herr
Thimig (der die Rolle des Portiers aus dem
„Weiten Land“ im Burgtheater aibt), trägt seine
Kappe, seine Uniform. In Gesellschaft Schnitzlers
ist Thimia auf den Semmering gefahren, um an
Ort und Stelle Studien zu machen, um das Ori¬
ginal persönlich kennen zu lernen. Schnitzler ge¬
traute sich nicht recht eine lebende Person auf das
Theater zu stellen. Erst nach längeren Beratungen
mit guten Freunden griff er Herrn Rosenstock aus
dem Leben. Thimitz saß mehrere Stunden in der
Hotelhalle um das Vorbild zu beobachten, abzu¬
gucken, wie er sich räuspert, wie er mit den Gästen
verkehrt. Und plötzlich trat Herr Rosenstock auf
den Schauspieler zu, klopfte ihm auf die Schulter
und sprach mit höflicher Verbeugung: „Verzeihen
Sie meine Frage, sinb Sie nicht ein — Journa¬
list?“ Thimig schaute den Interpellanten groß an
und verneinte. „Warum machen Sie sich fort¬
während Notizen?“ wollte der Torwart wissen.
Den Schauspieler belustigte die Situation und er
stellte sich vor. „Aha“ — meinte der Großschlüssel¬
bewahrer — „Sie wollen mich kopieren? Das haben
schon Andere ebenfalls versucht. Ich hin doch weder
ein berühmter, noch ein interessanter Mensch.“
Worauf Thimig liebenswürdig ergänzte: „Aber ein
braver Mann sind Sie, Herr Rosenstock.“ „Par¬
don,“ korrigierte der Portier, „ich heiße seit
kurzem — Rostler.“</Unicode>
            </TextEquiv>
        </TextRegion>
        <TextRegion orientation="0.0" id="r2" custom="readingOrder {index:1;}">
            <Coords points="1863,1611 1863,3219 3123,3219 3123,1611"/>
            <TextLine id="r2l1" custom="readingOrder {index:0;}">
                <Coords points="2217,1638 2275,1636 2304,1653 2343,1638 2426,1648 2490,1633 2560,1654 2598,1638 2624,1651 2624,1619 2595,1603 2551,1610 2517,1592 2439,1612 2217,1604"/>
                <Baseline points="2224,1633 2250,1634 2276,1635 2302,1635 2328,1635 2354,1635 2380,1634 2406,1634 2433,1634 2459,1633 2485,1633 2511,1633 2537,1634 2563,1634 2589,1635 2616,1637"/>
                <TextEquiv>
                    <Unicode> —</Unicode>
                </TextEquiv>
            </TextLine>
            <TextLine id="r2l2" custom="readingOrder {index:1;}">
                <Coords points="1976,1703 2018,1726 2077,1700 2122,1735 2194,1724 2195,1654 2171,1664 2121,1665 2089,1644 2057,1660 1996,1650 1977,1659"/>
                <Baseline points="1984,1697 2009,1699 2034,1699 2059,1699 2085,1699 2110,1700 2135,1701 2160,1702 2186,1705"/>
                <TextEquiv>
                    <Unicode>ehhltt au</Unicode>
                </TextEquiv>
            </TextLine>
            <TextLine id="r2l3" custom="readingOrder {index:2;}">
                <Coords points="2193,1724 2460,1699 2557,1736 2722,1708 2760,1728 2818,1704 2918,1716 2915,1632 2892,1627 2673,1633 2633,1659 2495,1637 2329,1642 2289,1670 2191,1651"/>
                <Baseline points="2200,1716 2235,1714 2270,1713 2306,1713 2341,1712 2377,1711 2412,1710 2448,1709 2483,1709 2519,1708 2554,1707 2589,1706 2625,1705 2660,1704 2696,1703 2731,1702 2767,1700 2802,1698 2838,1696 2873,1693 2909,1691"/>
                <TextEquiv>
                    <Unicode>I4PPESTER LLOVO</Unicode>
                </TextEquiv>
            </TextLine>
            <TextLine id="r2l4" custom="readingOrder {index:3;}">
                <Coords points="1892,1827 1915,1818 1973,1830 2019,1806 2084,1831 2138,1812 2244,1818 2245,1786 2214,1797 2155,1770 2118,1771 2103,1784 2071,1772 2022,1780 1988,1761 1921,1765 1893,1751"/>
                <Baseline points="1900,1808 1925,1807 1951,1807 1977,1807 2003,1808 2029,1808 2055,1809 2080,1809 2106,1810 2132,1810 2158,1811 2184,1811 2210,1811 2236,1810"/>
                <TextEquiv>
                    <Unicode>Aöis und stunt.</Unicode>
                </TextEquiv>
            </TextLine>
            <TextLine id="r2l5" custom="readingOrder {index:4;}">
                <Coords points="1989,1871 3088,1879 3064,1818 2839,1791 2572,1837 2469,1806 1989,1817"/>
                <Baseline points="1997,1852 2051,1853 2105,1855 2159,1855 2213,1856 2268,1856 2322,1857 2376,1857 2430,1857 2484,1857 2539,1857 2593,1857 2647,1857 2701,1857 2755,1858 2810,1859 2864,1860 2918,1862 2972,1864 3026,1867 3081,1870"/>
                <TextEquiv>
                    <Unicode>(Konstantin Christomanos †) Aus Athen,</Unicode>
                </TextEquiv>
            </TextLine>
            <TextLine id="r2l6" custom="readingOrder {index:5;}">
                <Coords points="1902,1897 2960,1928 3063,1922 3078,1883 1902,1859"/>
                <Baseline points="1910,1895 1971,1898 2032,1900 2093,1901 2154,1903 2215,1904 2276,1905 2337,1905 2398,1905 2459,1906 2520,1906 2581,1906 2642,1906 2703,1907 2764,1907 2825,1908 2886,1909 2947,1910 3008,1912 3069,1914"/>
                <TextEquiv>
                    <Unicode>wird uns gemeldet: Der langjährige Vorleser der Königin</Unicode>
                </TextEquiv>
            </TextLine>
            <TextLine id="r2l7" custom="readingOrder {index:6;}">
                <Coords points="1905,1943 3077,1951 3077,1917 2904,1910 1905,1908"/>
                <Baseline points="1913,1941 1970,1943 2028,1944 2086,1944 2144,1945 2202,1946 2259,1947 2317,1947 2375,1948 2433,1949 2491,1950 2548,1950 2606,1951 2664,1952 2722,1953 2780,1953 2837,1954 2895,1955 2953,1956 3011,1957 3069,1958"/>
                <TextEquiv>
                    <Unicode>Elisabeth Konstantin Christomanos ist heute hier gestor¬</Unicode>
                </TextEquiv>
            </TextLine>
            <TextLine id="r2l8" custom="readingOrder {index:7;}">
                <Coords points="1907,1994 3072,2012 3071,1954 1908,1938"/>
                <Baseline points="1915,1986 1972,1987 2030,1987 2087,1988 2145,1988 2202,1990 2260,1991 2317,1992 2375,1993 2432,1994 2490,1995 2547,1996 2605,1997 2662,1998 2720,1998 2777,1999 2835,1999 2892,1999 2950,1999 3007,1999 3065,1998"/>
                <TextEquiv>
                    <Unicode>ben, nachdem er schon längere Zeit ernstsich trank war. Er</Unicode>
                </TextEquiv>
            </TextLine>
            <TextLine id="r2l9" custom="readingOrder {index:8;}">
                <Coords points="1897,2013 1965,2046 3075,2055 3075,2011 2992,1997 1897,1986"/>
                <Baseline points="1904,2027 1962,2029 2020,2031 2078,2033 2136,2034 2194,2034 2252,2035 2311,2035 2369,2035 2427,2035 2485,2035 2543,2035 2601,2035 2659,2035 2718,2036 2776,2036 2834,2038 2892,2039 2950,2041 3008,2043 3067,2047"/>
                <TextEquiv>
                    <Unicode>begleitete wiederholt Königin Elisabeth auf ihren Reisen, da</Unicode>
                </TextEquiv>
            </TextLine>
            <TextLine id="r2l10" custom="readingOrder {index:9;}">
                <Coords points="1898,2087 3130,2105 3131,2017 2977,2061 1899,2031"/>
                <Baseline points="1906,2079 1966,2078 2027,2078 2088,2079 2149,2079 2210,2080 2271,2081 2331,2082 2392,2083 2453,2084 2514,2085 2575,2086 2636,2087 2697,2088 2757,2088 2818,2089 2879,2089 2940,2088 3001,2087 3062,2086 3123,2084"/>
                <TextEquiv>
                    <Unicode>die Königin bekanntlich sich für die neugriechische Literatun=sch¬#</Unicode>
                </TextEquiv>
            </TextLine>
            <TextLine id="r2l11" custom="readingOrder {index:10;}">
                <Coords points="1904,2128 3011,2163 3085,2119 1905,2091"/>
                <Baseline points="1912,2122 1970,2124 2028,2126 2086,2127 2144,2130 2203,2131 2261,2133 2319,2134 2377,2135 2435,2137 2494,2138 2552,2139 2610,2140 2668,2141 2726,2142 2785,2143 2843,2144 2901,2145 2959,2146 3017,2146 3076,2147"/>
                <TextEquiv>
                    <Unicode>interessierte. Christomanos war auch literarisch tätig und hat</Unicode>
                </TextEquiv>
            </TextLine>
            <TextLine id="r2l12" custom="readingOrder {index:11;}">
                <Coords points="1911,2186 2958,2212 3072,2206 3073,2157 1912,2128"/>
                <Baseline points="1919,2168 1976,2170 2033,2172 2090,2173 2148,2175 2205,2176 2262,2178 2320,2179 2377,2181 2434,2182 2492,2184 2549,2185 2606,2186 2663,2187 2721,2188 2778,2189 2835,2190 2893,2190 2950,2191 3007,2191 3065,2191"/>
                <TextEquiv>
                    <Unicode>sich als Uebersetzer in literarischen Kreisen einen Namen ge¬</Unicode>
                </TextEquiv>
            </TextLine>
            <TextLine id="r2l13" custom="readingOrder {index:12;}">
                <Coords points="1908,2214 3078,2254 3079,2203 1908,2188"/>
                <Baseline points="1916,2214 1973,2216 2031,2217 2089,2218 2147,2220 2204,2221 2262,2223 2320,2224 2378,2226 2435,2227 2493,2229 2551,2230 2609,2231 2666,2232 2724,2234 2782,2235 2840,2236 2897,2237 2955,2237 3013,2238 3071,2238"/>
                <TextEquiv>
                    <Unicode>macht. Nach dem Tode der Königin schrieb er ein Buch über</Unicode>
                </TextEquiv>
            </TextLine>
            <TextLine id="r2l14" custom="readingOrder {index:13;}">
                <Coords points="1901,2256 3068,2296 3069,2250 3017,2240 1902,2221"/>
                <Baseline points="1908,2256 1965,2259 2023,2261 2080,2263 2138,2265 2196,2267 2253,2269 2311,2270 2369,2271 2426,2272 2484,2274 2542,2275 2599,2276 2657,2277 2715,2278 2772,2279 2830,2280 2888,2281 2945,2282 3003,2282 3061,2283"/>
                <TextEquiv>
                    <Unicode>Königin Elisobeth, in dem er sie verherrlichte. Als der zweite</Unicode>
                </TextEquiv>
            </TextLine>
            <TextLine id="r2l15" custom="readingOrder {index:14;}">
                <Coords points="1903,2305 2903,2343 3078,2333 3079,2295 1904,2263"/>
                <Baseline points="1911,2302 1969,2304 2027,2305 2085,2307 2143,2308 2201,2310 2259,2311 2317,2313 2375,2314 2433,2315 2491,2316 2549,2317 2607,2318 2665,2319 2723,2320 2781,2321 2839,2321 2897,2322 2955,2323 3013,2323 3071,2324"/>
                <TextEquiv>
                    <Unicode>Teil der „Kalenderblätter“, wie er das Werk betitelte, erscheinen</Unicode>
                </TextEquiv>
            </TextLine>
            <TextLine id="r2l16" custom="readingOrder {index:15;}">
                <Coords points="1905,2355 3006,2384 3077,2372 3078,2332 1906,2305"/>
                <Baseline points="1913,2350 1970,2350 2028,2351 2086,2352 2144,2353 2202,2354 2259,2355 2317,2356 2375,2357 2433,2359 2491,2360 2548,2361 2606,2363 2664,2364 2722,2366 2780,2367 2837,2368 2895,2370 2953,2371 3011,2373 3069,2374"/>
                <TextEquiv>
                    <Unicode>sollte, und bekannt wurde, daß sich mehrere Kapitel mit weiland</Unicode>
                </TextEquiv>
            </TextLine>
            <TextLine id="r2l17" custom="readingOrder {index:16;}">
                <Coords points="1888,2402 3068,2414 3058,2371 1889,2361"/>
                <Baseline points="1896,2393 1954,2394 2012,2395 2070,2396 2128,2397 2187,2398 2245,2399 2303,2400 2361,2401 2419,2402 2478,2403 2536,2405 2594,2406 2652,2407 2710,2408 2769,2410 2827,2411 2885,2412 2943,2413 3001,2415 3060,2416"/>
                <TextEquiv>
                    <Unicode>dem Kronprinzen Rudolf beschäftigen, wurde auf Christomanos</Unicode>
                </TextEquiv>
            </TextLine>
            <TextLine id="r2l18" custom="readingOrder {index:17;}">
                <Coords points="1898,2438 3042,2479 3081,2426 1898,2407"/>
                <Baseline points="1905,2437 1963,2439 2021,2440 2080,2442 2138,2443 2197,2444 2255,2446 2313,2448 2372,2449 2430,2450 2489,2451 2547,2452 2605,2454 2664,2455 2722,2456 2781,2456 2839,2457 2897,2458 2956,2459 3014,2459 3073,2460"/>
                <TextEquiv>
                    <Unicode>von maßgebender Seite eingewirkt, die Herausgabe des zweiten</Unicode>
                </TextEquiv>
            </TextLine>
            <TextLine id="r2l19" custom="readingOrder {index:18;}">
                <Coords points="1893,2489 3030,2521 3078,2475 1894,2435"/>
                <Baseline points="1900,2482 1958,2484 2016,2486 2075,2487 2133,2488 2192,2490 2250,2491 2309,2492 2367,2492 2426,2493 2484,2494 2542,2494 2601,2495 2659,2496 2718,2497 2776,2499 2835,2500 2893,2502 2952,2503 3010,2505 3069,2508"/>
                <TextEquiv>
                    <Unicode>Teiles der „Kalenderblätter“ zu unterlassen. Christomanos ging</Unicode>
                </TextEquiv>
            </TextLine>
            <TextLine id="r2l20" custom="readingOrder {index:19;}">
                <Coords points="1899,2529 3065,2565 3065,2522 2955,2501 1900,2488"/>
                <Baseline points="1906,2526 1963,2528 2021,2529 2078,2531 2136,2532 2193,2534 2251,2535 2308,2536 2366,2537 2423,2538 2481,2539 2539,2540 2596,2541 2654,2542 2711,2543 2769,2544 2826,2546 2884,2547 2941,2548 2999,2549 3057,2550"/>
                <TextEquiv>
                    <Unicode>nach Paris und plante, den zweiten Teil des Werkes dort in</Unicode>
                </TextEquiv>
            </TextLine>
            <TextLine id="r2l21" custom="readingOrder {index:20;}">
                <Coords points="1898,2588 2919,2608 3074,2574 1899,2530"/>
                <Baseline points="1906,2574 1967,2575 2028,2575 2089,2576 2150,2578 2211,2579 2272,2580 2333,2581 2394,2583 2455,2584 2516,2585 2577,2587 2638,2588 2699,2589 2760,2590 2821,2591 2882,2591 2943,2592 3004,2592 3065,2592"/>
                <TextEquiv>
                    <Unicode>französischer Sprache herauszugeben; auch hievon wurde er ab¬</Unicode>
                </TextEquiv>
            </TextLine>
            <TextLine id="r2l22" custom="readingOrder {index:21;}">
                <Coords points="1886,2630 3068,2634 3024,2596 1887,2600"/>
                <Baseline points="1894,2620 1952,2621 2010,2622 2069,2623 2127,2623 2185,2624 2244,2625 2302,2626 2360,2627 2419,2628 2477,2628 2535,2629 2594,2630 2652,2631 2710,2632 2769,2633 2827,2634 2885,2635 2944,2637 3002,2638 3061,2639"/>
                <TextEquiv>
                    <Unicode>gehalten. Seither lebte er in Athen, wo er eine neue Bühne</Unicode>
                </TextEquiv>
            </TextLine>
            <TextLine id="r2l23" custom="readingOrder {index:22;}">
                <Coords points="1888,2664 3060,2700 3052,2642 1889,2630"/>
                <Baseline points="1896,2660 1953,2663 2011,2665 2069,2667 2127,2669 2185,2670 2243,2671 2300,2672 2358,2673 2416,2673 2474,2674 2532,2674 2590,2675 2648,2675 2705,2676 2763,2677 2821,2678 2879,2679 2937,2681 2995,2683 3053,2685"/>
                <TextEquiv>
                    <Unicode>begründete, an welcher mehrere seiner Werke mit Erfolg zur</Unicode>
                </TextEquiv>
            </TextLine>
            <TextLine id="r2l24" custom="readingOrder {index:23;}">
                <Coords points="1883,2715 3058,2743 3059,2700 2843,2678 1884,2675"/>
                <Baseline points="1891,2708 1949,2709 2007,2710 2065,2711 2123,2712 2181,2713 2239,2715 2297,2716 2355,2717 2413,2718 2471,2719 2529,2720 2587,2721 2645,2722 2703,2723 2761,2724 2819,2725 2877,2726 2935,2726 2993,2727 3051,2727"/>
                <TextEquiv>
                    <Unicode>Darstellung gelangten. Christomanos zog griechische Theater¬</Unicode>
                </TextEquiv>
            </TextLine>
            <TextLine id="r2l25" custom="readingOrder {index:24;}">
                <Coords points="1884,2759 3061,2769 2995,2730 1885,2719"/>
                <Baseline points="1892,2752 1950,2753 2008,2754 2066,2755 2124,2756 2182,2757 2240,2758 2298,2759 2356,2760 2414,2761 2473,2762 2531,2763 2589,2764 2647,2765 2705,2765 2763,2766 2821,2767 2879,2767 2937,2768 2995,2769 3054,2769"/>
                <TextEquiv>
                    <Unicode>schauspieler in europäischem Sinne heran. In deutscher Sprache</Unicode>
                </TextEquiv>
            </TextLine>
            <TextLine id="r2l26" custom="readingOrder {index:25;}">
                <Coords points="1886,2808 3056,2829 3057,2797 1887,2757"/>
                <Baseline points="1894,2796 1951,2797 2009,2798 2067,2798 2125,2799 2182,2801 2240,2802 2298,2803 2356,2804 2413,2805 2471,2807 2529,2808 2587,2809 2644,2810 2702,2811 2760,2812 2818,2813 2875,2814 2933,2815 2991,2816 3049,2816"/>
                <TextEquiv>
                    <Unicode>sind von Christomanos unter anderem „Die graue Frau“ und</Unicode>
                </TextEquiv>
            </TextLine>
            <TextLine id="r2l27" custom="readingOrder {index:26;}">
                <Coords points="1891,2850 3043,2869 3003,2816 1892,2812"/>
                <Baseline points="1899,2843 1955,2843 2012,2844 2069,2845 2126,2846 2183,2847 2240,2848 2296,2849 2353,2850 2410,2851 2467,2852 2524,2853 2581,2854 2638,2854 2694,2855 2751,2856 2808,2857 2865,2857 2922,2858 2979,2858 3036,2858"/>
                <TextEquiv>
                    <Unicode>„Die orpheischen Lieder“ erschienen. Der Vater Christomanos',</Unicode>
                </TextEquiv>
            </TextLine>
            <TextLine id="r2l28" custom="readingOrder {index:27;}">
                <Coords points="1881,2879 3027,2917 3055,2868 1881,2847"/>
                <Baseline points="1888,2886 1949,2887 2010,2888 2071,2889 2132,2891 2193,2892 2254,2893 2315,2894 2376,2895 2437,2897 2498,2898 2559,2899 2620,2900 2681,2901 2742,2902 2803,2902 2864,2903 2925,2903 2986,2904 3047,2904"/>
                <TextEquiv>
                    <Unicode>Anastasius Christomanos, war Professor der Chemie an der</Unicode>
                </TextEquiv>
            </TextLine>
            <TextLine id="r2l29" custom="readingOrder {index:28;}">
                <Coords points="1876,2922 3059,2963 3049,2903 1877,2895"/>
                <Baseline points="1884,2929 1942,2930 2000,2931 2059,2933 2117,2934 2176,2936 2234,2937 2292,2939 2351,2940 2409,2941 2468,2943 2526,2944 2584,2945 2643,2946 2701,2947 2760,2948 2818,2948 2876,2949 2935,2949 2993,2948 3052,2948"/>
                <TextEquiv>
                    <Unicode>Universität in Athen. Seine Mutter war eine Oesterreicherin.</Unicode>
                </TextEquiv>
            </TextLine>
            <TextLine id="r2l30" custom="readingOrder {index:29;}">
                <Coords points="1881,2973 2985,3007 3059,2961 1882,2935"/>
                <Baseline points="1889,2970 1947,2973 2005,2975 2063,2977 2121,2979 2179,2981 2237,2982 2295,2984 2353,2985 2411,2986 2470,2987 2528,2988 2586,2989 2644,2990 2702,2991 2760,2991 2818,2992 2876,2993 2934,2994 2992,2994 3051,2995"/>
                <TextEquiv>
                    <Unicode>Ein Cousin des Verstorbenen war der im Vorjahre in Meran</Unicode>
                </TextEquiv>
            </TextLine>
            <TextLine id="r2l31" custom="readingOrder {index:30;}">
                <Coords points="1877,3025 2942,3049 3051,3044 3052,2997 1878,2976"/>
                <Baseline points="1885,3017 1942,3018 2000,3018 2058,3019 2116,3020 2174,3021 2232,3022 2290,3024 2348,3025 2406,3026 2464,3028 2521,3029 2579,3030 2637,3032 2695,3033 2753,3034 2811,3035 2869,3036 2927,3036 2985,3037 3043,3037"/>
                <TextEquiv>
                    <Unicode>verstorbene Landtagsabgeordnete und Förderer des Fremden¬</Unicode>
                </TextEquiv>
            </TextLine>
            <TextLine id="r2l32" custom="readingOrder {index:31;}">
                <Coords points="1877,3061 2946,3077 3049,3112 3050,3044 1878,3025"/>
                <Baseline points="1885,3065 1942,3065 2000,3066 2058,3067 2116,3068 2174,3068 2231,3069 2289,3070 2347,3071 2405,3072 2463,3073 2520,3073 2578,3074 2636,3075 2694,3076 2752,3077 2809,3078 2867,3079 2925,3080 2983,3081 3041,3082"/>
                <TextEquiv>
                    <Unicode>verkehrs in Oesterreich Dr. Theodor Christomanos, eine sehr</Unicode>
                </TextEquiv>
            </TextLine>
            <TextLine id="r2l33" custom="readingOrder {index:32;}">
                <Coords points="1885,3111 2493,3121 2574,3155 2999,3145 3052,3110 2946,3077 1886,3066"/>
                <Baseline points="1893,3110 1950,3110 2008,3111 2065,3112 2123,3113 2180,3114 2238,3116 2295,3117 2353,3118 2410,3120 2468,3121 2525,3123 2583,3125 2640,3126 2698,3127 2755,3128 2813,3129 2870,3130 2928,3130 2985,3130 3043,3130"/>
                <TextEquiv>
                    <Unicode>interessante Persönlichkeit, die Arthur Schnitzler in einer Figur</Unicode>
                </TextEquiv>
            </TextLine>
            <TextLine id="r2l34" custom="readingOrder {index:33;}">
                <Coords points="1869,3166 2973,3197 3064,3142 1870,3121"/>
                <Baseline points="1877,3156 1935,3156 1994,3157 2053,3158 2112,3159 2171,3160 2230,3161 2289,3162 2348,3164 2407,3165 2466,3166 2524,3167 2583,3168 2642,3169 2701,3170 2760,3171 2819,3172 2878,3173 2937,3173 2996,3173 3055,3173"/>
                <TextEquiv>
                    <Unicode>seines neuesten Stückes „Das breite Land“ auf die Bühne ge¬</Unicode>
                </TextEquiv>
            </TextLine>
            <TextLine id="r2l35" custom="readingOrder {index:34;}">
                <Coords points="1855,3218 1876,3206 1916,3210 1944,3201 1960,3213 1995,3204 2016,3214 2039,3205 2097,3209 2097,3186 2076,3183 2057,3163 2017,3162 1996,3179 1964,3158 1941,3173 1900,3161 1884,3171 1856,3171"/>
                <Baseline points="1863,3206 1888,3204 1913,3204 1938,3205 1963,3206 1988,3207 2013,3207 2038,3208 2063,3207 2089,3204"/>
                <TextEquiv>
                    <Unicode>bracht hat.</Unicode>
                </TextEquiv>
            </TextLine>
            <TextEquiv>
                <Unicode> —
ehhltt au
I4PPESTER LLOVO
Aöis und stunt.
(Konstantin Christomanos †) Aus Athen,
wird uns gemeldet: Der langjährige Vorleser der Königin
Elisabeth Konstantin Christomanos ist heute hier gestor¬
ben, nachdem er schon längere Zeit ernstsich trank war. Er
begleitete wiederholt Königin Elisabeth auf ihren Reisen, da
die Königin bekanntlich sich für die neugriechische Literatun=sch¬#
interessierte. Christomanos war auch literarisch tätig und hat
sich als Uebersetzer in literarischen Kreisen einen Namen ge¬
macht. Nach dem Tode der Königin schrieb er ein Buch über
Königin Elisobeth, in dem er sie verherrlichte. Als der zweite
Teil der „Kalenderblätter“, wie er das Werk betitelte, erscheinen
sollte, und bekannt wurde, daß sich mehrere Kapitel mit weiland
dem Kronprinzen Rudolf beschäftigen, wurde auf Christomanos
von maßgebender Seite eingewirkt, die Herausgabe des zweiten
Teiles der „Kalenderblätter“ zu unterlassen. Christomanos ging
nach Paris und plante, den zweiten Teil des Werkes dort in
französischer Sprache herauszugeben; auch hievon wurde er ab¬
gehalten. Seither lebte er in Athen, wo er eine neue Bühne
begründete, an welcher mehrere seiner Werke mit Erfolg zur
Darstellung gelangten. Christomanos zog griechische Theater¬
schauspieler in europäischem Sinne heran. In deutscher Sprache
sind von Christomanos unter anderem „Die graue Frau“ und
„Die orpheischen Lieder“ erschienen. Der Vater Christomanos',
Anastasius Christomanos, war Professor der Chemie an der
Universität in Athen. Seine Mutter war eine Oesterreicherin.
Ein Cousin des Verstorbenen war der im Vorjahre in Meran
verstorbene Landtagsabgeordnete und Förderer des Fremden¬
verkehrs in Oesterreich Dr. Theodor Christomanos, eine sehr
interessante Persönlichkeit, die Arthur Schnitzler in einer Figur
seines neuesten Stückes „Das breite Land“ auf die Bühne ge¬
bracht hat.</Unicode>
            </TextEquiv>
        </TextRegion>
    </Page>
</PcGts>
