3392 4448
1367 86 1737 184 box 28/
656 102 758 172 WC
240 100 1198 213 24. Das geite Land
2334 1201 3133 1285 r  aceneicmrsreemen Mnnei un
2027 1220 2317 1310 o P—
149 1240 255 1336 eir.
994 1245 1923 1331 —
750 1262 3226 1381 aus unglücklicher hoffnungsloser Liebe zu Genia umgebracht. Sie mutet. Aber manche dieser Nebenfiguren sind sehr eigenartig,
1976 1295 3230 1407 zum Beispiel der philosophische und gebildete Hoteldirektor und
748 1342 1981 1437 selbst zeigt ihrem Mann einen Brief, den der Pianist eine Stunde
1983 1348 3231 1433 er spricht auch das Leitmotiv des Stückes aus: Die Seele ist das
759 1402 1557 1488 vor seinem Selbstmord an sie gerichtet hat.
1982 1421 2246 1501 weite Land.
2056 1419 3233 1503 Das Buratheater hat an das Werk seinen ganzen noch immer
833 1448 1982 1532 In den übrigen Szenen des ersten Aktes werden die son¬
1992 1475 3240 1568 großen darstellerischen Reichtum und viel künstlerische Sorgfalt
764 1485 1979 1572 stigen Figuren des Stückes eingeführt: Eine Frau Wahl und
1983 1519 3236 1604 und Eifer gewendet. Die ursprünglich Kainz zugedachte Haupt¬
761 1527 1991 1610 ihre Tochter Erna, ein junges kluges Mädchen, eine Schauspie¬
143 1547 753 1652 ikomödie „Das weite
1983 1565 3237 1656 rolle spielte Herr Korff, sehr interessant, aber zu wenig durch¬
757 1571 1983 1656 lerin und ihr Sohn ein junger sympathischer Marinefähnrich
764 1619 1981 1690 und ein Arzt Doktor Mauer. Hauptsächlich wird aber das Ver¬
1995 1617 3233 1696 geistigt, wodurch die Figur Hofreiters zu brutal wurde. Die
760 1646 1981 1737 hältnis der beiden Ehegatten zu einander charakterisiert. Er be¬
1985 1663 3236 1732 Genia ist eine jener passiven Frauenrollen, die dem Fräulein
148 1665 631 1758 eater am 14. Oktober.)
774 1687 1982 1773 trügt sie fortwährend und sie erfährt alles. Aber es ist ihr egal,
1989 1704 3246 1787 Marbeg so außerordeutlch liegen. Das junge Mädchen wird vom
161 1733 436 1813 irschfeld.
768 1727 1992 1816 denn sie denkt nicht daran, sich zu rächen. Aber Hofreiter, ein
2003 1744 3238 1832 Fräulein Hofteusel sehr nett, der Fähnrich von Herrn Geraschi
769 1759 1990 1853 merkwürdiger komplizierter Mensch kann die Episode mit dem
197 1769 730 1869 Wien, 14. Oktober 1911.
2001 1782 3233 1872 gespielt. Aber auch die kleinsten Rollen wurden von den ersten
766 1816 1984 1896 Pianisten nicht vergessen. Es ist ihm ein unerträglicher Gedanke,
1998 1815 3245 1917 Künstlern dargestellt: Den Hoteldirektor, den Hartmann hätte
156 1834 756 1930 künchen, in Prag und in noch
767 1851 2002 1935 daß Jemand gestorben ist, weil seine Frau so unerbitlich und!
2010 1866 3246 1954 spielen sollen, gab Herr Devrient, die Mutter des Fähnrichs
172 1896 751 1968 heute das neue Werk Arthur
758 1895 1996 1980 tugendhaft war. Er braucht einen Milienwechsel und fährt in die
2005 1905 3247 1997 Frau Bleibtreu, einen Hotelportier Herr Thimig, zugleich
161 1932 761 2001 Man kann sagen, daß das ganze
771 1926 1992 2018 Dolomiten. Dort, in einem Hotel am Völser Weiher spielt der
2008 1956 3252 2042 der Regisseur der Vorstellung, einen Bergführer Herr Balaj¬
760 1972 2005 2047 dritte Akt. Hier treffen mit Ausnahme von Genia alle Figuren
158 1985 770 2056 che Publikum an diesem Abend
2007 1993 3250 2087 thy und so weiter. Eine außerordentliche Besetzung, wie sie nur
770 2019 1987 2102 und noch einige Episoden zusammen, und auch Hofreiter begeg¬
156 2035 752 2093 in bringt der Entwicklung unseres
2002 2028 3256 2127 für Artur Schnitzler und nur vom Burgtheater aufgeboten wer¬*
763 2060 1998 2151 net Erna, in die er sich verliebt. In der Nähe des Ortes gibt
156 2078 759 2146 Herall ein starkes Interesse ent¬
769 2099 2002 2178 es einen Turm zu besteigen. Hofreiter wagt es und zwar in Ge¬
2010 2114 2231 2192 den kann.
169 2130 769 2186 ung manchesmal auch sein mag.
2084 2108 3243 2210 Die Aufführung erzielte einen Achtungserfolg, der sich
773 2137 2000 2224 sellschaft Ernas. Er will sich von seiner Frau scheiden lassen um
155 2177 758 2235 Edie „Das weite Land“ eine Ent¬
2016 2174 3253 2260 nach dem vierten und fünften Akte vertiefte und ver¬
781 2160 2015 2259 Erna zu heiraten. Sie küssen sich und sie sagt ihm, daß er heute
154 2215 764 2287 ler bedeutet. Eher scheint mir
780 2220 2000 2302 Nacht ihre Tür offen finden werde Inzwischen hat Hofreiters
2020 2223 2838 2325 stärkte. Der Dichter wurde oft gerufen.
162 2263 777 2338 üheren Dichtungen; zum „Zwi¬
773 2262 2009 2342 Frau Genia in Baden mit jenem Fähnrich ein Verhältnis be¬
2766 2253 2871 2349 *
171 2312 768 2373 eg“, bessen tief gründig nachdenk¬
772 2302 2005 2382 gonnen. Die Sache kommt Hofreiter in skandalöser Form zu
2146 2326 3119 2407 Urpremière von Arthur Schnitzler in Hamburg.
768 2342 2009 2427 Ohren und obwohl ihm die Angelegenheit ziemlich gleichgiltig ist,
177 2359 765 2419 rt sich hier wieder findet. Wieder
2485 2394 2776 2454 (Telegramm).
784 2397 2019 2467 muß er sich mit dem Fähnrich schlagen. Er erschießt ihn im Duell !
160 2406 766 2476 g, dieselben wunderlichen Men¬
2087 2405 3256 2497 G.M. Die ersten Akte von „Das weite Land“ wurden nur lau
780 2417 2018 2509 und damit ist das letzte Band zwischen den Ehegatten zerrissen.
169 2452 769 2526 rschütterndste, der Tod und die
783 2461 2009 2539 Er will verschwinden, nach Amerika, irgendwo ins Unbekannte.
2012 2457 3260 2548 und mit abwartendem Interesse aufgenommen, erst am Schluß
165 2507 255 2569 nd.
783 2490 2016 2584 Er fühlt sich zu alt, er weicht vor der Jugend die er in dem Auge
2020 2517 3252 2584 stellte sich ein starker, wenn auch nicht ganz unbestrittener Bei¬
173 2530 777 2620 d des „einsamen Wegs“ und der
2015 2547 3272 2636 fall ein, sodaß sich Direktor Carl Hagemann, der das Stück
788 2559 1623 2636 des sterbenden Fähnrichs aufblitzen sah..
203 2593 780 2665 Hauptfigur des „Weiten Lan¬
2021 2589 3256 2664 mit feinstem Verständnis insszeniert und wundervolle Bühnen¬
860 2577 2016 2673 Man sieht, Schnitzler hat hier ein kühnes und kompliziertes
2028 2612 3267 2708 bilder geschaffen hatte, mehrere Male mit seinen Künstlern zei¬
210 2646 786 2707 Auch hier handelt es sich wie¬
787 2630 2023 2724 seelisches Problem zu lösen gesucht. Man vermag ihm auf seinen
177 2690 783 2755 Einsamen und Alternden. Hof¬
2025 2702 2287 2764 gen konnte.
788 2690 2021 2762 psychologischen Pfaden nicht immer leicht zu folgen und maches
2581 2727 2684 2782 *
178 2731 778 2804 n Genia in einer Villa in Baden
790 2727 2025 2810 dürfte auf das große Theaterpublikum seltsam und vielleicht
2091 2736 3263 2830 Eine ähnliche Aufnahme fand das Stück in Berlin, im
791 2767 2018 2855 sogar befreundend wirken. Das ganze Stück ist von einer nach¬
169 2776 787 2853 n den fünf Akten. Der erste Alt
2031 2811 3251 2877 Lessingtheater. Unbestrittenen Erfolg hatte der dritte Akt,
788 2803 2019 2905 denklichen resignierten Stimmung erfüllt, die man im ersten
169 2823 787 2893 en Stimmung ein: Die Haupt¬
2030 2830 3272 2914 in dem namentlich die hübschen Lustspielszenen gefielen. Nach
794 2847 2022 2945 und vierten Alt am stärksten spürt. Die packendste und drama¬
162 2875 793 2939 begnägnis eines berühmten Pia¬
2022 2878 3276 2951 den anderen Akten klang der Beifall nicht sehr stark. Vom vierten
788 2894 2027 2979 matischste Szene des Werkes enthält der fünfte Akt: Die Rück¬
175 2919 785 2987 an führt nachdenkliche und gleich¬
2031 2928 3258 2999 Akt an gab es auch Widerspruch, den aber nur die ungleiche Auf¬
799 2941 2026 3026 kehr Hofreiters vom Duell und sein Zusammentreffen mit der
175 2958 794 3044 lund stellt Vermutungen über die
2023 2986 2479 3060 führung verschuldete.
794 2977 2032 3073 Mutter des Getöteten. Am meisten äußerliche Bewegung und
2097 2986 3261 3077 In München, im Königl. Residenztheater, war der Bei¬
174 3007 789 3078 Ran glaubt allgemein, der Pianist
796 3022 2026 3116 Handlung enthält natürlich der dritte Akt, der in dem Dolo¬
174 3059 786 3122 rgeiz das Leben genommen. Nur
804 3088 3263 3159 mitenhotel spielt. Hier gibt es auch sehr viel episotistisches Fülliel fall vom dritten Akte an lebhaft und freundlich, ebenfalls in
3086 3089 3268 3155 #1
180 3107 805 3179 rund. In einem Gespräche mit
191 3113 2355 3237 Gewißheit. Der Pianist hat sich 1 von dem manches ziemlich konventionell und lustspielmäßig an= 1 Hannover.
