3392 4352
225 146 1177 260 24. Das
574 1655 1373 1747 Sfienbache , Offenhaet
572 1746 1421 1883 Frankfurtek Schaufpielhaus.
1289 1881 1433 1928 REGR
777 1862 1200 1943 „Das weite Land“.
591 1895 1377 1991 Tragikomödie von Arthur Schnitzler.
525 1928 881 2009 Das weite=La##
1022 1970 1494 2046 Seeren Die Er¬
457 1978 764 2043 klärung des 7
464 2023 747 2084 Herr Bayrhaf
1061 2023 1499 2088 weiter, doch das hat
1085 2061 1490 2127 Aigner derart un¬
467 2063 744 2124 deutlich gespe
1082 2082 1499 2160 nicht weiter ver¬
457 2102 751 2165 stehen konnt##
1071 2137 1488 2200 das weite Land ist.
465 2141 777 2205 Aus dem Jube
916 2168 1487 2247 #kes geht es auch nicht
453 2175 774 2245 hervor, sodaßt
889 2205 1479 2285 Wie Auskunft über den
450 2231 1483 2309 Titel schuldig bkeiben müssen. Doch wäre das das
443 2258 1477 2360 einzig Unverständliche in der Tragikomödie, man
448 2301 1476 2380 könnte wohl darüber hinwegsehen. Aber leider
438 2319 1479 2436 bleibt der Grund, weshalb Schnitzler das Stück
437 2361 1475 2476 geschrieben hat, fast ebenso unklar wiesdie Charak¬
443 2413 1476 2514 tere seiner Helden, bis endlich nach fünf endlosen
432 2450 1466 2547 Akten dem aufmerksamen Hörer eine Ahnung von
435 2483 1472 2591 dem Grundgedanken aufaeht, der Schnitzler vorge¬
434 2524 1459 2631 schwebt haben mag, als er zur Feder griff, der Ge¬
417 2571 1469 2677 danke, den Neid des Alters auf die Jugend zu
1351 172 1783 262 box 29/2
1841 995 2367 1041 — Wner 101I
1743 1064 2783 1121 schildern. Doch leider ist der Augenblick, in dem
1746 1121 2769 1163 diese Tragödie beginnt, in der Schnitzler wieder der
1749 1154 2774 1211 frühere, der Dichter der Liebelei, wird, derselbe
1746 1180 2774 1250 Augenblick, in dem der Vorhang fällt, und dieser
1740 1233 2776 1296 eine Moment ist dann nicht mehr imstande, für die
1739 1270 2576 1331 vorausgegangenen 5 Akte zu entschädigen.
1805 1296 2777 1367 Der Verfasser führt uns nach Wien in das Milien
1736 1348 2774 1429 der Welt, in der die eheliche Untrene zum guten
1744 1391 2762 1441 Ton gehört. Der Ehemann hintergeht seine Frau,
1744 1432 2773 1482 um deren Tugend und Treue willen sein bester
1733 1467 2779 1529 Freund sich erschießt. Statt diese Charakterfestigkeit
1740 1507 2770 1576 anzuerkennen, übt der Beweis der Treue und Liebe
1734 1544 2759 1600 seiner Frau nur die eine Wirkung auf den Gatten
1743 1583 2765 1638 aus, daß sie ihm noch mehr zuwider wird und er
1750 1620 2756 1680 Zerstreuung bei einem zwar vom Großstadtsumpf
1746 1665 2767 1732 angekränkelten, aber bisher anständigen Mädchen,
1744 1706 2756 1744 er Freundin Erna seiner Gattin, sucht und findet.
1740 1732 2758 1780 Die Gattin, die die Konsequenzen aus dem Charak¬
1733 1776 2769 1833 ter des Mannes gezogen hat, tröstet sich mit einem
1738 1812 2755 1872 jungen Fähnrich, mit dem der Ehemann sie über¬
1737 1856 2757 1912 rascht, froh, jetzt nicht mehr der einzig Schuldige zu
1738 1878 2755 1945 sein. Und doch fordert er den jungen Mann, nicht,
1736 1934 2759 1992 weil ihn die Untreue der völlig entfremdeten Gattin
1735 1966 2755 2026 besonders kränkt, nicht als ob er das Gespött der
1728 2014 2761 2051 dekadenten Welt, in der Betrug und Liebelei etwas
1735 2047 2759 2100 Selbstverständliches ist, fürchtet, nein, nur der Neid
1736 2076 2759 2151 ist der Beweggrund, ansangs noch ohne Bewußt¬
1737 2117 2762 2160 sein, das ihm erst klar wird, als die Gegner sich
1738 2161 2757 2211 Auge in Auge gegenüber stehen, und die Jugend voll
1742 2195 2766 2259 stolzen Triumphes auf das Alter blickt. Und darum
1734 2235 2759 2293 bleibt der erschossene Jüngling doch der Sieger über
1727 2280 2747 2334 den fortlebenden Gatten, der sich nicht nur von sei¬
1731 2317 2758 2361 ner Frau, sondern auch von der Geliebten, die ihm
1723 2348 2759 2411 jetzt ganz angehören will und kann, trennt, weil er
1724 2395 2763 2450 eingesehen hat, daß die 20 Jahre die 40 vernichten.
1734 2426 2761 2472 Dieser Grundstoff, den Schnitzler mit zu viel über¬
1738 2465 2762 2532 flüssigem Beiwerk behängt, durch zu verworrene
1734 2502 2751 2570 Charakterzeichnungen zu sehr in die Länge aezogen
1734 2550 2755 2615 hat, dieses Kämpfen des Alters gegen die Jugend,
1738 2583 2757 2650 ist wirklich eine Tragödie, sogar die Tragödie des
1725 2628 2759 2660 Lebens, und darum war das Zischen gerade nach
1725 2659 2763 2704 dem letzten Akte, das den Beifall durchtönte, höchst
1718 2701 2755 2762 unberechtigt, so schwach auch sonst das Werk sein mag.
1783 2746 2752 2794 An dem Mißerfolg ist zum Teil auch die Regie
1722 2779 2752 2847 mitschuldig, die nicht nur gewaltig hätte streichen,
1723 2819 2756 2879 sondern auch in der Darstellung für viel flotteres
1719 2868 2751 2923 Tempo hätte sorgen müssen. Anerkennung verdienen
1726 2886 2759 2954 dagegen die prächtige Ausstattung und schönen Büh¬
1730 2940 2746 2988 neubilder. Von den Darstellern ragten Herr
1723 2967 2747 3040 Bauer und Fräulein Irmen als Hofreiter und
1720 3010 2749 3068 Erna weit über ihre Mitspieler empor. Aus den
1722 3055 2732 3112 verwischten Charakteren des Autors suchten sie
1716 3084 2747 3145 lebenswahre Menschen zu machen. Fräulein Wulf
1725 3131 2738 3187 als Gattin Genia war aut bis zu dem Augenblick,
1722 3164 2732 3217 in dem der Umschwung sich in ihr vollnieht, in den
1721 3209 2744 3263 weiteren Akten kam sie über eine äußerlich: Dar¬
1715 3244 2734 3310 stellung nicht hinaus. Herr Krauß als Nähnrich
1715 3273 2739 3339 Aigner ließ völlia kalt, während Fräulein Klink¬
1717 3324 2746 3358 hammer die Fiaur seiner Mutter mit Herz und
1716 3357 2743 3413 Gemüt auszustatten wußte. Eine von feinem Hu¬
1713 3391 2737 3456 mor erfüllte Rolle war die Frau Wahl in Fräulein
1715 3431 2760 3501 Könias Darstellung, mit mehr als passiven Rol¬
1711 3478 2748 3541 len mühten sich Herr Pfeil, Fräulein Hart¬
1719 3511 2750 3570 mann, Herr Mener, Herr Schwarz und
1708 3551 2194 3614 Fräulein Einzig ab.
2239 4120 2287 4187 2211
