3344 4608
1238 139 1668 236 box 28/4
109 166 1120 264 24. Das veite Land
1588 1207 3006 1308 — — —eag ur. S
2803 1249 3236 1339 daten. Er hat große
339 1259 800 1338 Wert Harauf geneg..
337 1315 2825 1369 Kontakt zu setzen. Sie hat in der Folge, wenn sie es nuht] Vatikan hoffen dürfe, auch bei einem Fehlschlag seine Rech¬
2813 1312 3224 1374 wurden nach Hunan
1581 1308 2835 1389 nung zu finden, insofern dieser mit einer Minderung des staat¬
340 1340 1594 1411 vorzog, die Oeffentlichkeit im Dunkeln tappen zu lassen, sie!
2804 1354 3251 1429 kaiserlichen Armee beg
334 1402 2826 1449 falsch informiert und auf Irrwege geführt Das hat natür-lichen Ansehens verbunden wäre. Man darf ruhig vor¬
2804 1389 3255 1474 der Zweck der Revolu
333 1441 2825 1488 lich ein ganz stattliches Quankum von Unnllen und Verbitte=aussetzen, daß der Vatikan nur mit einem Gelingen des
1581 1442 2813 1520 gewagten Geschäfts rechnet. Muß es dem Papsttum nicht
2820 1453 3257 1520 machen. Die gegenw#
332 1456 1603 1530 rung erzeugt, und niemand vermag zu sagen, ob und wie
1583 1479 2819 1555 einen gewaltigen Zuwachs an Einfluß und Macht eintragen,
2821 1497 3247 1566 werden und seien hiur
337 1499 1587 1565 die gereizte Stimmung sich im Reichstag entladen wird. Diese
1581 1515 2823 1595 wenn unter seinem Beistande Tripolis erobert, wenn unter
2813 1552 3250 1610 genügen und die Aus
333 1546 1590 1607 Ungewißheit macht es begreiflich, daß endlich sogar der unsicht¬
1589 1557 2822 1640 Mithilfe klerikaler Gelder Tripolis kolonisiert wird? Freilich
2822 1584 3244 1659 Wir könnten, sagte er,
340 1587 1589 1654 bare Lenker der Reichsgeschicke aus dem Hohenfinower Nebel¬
1592 1594 2817 1682 würde ein Vorstoß der römischen Weltkirche in die nordafrika¬
342 1633 1582 1699 schleier hervortrat, um sich rasch noch der Zustimmung derer
2815 1632 3251 1713 wenn es aber nötig ist
1585 1648 2820 1722 nischen Gebiete des Islam eine dauernde und schwere Gefahr
334 1660 1591 1758 zu versichern, die gewohnheitsmäßig mit der jeweiligen Reichs¬
2825 1689 3247 1754 mit den Ausländern
1592 1687 2824 1767 für den Weltfrieden bedeuten. Aber wo es gilt, der Kirche
342 1709 1599 1783 regierung durch dick und dünn trotten. Die Ueberlieferung,
1579 1717 2826 1812 verlorenes Gebiet zurückzuerobern, da ist die Kirche noch nie
2823 1734 3242 1794 wärtigen Konsuln
338 1761 1591 1818 daß die Bundesregierungen in Fragen der auswärtigen Poli¬
1579 1788 2681 1864 vor der Entfesselung blutiger Kriege zurückgeschreckt.
2813 1785 3257 1853 sucht, Vorstellungen i
337 1795 1591 1864 tik ihre Meinung gebrauchsfertig von Berlin beziehen, ist auch
1648 1797 2822 1885 Bläst doch auch die deutsche Klerisei gar emsig in das
2823 1826 3256 1888 Wutschang durch
345 1839 1220 1910 diesmal schwerlich durchbrochen worden.
1591 1858 2823 1933 Feuerchen, das an der Nordostgrenze der Republik Portugal
2817 1881 3264 1940 und der Regierung
406 1871 1590 1948 Für den Fall, daß die Teuerung und der Marokkohandel
1596 1897 2827 1973 noch langsam weiter schwelt. Man wird vielleicht nicht fehl¬
2815 1922 3255 1987 das Geschwader komm
339 1924 1585 1990 noch nicht genügen sollten, die öffentliche Meinung in Grund
1595 1936 2816 2019 gehen, wenn man hinter diesen royalistischen Putschversuchen
2821 1969 3246 2034 Operationen so leitet,
347 1964 1594 2036 und Boden zu verstimmen, hat das westfälische Konsistorium
1594 1980 2826 2050 eher die Hand des Prätendenten Miguel, als die des Exkönigs
338 2005 1598 2091 vorgesorgt. Dem Ketzergericht gegen Jatho soll nun eins gegen
2831 2017 3261 2084 nicht gefährdet werden
1595 2023 2831 2095 Manuel sucht. Denn Manuel hat wohl mehr Neigung, sich zu
348 2045 1590 2112 den Dortmunder Pfarrer Traub folgen, und man kann sich
2832 2053 3265 2121 das Bombardement g#
1599 2066 2823 2138 einem Lebekönig von der Art jenes Christian von Illyrien zu
344 2081 1601 2172 darauf verlassen, daß dies Verfahren noch erheblich weitere
1589 2102 2834 2182 entwickeln, den Daudet unsterblich gemacht hat. Mit klerikalem
2819 2110 3262 2176 Regierung Schaden an
347 2134 1601 2190 Wellenkreise ziehen wird als das gegen Jatho. Teuerung,
1594 2141 2829 2214 Gelde wird zweifellos auch diese Gegenrevolution genährt, bei
2822 2156 3254 2223 Es heißt, das diploma
338 2165 1599 2258 Marokkohandel, Ketzergerichte, sie haben eins gemeinsam. Sie
1595 2176 2836 2258 der Priester tätig mitwirken. Wie weit an der Finanzierung des
2826 2205 3263 2271 Vorschlag beraten. K##
351 2209 1597 2272 zeigen die vom Agrariertum und dem internationalen Kleri¬
1596 2223 2830 2297 Unternehmens Anita Stewart, die vom Grafen Wolff¬
2819 2249 3256 2317 in Seven=Mile=Creek g
340 2249 1601 2333 kalismus abhängigen Staatsgewalten im Gegensatz zum Ar¬
1591 2273 2826 2344 Metternich vergeblich begehrte Dollarprinzessin und jetzige
2819 2295 3260 2369 nicht erwartet. Die E
350 2284 1607 2369 beiterstande, zum Mittelstand und zu den Vertretern deutscher
1599 2313 2827 2380 Schwiegertochter Dom Miguels beteiligt ist, mag dahingesteilt
360 2324 1599 2411 Geistesbildung. Dieser Gegensatz wirkt wenn auch nur all¬
2819 2345 3091 2416 [zerstört.
1603 2344 2838 2427 bleiben. Das lebhafte Interesse aber, das die deutsche Zen¬
342 2373 1603 2458 mählich, so doch andauernd, auf die Gruppierung der poli¬
2870 2374 3255 2458 In Peking sind z
1589 2392 2838 2469 trumspresie an den Putschen bekundet, erklärt sich einmal aus
346 2419 1600 2492 tischen Parteien ein. Während der Chef der Partei von
2827 2415 3271 2504 gerückt. Kavalleri
1598 2426 2837 2512 dem Haß gegen die Republik und ihre fortschrittliche Kirchen¬
362 2456 1601 2534 „Bildung und Besitz“ durch die Lande fährt und überall den
1599 2473 2831 2550 gesetzgebung, dann aber auch aus dem doppelten, verwandt¬
2828 2467 3272 2551 sind mit Gewehren bew
347 2490 1600 2567 Großblockgedanken verdammt, der seine badische Heimat vor
1604 2512 2835 2595 schaftlichen Bande, das den Prätendenten Miguel von Bra¬
2822 2530 3252 2600 mit Truppen gestern
358 2539 1612 2610 der Herrschaft des Zentrums bewahrt hat, erobert sich dieser
1595 2555 2834 2632 ganza mit dem klerikalen Fürstenhause der Löwenstein¬
2832 2567 3275 2645 nun, daß nicht mehr all
352 2575 1599 2649 Gedanke immer weitere Kreise von Anhängern. Zunächst im
1604 2598 2839 2674 Wertheim=Rosenberg verbindet. Das Zentrum ist
2833 2623 3265 2680 Post= und Expreßzüge
356 2631 1596 2692 Westen, wo er den Rhein in alten Zeiten des
1600 2638 2835 2720 zwar die „einzig wahre" Volkspartei, aber wie ihre Feudalen
2827 2650 3282 2740 strikte Zensur wurd
355 2664 1608 2749 heiligen römischen Reiches „Pfaffengasse“ hinabmarschiert ist
1603 2679 2838 2759 vor dem Kaiser, so erstirbt sie selbst immer noch in Ehrfurcht
359 2726 1605 2793 und dem Zentrum Düsseldorf entrissen hat. Von der Südwest¬
2824 2723 3272 2785 wurde ein kaiserliches
1603 2731 2269 2815 vor ihren feudalen Mitgliedern.
358 2762 1605 2819 ecke des Reiches, von wo er ausging, ist er neuerdings über
2828 2762 3268 2829 rückgerufen und
1663 2749 2834 2843 Ist es nur ein Feuerchen, das an der portugiesischen Grenze
355 2790 1602 2861 Düsseldorf hinausgedrungen, hat die Nordwestecke erobert und
2835 2803 3272 2882 Hupeh und Hunan
1597 2810 2833 2885 sachte weiter glimmt, so ist es „wabernde Lohe", was im
354 2834 1615 2911 sich bei den Stichwahlen zum oldenburgischen Land¬
2833 2854 3277 2924 nach Wutschang zu
1609 2850 2844 2927 Jangtsetal zum Himmel schlägt. Wie immer vor diesen
363 2867 1609 2955 tag in erfreulichster Weise bewährt. Sind dies auch erst
1598 2891 2841 2959 jähen Ausbrüchen der Volksleidenschaft im nahen und fernen
2841 2899 3282 2968 herzustellen. Das Edic
646 2909 1605 2986 o summieren sie sich doch bereits zu einem
357 2932 653 3003 Teilerfolge,
1603 2925 2839 3009 Orient, steht der Europäer zunächst ratlos vor der Frage, von
2837 2944 3277 3013 ping und dem Genera
362 2958 1605 3034 Imponderabile von solchem Schwergewichte, daß den regie¬
1600 2961 2846 3049 wannen die Bewegung kam und wohin sie zielt. Es scheint,
361 2999 1608 3064 renden Parteien von Tag zu Tag unbehaglicher zu Mute wird.
362 2997 3277 3114 Der beste Gradmesser dieses Unbehagens ist die wachsende daß sie sich um die Parole „China für die Chinesen“ dreht! Iüanschikai zusammen
348 3048 3254 3172 Denunzierwut der Zentrumspr. und ihr zudringliches und eine Spitze gegen die herrschende Mandschudynastie hat. Befehl, die Autorität
