<?xml version="1.0" encoding="UTF-8" standalone="yes"?>
<PcGts xmlns="http://schema.primaresearch.org/PAGE/gts/pagecontent/2013-07-15" xmlns:xsi="http://www.w3.org/2001/XMLSchema-instance" xsi:schemaLocation="http://schema.primaresearch.org/PAGE/gts/pagecontent/2013-07-15 http://schema.primaresearch.org/PAGE/gts/pagecontent/2013-07-15/pagecontent.xsd">
    <Metadata>
        <Creator>prov=University of Rostock/Institute of Mathematics/CITlab/Gundram Leifert/gundram.leifert@uni-rostock.de:name=ONB_Newseye_GT_M1+(htr_id=10810)::::v=2.4.2
prov=University of Rostock/Institute of Mathematics/CITlab/Tobias Gruening/tobias.gruening@uni-rostock.de:name=de.uros.citlab.module.baseline2polygon.B2PSeamMultiOriented:v=2.4.2
prov=University of Rostock/Institute of Mathematics/CITlab/Tobias Gruening/tobias.gruening@uni-rostock.de:name=/mnt/transkribus/LA/DEA/URO/LA_news_onb_att.pb:de.uros.citlab.segmentation.CITlab_LA_ML:v=2.4.2
Transkribus</Creator>
        <Created>2019-10-07T11:13:15.763+02:00</Created>
        <LastChange>2019-10-08T00:44:40.782+02:00</LastChange>
        <TranskribusMetadata docId="223964" pageId="9495866" pageNr="270" tsid="16492645" status="IN_PROGRESS" userId="40391" imgUrl="https://files.transkribus.eu/Get?id=IOMTHDIZCESWNPDEKTQZZUWD&amp;fileType=view" xmlUrl="https://files.transkribus.eu/Get?id=YLTMZAAKBMWDATLITLQGRSTF" imageId="6186093"/>
    </Metadata>
    <Page imageFilename="223964_0270.jpeg" imageWidth="3344" imageHeight="4352">
        <ReadingOrder>
            <OrderedGroup id="ro_1711441687278" caption="Regions reading order">
                <RegionRefIndexed index="0" regionRef="r1"/>
            </OrderedGroup>
        </ReadingOrder>
        <TextRegion orientation="0.0" id="r1" custom="readingOrder {index:0;}">
            <Coords points="234,183 234,4144 3290,4144 3290,183"/>
            <TextLine id="r1l1" custom="readingOrder {index:0;}">
                <Coords points="630,212 648,212 659,219 667,215 685,218 696,211 707,218 740,214 739,162 706,159 702,163 695,159 684,170 677,167 673,171 629,168"/>
                <Baseline points="647,209 672,209 697,208 722,208"/>
                <TextEquiv>
                    <Unicode>We</Unicode>
                </TextEquiv>
            </TextLine>
            <TextLine id="r1l2" custom="readingOrder {index:1;}">
                <Coords points="1328,235 1412,224 1467,242 1526,224 1574,246 1776,247 1776,162 1751,155 1585,158 1563,176 1512,154 1328,168"/>
                <Baseline points="1347,219 1372,219 1398,219 1424,219 1450,220 1475,220 1501,220 1527,221 1553,221 1578,221 1604,222 1630,221 1656,221 1681,221 1707,220 1733,219 1759,217"/>
                <TextEquiv>
                    <Unicode>box 28/4</Unicode>
                </TextEquiv>
            </TextLine>
            <TextLine id="r1l3" custom="readingOrder {index:2;}">
                <Coords points="214,223 699,260 964,242 1015,269 1193,234 1195,168 768,155 682,201 577,153 381,184 217,139"/>
                <Baseline points="234,203 281,208 328,212 375,216 422,219 469,222 516,224 563,226 610,228 657,230 704,231 751,232 798,232 845,233 892,233 939,234 986,234 1033,234 1080,235 1127,235 1175,236"/>
                <TextEquiv>
                    <Unicode>24. Das beite Land</Unicode>
                </TextEquiv>
            </TextLine>
            <TextLine id="r1l4" custom="readingOrder {index:3;}">
                <Coords points="348,1176 3232,1221 3303,1145 349,1102"/>
                <Baseline points="365,1173 510,1171 656,1170 802,1170 948,1170 1094,1172 1240,1173 1386,1175 1532,1178 1678,1181 1824,1184 1969,1187 2115,1190 2261,1194 2407,1197 2553,1200 2699,1203 2845,1206 2991,1209 3137,1211 3283,1212"/>
                <TextEquiv>
                    <Unicode>„Augsburg“ ist heute von zriel nach der Nordsee insin einem besonderen Aufrufe bekannt geben. Dies sorgen, oieumungene Altheitlicher</Unicode>
                </TextEquiv>
            </TextLine>
            <TextLine id="r1l5" custom="readingOrder {index:4;}">
                <Coords points="350,1218 2447,1239 351,1156"/>
                <Baseline points="367,1211 470,1213 573,1214 676,1216 779,1217 882,1218 985,1218 1088,1219 1191,1220 1294,1221 1398,1221 1501,1222 1604,1223 1707,1224 1810,1226 1913,1227 2016,1229 2119,1231 2222,1234 2325,1238 2429,1241"/>
                <TextEquiv>
                    <Unicode>See gegangen. Poststation ist bis zum 27. Oktober belgische Kammer ist auf den 14. November ein¬</Unicode>
                </TextEquiv>
            </TextLine>
            <TextLine id="r1l6" custom="readingOrder {index:5;}">
                <Coords points="2438,1252 3299,1260 3299,1205 2439,1201"/>
                <Baseline points="2455,1243 2496,1244 2537,1244 2578,1245 2619,1246 2661,1246 2702,1247 2743,1247 2784,1248 2825,1248 2867,1249 2908,1249 2949,1249 2990,1249 3031,1250 3073,1250 3114,1250 3155,1250 3196,1251 3237,1251 3279,1252"/>
                <TextEquiv>
                    <Unicode>kaum etwas Ernstliches unternehmen kö</Unicode>
                </TextEquiv>
            </TextLine>
            <TextLine id="r1l7" custom="readingOrder {index:6;}">
                <Coords points="339,1263 934,1272 971,1265 972,1221 339,1204"/>
                <Baseline points="356,1250 385,1252 415,1253 445,1255 475,1256 505,1257 534,1258 564,1258 594,1259 624,1260 654,1260 683,1260 713,1260 743,1260 773,1261 803,1261 832,1261 862,1261 892,1260 922,1260 952,1260"/>
                <TextEquiv>
                    <Unicode>Cuxhaven, dann wieder Kiel.</Unicode>
                </TextEquiv>
            </TextLine>
            <TextLine id="r1l8" custom="readingOrder {index:7;}">
                <Coords points="1404,1274 2456,1304 2457,1230 1405,1219"/>
                <Baseline points="1421,1258 1471,1260 1522,1262 1573,1263 1624,1265 1675,1267 1726,1268 1776,1269 1827,1271 1878,1272 1929,1274 1980,1274 2031,1276 2082,1277 2132,1277 2183,1278 2234,1279 2285,1279 2336,1279 2387,1279 2438,1279"/>
                <TextEquiv>
                    <Unicode>berufen, und wenn das Ministerium de Broqueville</Unicode>
                </TextEquiv>
            </TextLine>
            <TextLine id="r1l9" custom="readingOrder {index:8;}">
                <Coords points="1444,1315 1547,1302 1572,1317 1694,1312 1708,1323 1731,1309 1760,1332 1797,1310 1845,1311 1845,1267 1790,1262 1764,1277 1445,1260"/>
                <Baseline points="1463,1294 1489,1295 1515,1296 1541,1298 1567,1299 1593,1300 1619,1301 1645,1302 1671,1302 1697,1302 1723,1302 1749,1302 1775,1301 1801,1301 1827,1300"/>
                <TextEquiv>
                    <Unicode>e——</Unicode>
                </TextEquiv>
            </TextLine>
            <TextLine id="r1l10" custom="readingOrder {index:9;}">
                <Coords points="346,1354 1405,1377 1405,1325 1372,1321 346,1306"/>
                <Baseline points="364,1351 415,1352 466,1353 517,1354 568,1354 619,1355 670,1356 721,1356 772,1357 823,1357 874,1358 925,1358 976,1359 1027,1359 1078,1360 1129,1360 1180,1361 1231,1361 1282,1362 1333,1363 1385,1363"/>
                <TextEquiv>
                    <Unicode>Aus dem durcheinandergewirrten Knäuel der Ge¬</Unicode>
                </TextEquiv>
            </TextLine>
            <TextLine id="r1l11" custom="readingOrder {index:10;}">
                <Coords points="1395,1368 3293,1384 3260,1333 1395,1320"/>
                <Baseline points="1414,1353 1511,1359 1609,1364 1707,1369 1805,1372 1903,1373 2001,1375 2098,1375 2196,1375 2294,1374 2392,1373 2490,1372 2588,1371 2685,1371 2783,1370 2881,1370 2979,1371 3077,1372 3175,1375 3273,1378"/>
                <TextEquiv>
                    <Unicode>Menschengeschicken, die sich da vor uns abspielen, be- dem Simplizissimus=Redakteur Korfi</Unicode>
                </TextEquiv>
            </TextLine>
            <TextLine id="r1l12" custom="readingOrder {index:11;}">
                <Coords points="330,1405 1401,1410 1401,1377 1310,1361 331,1372"/>
                <Baseline points="349,1396 400,1396 452,1397 504,1398 555,1398 607,1399 659,1400 710,1400 762,1401 814,1401 866,1402 917,1403 969,1403 1021,1404 1072,1404 1124,1405 1176,1405 1227,1406 1279,1406 1331,1406 1383,1407"/>
                <TextEquiv>
                    <Unicode>fühle und Spielereien konnte sich eine Komödie ver¬</Unicode>
                </TextEquiv>
            </TextLine>
            <TextLine id="r1l13" custom="readingOrder {index:12;}">
                <Coords points="1397,1407 2349,1436 2445,1423 2446,1379 1398,1366"/>
                <Baseline points="1416,1407 1466,1406 1516,1406 1567,1407 1617,1408 1668,1408 1718,1410 1769,1411 1819,1413 1870,1414 1920,1416 1970,1417 2021,1419 2071,1420 2122,1421 2172,1422 2223,1422 2273,1422 2324,1421 2374,1420 2425,1419"/>
                <TextEquiv>
                    <Unicode>gleitet von einer teilnehmenden uns selber wider¬</Unicode>
                </TextEquiv>
            </TextLine>
            <TextLine id="r1l14" custom="readingOrder {index:13;}">
                <Coords points="2429,1408 2734,1433 3047,1416 3069,1439 3293,1433 3294,1385 3124,1388 3084,1361 2429,1371"/>
                <Baseline points="2449,1416 2490,1415 2531,1415 2572,1414 2614,1414 2655,1414 2696,1414 2737,1414 2779,1415 2820,1415 2861,1415 2902,1416 2944,1416 2985,1417 3026,1417 3067,1418 3109,1418 3150,1419 3191,1419 3232,1420 3274,1420"/>
                <TextEquiv>
                    <Unicode>hat sie bald aus dem Sattel gehoben. 2</Unicode>
                </TextEquiv>
            </TextLine>
            <TextLine id="r1l15" custom="readingOrder {index:14;}">
                <Coords points="332,1450 1399,1463 1399,1411 332,1402"/>
                <Baseline points="352,1439 403,1440 454,1441 506,1441 557,1442 608,1443 660,1443 711,1444 762,1445 814,1445 865,1446 916,1447 968,1447 1019,1448 1070,1448 1122,1449 1173,1449 1224,1450 1276,1451 1327,1451 1379,1452"/>
                <TextEquiv>
                    <Unicode>irrter Ehenächsten=Liebe entschälen, und wenn nicht</Unicode>
                </TextEquiv>
            </TextLine>
            <TextLine id="r1l16" custom="readingOrder {index:15;}">
                <Coords points="2447,1464 2999,1486 3061,1446 3091,1472 3304,1488 3304,1429 3058,1402 2447,1427"/>
                <Baseline points="2466,1460 2509,1459 2552,1458 2595,1458 2638,1458 2681,1458 2724,1458 2767,1458 2810,1458 2853,1459 2897,1459 2940,1460 2983,1460 3026,1461 3069,1461 3112,1462 3155,1462 3198,1463 3241,1464 3285,1464"/>
                <TextEquiv>
                    <Unicode>sphäre dieser „Hundstage“ hat mit de</Unicode>
                </TextEquiv>
            </TextLine>
            <TextLine id="r1l17" custom="readingOrder {index:16;}">
                <Coords points="1396,1451 2444,1474 2445,1426 1397,1407"/>
                <Baseline points="1414,1447 1464,1449 1515,1450 1565,1452 1616,1453 1666,1455 1717,1457 1767,1458 1818,1459 1868,1461 1919,1462 1970,1463 2020,1465 2071,1466 2121,1467 2172,1467 2222,1468 2273,1468 2323,1468 2374,1467 2425,1467"/>
                <TextEquiv>
                    <Unicode>hallenden Menge, deren dramatische Funktionen uns</Unicode>
                </TextEquiv>
            </TextLine>
            <TextLine id="r1l18" custom="readingOrder {index:17;}">
                <Coords points="331,1502 1321,1509 1405,1503 1406,1455 332,1440"/>
                <Baseline points="350,1484 401,1484 453,1484 505,1484 557,1485 609,1486 661,1486 712,1487 764,1488 816,1490 868,1491 920,1492 972,1493 1024,1494 1075,1495 1127,1495 1179,1496 1231,1496 1283,1496 1335,1495 1387,1494"/>
                <TextEquiv>
                    <Unicode>unter einem geheilten Lachen, so doch unter einem</Unicode>
                </TextEquiv>
            </TextLine>
            <TextLine id="r1l19" custom="readingOrder {index:18;}">
                <Coords points="2436,1512 3260,1520 3290,1509 3291,1446 3003,1480 2437,1461"/>
                <Baseline points="2456,1503 2496,1502 2537,1502 2578,1501 2619,1501 2660,1501 2700,1502 2741,1502 2782,1503 2823,1503 2864,1504 2904,1505 2945,1506 2986,1506 3027,1507 3068,1507 3108,1507 3149,1507 3190,1507 3231,1507 3272,1506"/>
                <TextEquiv>
                    <Unicode>den Schwüle unsres letzten Hochsommers</Unicode>
                </TextEquiv>
            </TextLine>
            <TextLine id="r1l20" custom="readingOrder {index:19;}">
                <Coords points="1395,1498 2440,1524 2441,1469 2408,1465 1396,1450"/>
                <Baseline points="1415,1491 1465,1492 1515,1494 1565,1495 1616,1497 1666,1499 1716,1500 1767,1502 1817,1503 1867,1505 1918,1506 1968,1508 2018,1509 2068,1510 2119,1511 2169,1511 2219,1511 2270,1511 2320,1511 2370,1510 2421,1509"/>
                <TextEquiv>
                    <Unicode>fremd geworden und die wir doch mit geheimen</Unicode>
                </TextEquiv>
            </TextLine>
            <TextLine id="r1l21" custom="readingOrder {index:20;}">
                <Coords points="340,1521 1403,1549 1400,1501 340,1488"/>
                <Baseline points="357,1526 408,1526 459,1527 511,1527 562,1528 614,1529 665,1530 716,1531 768,1532 819,1533 871,1534 922,1535 973,1536 1025,1537 1076,1537 1128,1538 1179,1539 1230,1539 1282,1540 1333,1540 1385,1540"/>
                <TextEquiv>
                    <Unicode>besänftigenden und verzeihenden Lächeln konnte die</Unicode>
                </TextEquiv>
            </TextLine>
            <TextLine id="r1l22" custom="readingOrder {index:21;}">
                <Coords points="1407,1542 2219,1575 2249,1550 2447,1568 2449,1513 1408,1494"/>
                <Baseline points="1425,1533 1475,1535 1525,1537 1575,1539 1625,1540 1676,1542 1726,1544 1776,1545 1826,1546 1876,1547 1927,1548 1977,1549 2027,1550 2077,1550 2127,1551 2178,1551 2228,1551 2278,1551 2328,1552 2378,1552 2429,1552"/>
                <TextEquiv>
                    <Unicode>Schauern als letzte Zeugen einer verloren gegange¬</Unicode>
                </TextEquiv>
            </TextLine>
            <TextLine id="r1l23" custom="readingOrder {index:22;}">
                <Coords points="2447,1552 3242,1567 3300,1559 3301,1508 2447,1508"/>
                <Baseline points="2464,1547 2504,1548 2545,1548 2586,1548 2627,1548 2668,1548 2709,1548 2749,1548 2790,1548 2831,1548 2872,1548 2913,1548 2954,1548 2995,1548 3035,1549 3076,1549 3117,1549 3158,1550 3199,1551 3240,1552 3281,1553"/>
                <TextEquiv>
                    <Unicode>mein, sie ist vielmehr voll jener gutmütig</Unicode>
                </TextEquiv>
            </TextLine>
            <TextLine id="r1l24" custom="readingOrder {index:23;}">
                <Coords points="340,1577 1392,1590 1392,1542 1359,1538 340,1522"/>
                <Baseline points="357,1575 407,1575 458,1575 509,1575 560,1576 611,1576 662,1576 713,1576 764,1577 815,1577 866,1577 916,1578 967,1578 1018,1579 1069,1579 1120,1580 1171,1581 1222,1581 1273,1582 1324,1583 1375,1584"/>
                <TextEquiv>
                    <Unicode>Legitimität sich die weiße Rose der Resignation der</Unicode>
                </TextEquiv>
            </TextLine>
            <TextLine id="r1l25" custom="readingOrder {index:24;}">
                <Coords points="1402,1582 2410,1610 2451,1552 1403,1538"/>
                <Baseline points="1422,1577 1472,1578 1522,1580 1573,1582 1623,1583 1674,1585 1724,1586 1775,1588 1825,1589 1876,1590 1926,1592 1976,1593 2027,1594 2077,1595 2128,1596 2178,1596 2229,1596 2279,1597 2330,1597 2380,1596 2431,1596"/>
                <TextEquiv>
                    <Unicode>nen Gemeinschaft zwischen Dichter und Volk, Re¬</Unicode>
                </TextEquiv>
            </TextLine>
            <TextLine id="r1l26" custom="readingOrder {index:25;}">
                <Coords points="2439,1594 3307,1613 3307,1558 3263,1554 2439,1550"/>
                <Baseline points="2456,1589 2497,1590 2539,1590 2580,1591 2622,1591 2663,1592 2705,1592 2746,1593 2788,1593 2829,1593 2871,1594 2913,1594 2954,1594 2996,1595 3037,1595 3079,1595 3120,1596 3162,1596 3203,1597 3245,1597 3287,1598"/>
                <TextEquiv>
                    <Unicode>den Behaglichkeit, die in Björnsons Kon</Unicode>
                </TextEquiv>
            </TextLine>
            <TextLine id="r1l27" custom="readingOrder {index:26;}">
                <Coords points="337,1619 1393,1632 1393,1592 1305,1569 337,1579"/>
                <Baseline points="355,1618 406,1618 457,1617 508,1617 559,1618 610,1618 661,1618 712,1619 763,1620 814,1620 865,1621 916,1622 967,1623 1018,1624 1069,1624 1120,1625 1171,1626 1222,1627 1273,1627 1324,1628 1375,1628"/>
                <TextEquiv>
                    <Unicode>Beruhigung des Blutes ins Knopfloch stecken. Statt</Unicode>
                </TextEquiv>
            </TextLine>
            <TextLine id="r1l28" custom="readingOrder {index:27;}">
                <Coords points="1394,1626 2372,1655 2446,1642 2447,1601 1395,1582"/>
                <Baseline points="1414,1623 1464,1624 1515,1625 1565,1626 1616,1627 1667,1629 1717,1630 1768,1631 1819,1632 1869,1633 1920,1634 1971,1635 2021,1636 2072,1637 2123,1638 2173,1638 2224,1639 2275,1639 2325,1640 2376,1640 2427,1641"/>
                <TextEquiv>
                    <Unicode>ligion und Kunst fromm verehren müssen. Zugege¬</Unicode>
                </TextEquiv>
            </TextLine>
            <TextLine id="r1l29" custom="readingOrder {index:28;}">
                <Coords points="2436,1638 2671,1662 2693,1640 3308,1644 3308,1614 3194,1595 2436,1594"/>
                <Baseline points="2456,1634 2497,1634 2539,1635 2581,1635 2622,1635 2664,1635 2706,1635 2747,1635 2789,1635 2831,1635 2873,1635 2914,1635 2956,1635 2998,1635 3039,1635 3081,1636 3123,1637 3164,1638 3206,1639 3248,1641 3290,1643"/>
                <TextEquiv>
                    <Unicode>blühenden jungen Wein und — etwas ver</Unicode>
                </TextEquiv>
            </TextLine>
            <TextLine id="r1l30" custom="readingOrder {index:29;}">
                <Coords points="1981,1675 1994,1668 2002,1668 2009,1648 2025,1640 2012,1614 1996,1622 1987,1622 1982,1637 1966,1645"/>
                <Baseline points="1994,1659 2010,1651"/>
                <TextEquiv>
                    <Unicode>6</Unicode>
                </TextEquiv>
            </TextLine>
            <TextLine id="r1l31" custom="readingOrder {index:30;}">
                <Coords points="332,1660 1394,1688 1395,1633 332,1627"/>
                <Baseline points="351,1662 402,1661 453,1661 504,1660 556,1660 607,1660 658,1661 709,1661 761,1662 812,1662 863,1663 914,1664 966,1665 1017,1666 1068,1667 1119,1668 1171,1669 1222,1670 1273,1671 1324,1672 1376,1673"/>
                <TextEquiv>
                    <Unicode>dessen zielt dieser moralbesessene Unmoralheld auf</Unicode>
                </TextEquiv>
            </TextLine>
            <TextLine id="r1l32" custom="readingOrder {index:31;}">
                <Coords points="1394,1673 2442,1694 2439,1642 1395,1629"/>
                <Baseline points="1414,1666 1464,1667 1515,1668 1565,1669 1616,1670 1666,1672 1717,1672 1767,1674 1818,1675 1868,1676 1919,1677 1970,1679 2020,1680 2071,1681 2121,1682 2172,1683 2222,1683 2273,1684 2323,1684 2374,1684 2425,1684"/>
                <TextEquiv>
                    <Unicode>ben: auch in dieser Orestieaufführung ist mancherlei</Unicode>
                </TextEquiv>
            </TextLine>
            <TextLine id="r1l33" custom="readingOrder {index:32;}">
                <Coords points="2441,1680 3302,1696 3302,1644 2441,1636"/>
                <Baseline points="2458,1677 2499,1677 2540,1678 2582,1678 2623,1678 2664,1678 2706,1678 2747,1678 2788,1679 2830,1679 2871,1680 2912,1680 2954,1680 2995,1681 3036,1681 3078,1682 3119,1683 3160,1683 3202,1684 3243,1685 3285,1686"/>
                <TextEquiv>
                    <Unicode>in Bahrs „Konzert“ zu finden. Den mi</Unicode>
                </TextEquiv>
            </TextLine>
            <TextLine id="r1l34" custom="readingOrder {index:33;}">
                <Coords points="328,1708 1395,1724 1395,1676 1311,1668 329,1660"/>
                <Baseline points="347,1703 398,1703 449,1703 501,1703 552,1703 604,1704 655,1704 706,1705 758,1706 809,1707 861,1708 912,1709 963,1710 1015,1711 1066,1712 1118,1713 1169,1713 1220,1714 1272,1715 1323,1715 1375,1715"/>
                <TextEquiv>
                    <Unicode>des Gegners Herz und streckt ihn tot in den Sand.</Unicode>
                </TextEquiv>
            </TextLine>
            <TextLine id="r1l35" custom="readingOrder {index:34;}">
                <Coords points="1408,1716 2449,1746 2450,1684 1409,1668"/>
                <Baseline points="1426,1706 1476,1708 1526,1710 1576,1711 1627,1713 1677,1714 1727,1715 1778,1717 1828,1718 1878,1720 1929,1721 1979,1722 2029,1723 2079,1724 2130,1724 2180,1725 2230,1726 2281,1727 2331,1727 2381,1728 2432,1728"/>
                <TextEquiv>
                    <Unicode>Störendes, Unzulängliches, ja sogar Peinliches.</Unicode>
                </TextEquiv>
            </TextLine>
            <TextLine id="r1l36" custom="readingOrder {index:35;}">
                <Coords points="2436,1733 3304,1731 3304,1683 2436,1681"/>
                <Baseline points="2456,1721 2497,1722 2539,1723 2580,1724 2622,1724 2663,1725 2705,1725 2746,1726 2788,1726 2829,1726 2871,1726 2912,1726 2954,1727 2995,1727 3037,1727 3078,1727 3120,1727 3161,1727 3203,1727 3244,1727 3286,1727"/>
                <TextEquiv>
                    <Unicode>Versuch, seelische Konflikte zu ergründen</Unicode>
                </TextEquiv>
            </TextLine>
            <TextLine id="r1l37" custom="readingOrder {index:36;}">
                <Coords points="333,1753 1404,1769 1405,1718 334,1712"/>
                <Baseline points="351,1747 402,1746 454,1746 506,1746 558,1746 609,1747 661,1748 713,1749 765,1750 816,1751 868,1752 920,1753 972,1755 1023,1756 1075,1756 1127,1757 1179,1758 1230,1758 1282,1759 1334,1758 1386,1758"/>
                <TextEquiv>
                    <Unicode>Nur weil ihn der junge freche Blick reizt und ärgert,</Unicode>
                </TextEquiv>
            </TextLine>
            <TextLine id="r1l38" custom="readingOrder {index:37;}">
                <Coords points="1395,1759 2444,1778 2444,1737 2158,1710 1396,1711"/>
                <Baseline points="1412,1754 1462,1755 1513,1756 1564,1757 1615,1758 1665,1759 1716,1760 1767,1761 1818,1762 1868,1763 1919,1764 1970,1765 2021,1766 2071,1766 2122,1767 2173,1768 2224,1769 2274,1770 2325,1771 2376,1772 2427,1773"/>
                <TextEquiv>
                    <Unicode>Aber hier allein ist auch etwas von der Größe und</Unicode>
                </TextEquiv>
            </TextLine>
            <TextLine id="r1l39" custom="readingOrder {index:38;}">
                <Coords points="2436,1777 3274,1782 3304,1771 3304,1731 2436,1733"/>
                <Baseline points="2453,1766 2494,1766 2536,1766 2577,1766 2619,1766 2661,1766 2702,1766 2744,1767 2786,1767 2827,1767 2869,1768 2911,1768 2952,1769 2994,1769 3036,1769 3077,1770 3119,1770 3161,1770 3202,1770 3244,1769 3286,1769"/>
                <TextEquiv>
                    <Unicode>man dieser dramatischen Scherz= und Pl#</Unicode>
                </TextEquiv>
            </TextLine>
            <TextLine id="r1l40" custom="readingOrder {index:39;}">
                <Coords points="330,1807 1301,1797 1408,1825 1408,1769 1361,1761 331,1741"/>
                <Baseline points="348,1791 400,1791 452,1792 504,1793 556,1793 608,1794 660,1795 713,1795 765,1796 817,1796 869,1797 921,1797 973,1798 1025,1799 1078,1799 1130,1800 1182,1801 1234,1802 1286,1803 1338,1804 1391,1805"/>
                <TextEquiv>
                    <Unicode>ihn, dem die Jahre schon das erste Weiß in die</Unicode>
                </TextEquiv>
            </TextLine>
            <TextLine id="r1l41" custom="readingOrder {index:40;}">
                <Coords points="1395,1810 2440,1828 2441,1762 1396,1758"/>
                <Baseline points="1414,1799 1464,1799 1514,1800 1565,1801 1615,1802 1666,1803 1716,1804 1767,1805 1817,1806 1868,1807 1918,1809 1968,1810 2019,1810 2069,1812 2120,1812 2170,1813 2221,1813 2271,1814 2322,1814 2372,1815 2423,1815"/>
                <TextEquiv>
                    <Unicode>von dem Außergewöhnlichen, das diese antike Tragik</Unicode>
                </TextEquiv>
            </TextLine>
            <TextLine id="r1l42" custom="readingOrder {index:41;}">
                <Coords points="2439,1816 3307,1831 3307,1768 2439,1768"/>
                <Baseline points="2457,1813 2498,1812 2540,1812 2581,1811 2623,1811 2664,1811 2706,1811 2747,1812 2789,1812 2830,1812 2872,1813 2914,1813 2955,1813 2997,1814 3038,1814 3080,1814 3121,1814 3163,1814 3204,1814 3246,1814 3288,1814"/>
                <TextEquiv>
                    <Unicode>gern; was aber verstimmt, ist die scharfe</Unicode>
                </TextEquiv>
            </TextLine>
            <TextLine id="r1l43" custom="readingOrder {index:42;}">
                <Coords points="329,1847 638,1854 701,1825 767,1852 1404,1855 1404,1807 1301,1798 444,1774 330,1799"/>
                <Baseline points="349,1838 400,1837 452,1837 504,1837 556,1837 608,1837 660,1838 712,1838 764,1839 816,1840 868,1841 919,1841 971,1842 1023,1843 1075,1844 1127,1844 1179,1845 1231,1845 1283,1846 1335,1846 1387,1846"/>
                <TextEquiv>
                    <Unicode>Haare sprenkeln Pfui! Das bricht aller Sym¬</Unicode>
                </TextEquiv>
            </TextLine>
            <TextLine id="r1l44" custom="readingOrder {index:43;}">
                <Coords points="1393,1854 2442,1868 2443,1805 1394,1809"/>
                <Baseline points="1412,1844 1462,1844 1513,1845 1563,1845 1614,1846 1664,1847 1715,1848 1765,1849 1816,1851 1866,1852 1917,1853 1968,1854 2018,1856 2069,1857 2119,1858 2170,1859 2220,1860 2271,1860 2321,1861 2372,1861 2423,1861"/>
                <TextEquiv>
                    <Unicode>zunächst und vor allem braucht, soll sie nicht im</Unicode>
                </TextEquiv>
            </TextLine>
            <TextLine id="r1l45" custom="readingOrder {index:44;}">
                <Coords points="2438,1861 3306,1872 3292,1805 2438,1813"/>
                <Baseline points="2456,1855 2497,1854 2539,1854 2580,1854 2622,1854 2663,1854 2705,1854 2746,1854 2788,1855 2829,1855 2871,1855 2913,1856 2954,1856 2996,1857 3037,1857 3079,1858 3120,1859 3162,1859 3203,1860 3245,1860 3287,1861"/>
                <TextEquiv>
                    <Unicode>Tilla Durieux solchen Stücken gan</Unicode>
                </TextEquiv>
            </TextLine>
            <TextLine id="r1l46" custom="readingOrder {index:45;}">
                <Coords points="338,1891 1290,1904 1397,1898 1398,1850 338,1836"/>
                <Baseline points="356,1881 407,1881 458,1881 509,1881 560,1881 611,1882 662,1882 714,1882 765,1883 816,1884 867,1884 918,1885 969,1886 1020,1886 1072,1887 1123,1888 1174,1888 1225,1889 1276,1889 1327,1889 1379,1890"/>
                <TextEquiv>
                    <Unicode>pathie, auch all unserm Verständnis für diesen</Unicode>
                </TextEquiv>
            </TextLine>
            <TextLine id="r1l47" custom="readingOrder {index:46;}">
                <Coords points="1398,1895 3300,1921 3300,1854 3215,1846 1398,1850"/>
                <Baseline points="1416,1882 1509,1886 1602,1889 1695,1891 1788,1894 1882,1896 1975,1897 2068,1898 2161,1899 2254,1900 2348,1900 2441,1901 2534,1901 2627,1901 2720,1901 2814,1901 2907,1901 3000,1901 3093,1901 3186,1901 3280,1901"/>
                <TextEquiv>
                    <Unicode>Staub des Alltags verkümmern. Das Ganze solll nicht taugender überspitzter Sarkasmu</Unicode>
                </TextEquiv>
            </TextLine>
            <TextLine id="r1l48" custom="readingOrder {index:47;}">
                <Coords points="339,1932 1405,1947 1406,1902 339,1885"/>
                <Baseline points="358,1924 409,1924 460,1924 512,1925 563,1925 615,1926 666,1927 717,1928 769,1929 820,1930 872,1930 923,1931 974,1932 1026,1933 1077,1934 1129,1934 1180,1935 1231,1935 1283,1935 1334,1935 1386,1934"/>
                <TextEquiv>
                    <Unicode>gierigen Selbstling den Hals, und weil wir nicht</Unicode>
                </TextEquiv>
            </TextLine>
            <TextLine id="r1l49" custom="readingOrder {index:48;}">
                <Coords points="1398,1938 3300,1963 3065,1895 1399,1887"/>
                <Baseline points="1416,1927 1509,1930 1602,1934 1695,1936 1789,1938 1882,1940 1975,1942 2069,1943 2162,1944 2255,1944 2349,1945 2442,1945 2535,1945 2628,1945 2722,1945 2815,1945 2908,1945 3002,1945 3095,1945 3188,1945 3282,1945"/>
                <TextEquiv>
                    <Unicode>man wägen. Soll sich fragen: wo man sonst in hineinzutragen sucht. Sie hat sich hier</Unicode>
                </TextEquiv>
            </TextLine>
            <TextLine id="r1l50" custom="readingOrder {index:49;}">
                <Coords points="325,1977 1403,1996 1403,1948 1334,1939 326,1910"/>
                <Baseline points="344,1967 398,1967 453,1967 508,1967 562,1967 617,1968 672,1969 726,1970 781,1972 836,1973 890,1974 945,1975 1000,1977 1054,1977 1109,1978 1164,1978 1218,1978 1273,1978 1328,1978 1383,1976"/>
                <TextEquiv>
                    <Unicode>von der Konsequenz in diesem Charakter, geschweige</Unicode>
                </TextEquiv>
            </TextLine>
            <TextLine id="r1l51" custom="readingOrder {index:50;}">
                <Coords points="1398,1986 3296,2000 3296,1945 1398,1931"/>
                <Baseline points="1416,1971 1509,1974 1602,1977 1695,1979 1788,1982 1881,1983 1974,1985 2068,1986 2161,1987 2254,1988 2347,1988 2440,1989 2533,1989 2626,1989 2720,1989 2813,1989 2906,1989 2999,1989 3092,1988 3185,1988 3279,1988"/>
                <TextEquiv>
                    <Unicode>unserem Theater diese dramatische Wucht, diese fort= ihrer neuen Kollegen Berger, Gebühr u</Unicode>
                </TextEquiv>
            </TextLine>
            <TextLine id="r1l52" custom="readingOrder {index:51;}">
                <Coords points="331,2020 1405,2035 1406,1976 332,1954"/>
                <Baseline points="348,2009 402,2011 457,2011 512,2012 566,2013 621,2014 676,2014 730,2015 785,2015 840,2016 894,2017 949,2017 1004,2018 1058,2018 1113,2019 1168,2019 1222,2020 1277,2020 1332,2021 1387,2022"/>
                <TextEquiv>
                    <Unicode>denn von der inneren Notwendigkeit dieses Aus¬</Unicode>
                </TextEquiv>
            </TextLine>
            <TextLine id="r1l53" custom="readingOrder {index:52;}">
                <Coords points="1389,2028 3225,2047 3299,1996 1389,1977"/>
                <Baseline points="1408,2016 1501,2020 1595,2022 1688,2024 1782,2027 1876,2028 1969,2030 2063,2031 2157,2031 2250,2032 2344,2032 2438,2032 2531,2032 2625,2032 2719,2032 2812,2032 2906,2032 3000,2032 3093,2032 3187,2032 3281,2032"/>
                <TextEquiv>
                    <Unicode>reißende Vehemenz und zugleich diese durchsichtige als eine Ensemblesprengerin gefährlichstel</Unicode>
                </TextEquiv>
            </TextLine>
            <TextLine id="r1l54" custom="readingOrder {index:53;}">
                <Coords points="341,2063 3295,2084 341,2012"/>
                <Baseline points="358,2056 511,2056 665,2057 818,2058 972,2059 1126,2061 1279,2063 1433,2065 1587,2067 1740,2069 1894,2071 2047,2073 2201,2075 2355,2076 2508,2077 2662,2078 2816,2079 2969,2079 3123,2078 3277,2077"/>
                <TextEquiv>
                    <Unicode>gangs überzeugt, sind wir geneigt, das ganze Stück, Einfachheit sichtbar, körperlich werdender Gescheh=zeigt, die von der neuen Direktion Mein</Unicode>
                </TextEquiv>
            </TextLine>
            <TextLine id="r1l55" custom="readingOrder {index:54;}">
                <Coords points="341,2098 2397,2136 2449,2081 341,2065"/>
                <Baseline points="358,2094 461,2096 565,2098 668,2100 772,2101 876,2103 979,2104 1083,2105 1187,2106 1290,2108 1394,2108 1498,2110 1601,2111 1705,2112 1809,2113 1912,2115 2016,2116 2120,2118 2223,2120 2327,2122 2431,2124"/>
                <TextEquiv>
                    <Unicode>soviel Feinheiten und Wahrheiten es in seinemnisse erlebt, wo man sonst eine Ahnung von dem be¬</Unicode>
                </TextEquiv>
            </TextLine>
            <TextLine id="r1l56" custom="readingOrder {index:55;}">
                <Coords points="2434,2122 3299,2131 3299,2079 3229,2071 2434,2085"/>
                <Baseline points="2454,2117 2495,2117 2536,2117 2577,2118 2619,2118 2660,2118 2701,2119 2743,2119 2784,2120 2825,2121 2867,2121 2908,2121 2949,2122 2990,2122 3032,2122 3073,2122 3114,2122 3156,2121 3197,2121 3238,2120 3280,2119"/>
                <TextEquiv>
                    <Unicode>Bernauer viel straffer in die Zügel genon</Unicode>
                </TextEquiv>
            </TextLine>
            <TextLine id="r1l57" custom="readingOrder {index:56;}">
                <Coords points="334,2133 1408,2170 1401,2114 335,2092"/>
                <Baseline points="353,2141 404,2140 456,2140 508,2140 560,2141 612,2141 664,2142 715,2143 767,2145 819,2146 871,2147 923,2148 975,2150 1027,2151 1078,2152 1130,2153 1182,2154 1234,2154 1286,2154 1338,2154 1390,2153"/>
                <TextEquiv>
                    <Unicode>kultivierten Dialoge mit sich führt, als eine jener</Unicode>
                </TextEquiv>
            </TextLine>
            <TextLine id="r1l58" custom="readingOrder {index:57;}">
                <Coords points="1386,2162 2379,2179 2435,2176 2436,2125 1387,2103"/>
                <Baseline points="1406,2150 1456,2151 1506,2153 1557,2154 1607,2155 1658,2156 1708,2157 1759,2158 1809,2159 1860,2160 1910,2160 1960,2161 2011,2162 2061,2162 2112,2163 2162,2164 2213,2165 2263,2166 2314,2167 2364,2168 2415,2169"/>
                <TextEquiv>
                    <Unicode>kommt, was das Theater einst im Leben eines Volkes</Unicode>
                </TextEquiv>
            </TextLine>
            <TextLine id="r1l59" custom="readingOrder {index:58;}">
                <Coords points="2429,2170 3297,2175 3297,2116 2429,2115"/>
                <Baseline points="2449,2162 2490,2163 2532,2164 2573,2165 2615,2165 2656,2166 2698,2166 2739,2167 2781,2167 2822,2167 2864,2167 2906,2167 2947,2167 2989,2167 3030,2167 3072,2166 3113,2166 3155,2165 3196,2165 3238,2164 3280,2164"/>
                <TextEquiv>
                    <Unicode>den muß, soll sie dem Theater nur die Hä</Unicode>
                </TextEquiv>
            </TextLine>
            <TextLine id="r1l60" custom="readingOrder {index:59;}">
                <Coords points="337,2195 1355,2209 1396,2206 1397,2144 337,2144"/>
                <Baseline points="355,2186 406,2185 457,2184 508,2184 559,2184 610,2185 661,2185 712,2187 763,2188 814,2189 866,2191 917,2192 968,2194 1019,2195 1070,2196 1121,2197 1172,2198 1223,2198 1274,2198 1325,2198 1377,2196"/>
                <TextEquiv>
                    <Unicode>Wienerischen Spitzigkeiten preiszugeben, die immer</Unicode>
                </TextEquiv>
            </TextLine>
            <TextLine id="r1l61" custom="readingOrder {index:60;}">
                <Coords points="1396,2199 2434,2221 2434,2173 1397,2151"/>
                <Baseline points="1414,2193 1464,2194 1514,2195 1564,2196 1614,2198 1664,2199 1714,2200 1764,2201 1814,2202 1864,2203 1915,2204 1965,2205 2015,2206 2065,2207 2115,2208 2165,2208 2215,2209 2265,2209 2315,2209 2365,2209 2416,2209"/>
                <TextEquiv>
                    <Unicode>war und bedeutete. Man soll nicht zuviel Einzelnes</Unicode>
                </TextEquiv>
            </TextLine>
            <TextLine id="r1l62" custom="readingOrder {index:61;}">
                <Coords points="2432,2215 3223,2232 3297,2218 3297,2155 2432,2167"/>
                <Baseline points="2450,2204 2491,2205 2532,2206 2574,2206 2615,2207 2657,2208 2698,2208 2739,2208 2781,2209 2822,2209 2864,2209 2905,2209 2946,2209 2988,2209 3029,2209 3071,2209 3112,2209 3153,2208 3195,2208 3236,2207 3278,2207"/>
                <TextEquiv>
                    <Unicode>leisten, was dieses sich offenbar von ihr de</Unicode>
                </TextEquiv>
            </TextLine>
            <TextLine id="r1l63" custom="readingOrder {index:62;}">
                <Coords points="329,2234 1410,2257 1411,2191 329,2201"/>
                <Baseline points="348,2229 400,2228 452,2228 504,2229 556,2229 609,2230 661,2230 713,2231 765,2232 817,2233 870,2234 922,2235 974,2236 1026,2237 1078,2238 1131,2239 1183,2239 1235,2240 1287,2240 1339,2240 1392,2240"/>
                <TextEquiv>
                    <Unicode>nur zwischen den Zeilen und am Rande des Lebens</Unicode>
                </TextEquiv>
            </TextLine>
            <TextLine id="r1l64" custom="readingOrder {index:63;}">
                <Coords points="1394,2243 2439,2267 2440,2219 2403,2215 1395,2199"/>
                <Baseline points="1412,2237 1462,2237 1513,2238 1563,2239 1614,2241 1664,2242 1715,2242 1765,2244 1816,2245 1866,2246 1917,2247 1967,2248 2018,2249 2068,2250 2119,2251 2169,2252 2220,2253 2270,2254 2321,2254 2371,2255 2422,2255"/>
                <TextEquiv>
                    <Unicode>über diese Zirkusaufführungen auskramen und</Unicode>
                </TextEquiv>
            </TextLine>
            <TextLine id="r1l65" custom="readingOrder {index:64;}">
                <Coords points="2504,2261 3081,2278 3240,2260 3240,2216 2504,2221"/>
                <Baseline points="2523,2256 2558,2256 2593,2257 2628,2258 2663,2258 2698,2259 2733,2259 2768,2259 2803,2259 2838,2260 2873,2260 2908,2260 2943,2260 2978,2260 3013,2260 3048,2260 3083,2260 3118,2259 3153,2259 3188,2259 3223,2259"/>
                <TextEquiv>
                    <Unicode>Nun haben wir sie endlich, die</Unicode>
                </TextEquiv>
            </TextLine>
            <TextLine id="r1l66" custom="readingOrder {index:65;}">
                <Coords points="328,2275 1395,2296 1396,2244 1359,2240 329,2242"/>
                <Baseline points="346,2276 397,2274 449,2273 500,2273 552,2272 603,2273 655,2273 706,2275 758,2275 809,2277 861,2278 913,2279 964,2281 1016,2282 1067,2284 1119,2284 1170,2285 1222,2286 1273,2286 1325,2285 1377,2284"/>
                <TextEquiv>
                    <Unicode>zu lesen wissen, statt sich resolut an den Text selbst</Unicode>
                </TextEquiv>
            </TextLine>
            <TextLine id="r1l67" custom="readingOrder {index:66;}">
                <Coords points="1390,2287 2442,2318 2443,2256 2329,2246 1391,2239"/>
                <Baseline points="1408,2281 1458,2282 1509,2283 1560,2284 1610,2285 1661,2286 1712,2287 1762,2288 1813,2289 1864,2290 1915,2292 1965,2293 2016,2294 2067,2295 2117,2296 2168,2297 2219,2298 2269,2298 2320,2299 2371,2299 2422,2298"/>
                <TextEquiv>
                    <Unicode>kritisieren. Man soll sich an ihren großen Wurf,</Unicode>
                </TextEquiv>
            </TextLine>
            <TextLine id="r1l68" custom="readingOrder {index:67;}">
                <Coords points="2435,2307 3293,2307 3293,2263 3216,2256 2535,2267 2436,2237"/>
                <Baseline points="2454,2297 2495,2299 2536,2300 2577,2301 2618,2302 2659,2302 2700,2303 2741,2304 2782,2304 2823,2304 2864,2304 2905,2304 2946,2304 2987,2304 3028,2304 3069,2304 3110,2304 3151,2303 3192,2303 3233,2303 3274,2303"/>
                <TextEquiv>
                    <Unicode>Glorifizierung der Polizei= und Behörden</Unicode>
                </TextEquiv>
            </TextLine>
            <TextLine id="r1l69" custom="readingOrder {index:68;}">
                <Coords points="327,2315 1349,2337 1386,2334 1387,2272 327,2282"/>
                <Baseline points="344,2318 395,2318 446,2317 497,2317 549,2317 600,2317 651,2318 702,2319 754,2320 805,2321 856,2322 907,2323 959,2324 1010,2325 1061,2326 1112,2327 1164,2328 1215,2328 1266,2329 1317,2329 1369,2328"/>
                <TextEquiv>
                    <Unicode>zu halten. Nicht die Seele, sondern — um einen</Unicode>
                </TextEquiv>
            </TextLine>
            <TextLine id="r1l70" custom="readingOrder {index:69;}">
                <Coords points="1396,2331 2441,2352 2438,2285 2195,2310 1397,2287"/>
                <Baseline points="1413,2326 1463,2326 1514,2327 1564,2328 1615,2329 1665,2330 1716,2331 1766,2332 1817,2333 1867,2334 1918,2335 1969,2336 2019,2338 2070,2339 2120,2340 2171,2341 2221,2342 2272,2342 2322,2343 2373,2343 2424,2344"/>
                <TextEquiv>
                    <Unicode>ihre gebietende Geste halten Nicht aus blödem Zu¬</Unicode>
                </TextEquiv>
            </TextLine>
            <TextLine id="r1l71" custom="readingOrder {index:70;}">
                <Coords points="2427,2356 3251,2361 3292,2354 3292,2299 2427,2308"/>
                <Baseline points="2447,2347 2488,2346 2529,2346 2570,2345 2612,2345 2653,2345 2694,2346 2736,2346 2777,2347 2818,2347 2860,2348 2901,2348 2942,2349 2983,2349 3025,2350 3066,2350 3107,2350 3149,2350 3190,2350 3231,2349 3273,2348"/>
                <TextEquiv>
                    <Unicode>Komödie der Sternecker, Voigt und wie sich</Unicode>
                </TextEquiv>
            </TextLine>
            <TextLine id="r1l72" custom="readingOrder {index:71;}">
                <Coords points="326,2370 1294,2388 1397,2371 1398,2331 327,2315"/>
                <Baseline points="344,2359 395,2359 447,2359 499,2360 550,2360 602,2361 654,2362 705,2363 757,2363 809,2364 861,2365 912,2366 964,2367 1016,2368 1067,2369 1119,2370 1171,2370 1222,2371 1274,2371 1326,2371 1378,2371"/>
                <TextEquiv>
                    <Unicode>Bahrschen Ausdruck zu gebrauchen — die „animula“</Unicode>
                </TextEquiv>
            </TextLine>
            <TextLine id="r1l73" custom="readingOrder {index:72;}">
                <Coords points="1390,2379 2427,2397 2428,2345 2355,2329 1391,2331"/>
                <Baseline points="1410,2374 1460,2373 1510,2373 1560,2374 1610,2374 1660,2375 1710,2375 1760,2376 1810,2377 1860,2378 1910,2379 1960,2380 2010,2381 2060,2382 2110,2383 2160,2384 2210,2385 2260,2386 2310,2387 2360,2388 2411,2389"/>
                <TextEquiv>
                    <Unicode>fall sind uns aus der Antike wenig oder gar keine</Unicode>
                </TextEquiv>
            </TextLine>
            <TextLine id="r1l74" custom="readingOrder {index:73;}">
                <Coords points="2431,2396 3211,2391 3266,2413 3299,2402 3299,2343 2431,2351"/>
                <Baseline points="2448,2394 2489,2393 2531,2393 2572,2392 2614,2392 2656,2392 2697,2391 2739,2391 2781,2392 2822,2392 2864,2392 2906,2392 2947,2392 2989,2392 3031,2392 3072,2392 3114,2392 3156,2392 3197,2392 3239,2391 3281,2391"/>
                <TextEquiv>
                    <Unicode>heißen mögen, die Helden von Köpenick und</Unicode>
                </TextEquiv>
            </TextLine>
            <TextLine id="r1l75" custom="readingOrder {index:74;}">
                <Coords points="334,2401 1290,2414 1385,2449 1376,2367 335,2361"/>
                <Baseline points="351,2403 401,2403 452,2404 503,2404 554,2405 605,2405 656,2406 707,2407 758,2407 809,2408 860,2409 910,2410 961,2411 1012,2412 1063,2413 1114,2414 1165,2415 1216,2416 1267,2418 1318,2419 1369,2421"/>
                <TextEquiv>
                    <Unicode>ist das Objekt ihrer unendlich verfeinerten, aber auch</Unicode>
                </TextEquiv>
            </TextLine>
            <TextLine id="r1l76" custom="readingOrder {index:75;}">
                <Coords points="1389,2419 2438,2441 2439,2386 1390,2371"/>
                <Baseline points="1409,2414 1459,2414 1510,2416 1560,2417 1611,2418 1661,2419 1712,2420 1762,2421 1813,2422 1863,2423 1914,2424 1964,2425 2015,2426 2065,2426 2116,2427 2166,2428 2217,2429 2267,2429 2318,2430 2368,2430 2419,2430"/>
                <TextEquiv>
                    <Unicode>Schauspielernamen überkommen. Das Persönliche</Unicode>
                </TextEquiv>
            </TextLine>
            <TextLine id="r1l77" custom="readingOrder {index:76;}">
                <Coords points="2437,2438 3294,2436 3294,2395 2437,2393"/>
                <Baseline points="2457,2435 2500,2436 2543,2436 2586,2437 2629,2437 2672,2437 2715,2437 2758,2437 2801,2437 2844,2437 2888,2436 2931,2436 2974,2436 3017,2436 3060,2436 3103,2435 3146,2435 3189,2435 3232,2435 3276,2435"/>
                <TextEquiv>
                    <Unicode>Arno Holz und Oskar Jenschke,</Unicode>
                </TextEquiv>
            </TextLine>
            <TextLine id="r1l78" custom="readingOrder {index:77;}">
                <Coords points="324,2459 1358,2458 1358,2421 1182,2400 325,2397"/>
                <Baseline points="342,2442 391,2445 441,2446 491,2448 541,2449 591,2451 641,2452 690,2453 740,2453 790,2454 840,2455 890,2456 940,2456 990,2457 1039,2457 1089,2458 1139,2458 1189,2459 1239,2460 1289,2460 1339,2461"/>
                <TextEquiv>
                    <Unicode>tausendfach gebrochenen und zersplitterten Kunst.</Unicode>
                </TextEquiv>
            </TextLine>
            <TextLine id="r1l79" custom="readingOrder {index:78;}">
                <Coords points="1389,2461 2327,2491 2437,2478 2438,2437 1389,2417"/>
                <Baseline points="1406,2459 1456,2459 1507,2460 1558,2461 1608,2462 1659,2462 1710,2463 1760,2464 1811,2465 1862,2465 1913,2466 1963,2467 2014,2468 2065,2468 2115,2469 2166,2470 2217,2471 2267,2472 2318,2473 2369,2474 2420,2475"/>
                <TextEquiv>
                    <Unicode>verstummt hier vor dem Inhalt. Gute Sprecher —</Unicode>
                </TextEquiv>
            </TextLine>
            <TextLine id="r1l80" custom="readingOrder {index:79;}">
                <Coords points="2416,2492 3086,2479 3196,2501 3299,2475 3273,2442 3078,2446 3030,2420 2931,2450 2416,2425"/>
                <Baseline points="2433,2478 2475,2479 2517,2480 2559,2480 2602,2480 2644,2481 2686,2481 2729,2481 2771,2480 2813,2480 2856,2480 2898,2479 2940,2479 2982,2479 3025,2478 3067,2478 3109,2478 3152,2478 3194,2478 3236,2479 3279,2479"/>
                <TextEquiv>
                    <Unicode>die uns die sympathische Gestalt des Traus</Unicode>
                </TextEquiv>
            </TextLine>
            <TextLine id="r1l81" custom="readingOrder {index:80;}">
                <Coords points="418,2507 1363,2525 1396,2518 1398,2452 419,2459"/>
                <Baseline points="435,2498 482,2498 529,2498 576,2499 623,2500 670,2501 717,2502 764,2503 811,2504 858,2505 906,2506 953,2508 1000,2509 1047,2510 1094,2511 1141,2512 1188,2512 1235,2513 1282,2513 1329,2513 1377,2512"/>
                <TextEquiv>
                    <Unicode>Der Odipusaufführung mit Moissi in der Titel¬</Unicode>
                </TextEquiv>
            </TextLine>
            <TextLine id="r1l82" custom="readingOrder {index:81;}">
                <Coords points="1385,2501 3294,2528 3295,2477 1386,2457"/>
                <Baseline points="1405,2504 1498,2505 1591,2506 1685,2507 1778,2509 1872,2511 1965,2512 2059,2514 2152,2516 2246,2517 2339,2519 2432,2520 2526,2522 2619,2523 2713,2524 2806,2524 2900,2525 2993,2525 3087,2524 3180,2524 3274,2523"/>
                <TextEquiv>
                    <Unicode>das ist das wichtigste hier. Und dafür gerade sieht schenkt haben, waren es, die in ihrem „B</Unicode>
                </TextEquiv>
            </TextLine>
            <TextLine id="r1l83" custom="readingOrder {index:82;}">
                <Coords points="321,2535 1395,2569 1396,2517 1293,2504 322,2494"/>
                <Baseline points="340,2542 391,2542 443,2542 495,2543 547,2544 598,2545 650,2545 702,2546 754,2548 805,2549 857,2550 909,2552 961,2553 1012,2554 1064,2555 1116,2557 1168,2558 1219,2559 1271,2560 1323,2561 1375,2561"/>
                <TextEquiv>
                    <Unicode>rolle folgte bald in demselben Zirkus Schumann</Unicode>
                </TextEquiv>
            </TextLine>
            <TextLine id="r1l84" custom="readingOrder {index:83;}">
                <Coords points="1401,2550 2371,2578 2430,2571 2431,2523 1401,2506"/>
                <Baseline points="1418,2549 1467,2550 1517,2550 1566,2551 1616,2551 1666,2552 1715,2552 1765,2553 1815,2553 1864,2554 1914,2554 1964,2555 2013,2556 2063,2557 2113,2557 2162,2558 2212,2559 2262,2560 2311,2561 2361,2562 2411,2563"/>
                <TextEquiv>
                    <Unicode>sich das Deutsche Theater durch diese Aufführungen</Unicode>
                </TextEquiv>
            </TextLine>
            <TextLine id="r1l85" custom="readingOrder {index:84;}">
                <Coords points="2428,2575 3300,2590 3300,2528 3145,2539 3090,2509 2428,2527"/>
                <Baseline points="2445,2566 2486,2566 2528,2566 2570,2567 2612,2567 2654,2567 2695,2567 2737,2567 2779,2567 2821,2567 2863,2567 2904,2567 2946,2566 2988,2566 3030,2566 3072,2566 3113,2566 3155,2567 3197,2567 3239,2567 3281,2567"/>
                <TextEquiv>
                    <Unicode>Meister= und Musterbild des achl so überau</Unicode>
                </TextEquiv>
            </TextLine>
            <TextLine id="r1l86" custom="readingOrder {index:85;}">
                <Coords points="326,2590 1054,2590 1190,2626 1400,2612 1401,2564 327,2535"/>
                <Baseline points="343,2585 394,2585 446,2586 498,2587 550,2588 602,2589 654,2590 706,2591 758,2592 810,2593 862,2594 913,2595 965,2596 1017,2598 1069,2599 1121,2600 1173,2601 1225,2602 1277,2603 1329,2604 1381,2605"/>
                <TextEquiv>
                    <Unicode>die Orestie des Aschylos mit Moissi als</Unicode>
                </TextEquiv>
            </TextLine>
            <TextLine id="r1l87" custom="readingOrder {index:86;}">
                <Coords points="1387,2597 2439,2617 2440,2565 2363,2549 1388,2553"/>
                <Baseline points="1406,2592 1456,2592 1507,2592 1558,2593 1609,2593 1660,2594 1710,2595 1761,2596 1812,2597 1863,2598 1914,2600 1964,2600 2015,2602 2066,2603 2117,2604 2168,2605 2218,2606 2269,2606 2320,2607 2371,2607 2422,2607"/>
                <TextEquiv>
                    <Unicode>in eine Schule genommen, wie sie besser nicht gedacht</Unicode>
                </TextEquiv>
            </TextLine>
            <TextLine id="r1l88" custom="readingOrder {index:87;}">
                <Coords points="2429,2619 3301,2618 3301,2578 3223,2570 2429,2560"/>
                <Baseline points="2448,2611 2489,2611 2531,2612 2573,2612 2614,2612 2656,2612 2698,2612 2739,2612 2781,2612 2823,2613 2865,2613 2906,2613 2948,2613 2990,2613 3031,2612 3073,2612 3115,2612 3156,2612 3198,2611 3240,2611 3282,2610"/>
                <TextEquiv>
                    <Unicode>ren Polizeischrecks geschaffen haben. Neu##</Unicode>
                </TextEquiv>
            </TextLine>
            <TextLine id="r1l89" custom="readingOrder {index:88;}">
                <Coords points="325,2637 1304,2634 1395,2665 1396,2606 1356,2601 326,2593"/>
                <Baseline points="343,2628 394,2629 446,2630 498,2631 549,2633 601,2633 653,2635 704,2636 756,2637 808,2638 860,2639 911,2640 963,2641 1015,2642 1066,2643 1118,2644 1170,2645 1221,2645 1273,2646 1325,2646 1377,2647"/>
                <TextEquiv>
                    <Unicode>Orest. Der Streit des Für und Wider, den die</Unicode>
                </TextEquiv>
            </TextLine>
            <TextLine id="r1l90" custom="readingOrder {index:89;}">
                <Coords points="1394,2638 2211,2667 2428,2656 2429,2612 1395,2590"/>
                <Baseline points="1414,2632 1463,2634 1513,2635 1563,2636 1613,2637 1662,2638 1712,2639 1762,2640 1812,2641 1861,2641 1911,2642 1961,2643 2011,2644 2060,2645 2110,2646 2160,2647 2210,2647 2259,2648 2309,2649 2359,2651 2409,2652"/>
                <TextEquiv>
                    <Unicode>werden kann. Zumal in der Behandlung des Chores</Unicode>
                </TextEquiv>
            </TextLine>
            <TextLine id="r1l91" custom="readingOrder {index:90;}">
                <Coords points="2431,2661 3299,2658 3299,2617 3251,2610 2431,2617"/>
                <Baseline points="2450,2658 2491,2658 2533,2658 2574,2657 2616,2657 2657,2657 2699,2657 2740,2657 2782,2656 2823,2656 2865,2656 2906,2656 2948,2656 2989,2655 3031,2655 3072,2655 3114,2655 3155,2655 3197,2655 3238,2655 3280,2656"/>
                <TextEquiv>
                    <Unicode>gerade nicht, dieser Typus, aber das muß</Unicode>
                </TextEquiv>
            </TextLine>
            <TextLine id="r1l92" custom="readingOrder {index:91;}">
                <Coords points="329,2678 1395,2703 1396,2652 1305,2635 330,2641"/>
                <Baseline points="349,2676 400,2675 451,2675 503,2675 554,2675 605,2676 657,2677 708,2678 759,2679 811,2681 862,2682 913,2683 965,2685 1016,2686 1067,2688 1119,2689 1170,2690 1221,2691 1273,2691 1324,2691 1376,2690"/>
                <TextEquiv>
                    <Unicode>Reinhardtschen Zirkusvorstellungen entfacht haben,</Unicode>
                </TextEquiv>
            </TextLine>
            <TextLine id="r1l93" custom="readingOrder {index:92;}">
                <Coords points="1395,2688 2429,2710 2430,2655 1396,2636"/>
                <Baseline points="1414,2680 1463,2681 1513,2681 1563,2682 1613,2683 1663,2683 1713,2684 1763,2685 1813,2685 1863,2686 1913,2687 1962,2687 2012,2688 2062,2689 2112,2690 2162,2691 2212,2691 2262,2692 2312,2693 2362,2694 2412,2695"/>
                <TextEquiv>
                    <Unicode>hat Reinhardt Fortschritte gemacht, die allmählich</Unicode>
                </TextEquiv>
            </TextLine>
            <TextLine id="r1l94" custom="readingOrder {index:93;}">
                <Coords points="2428,2704 3293,2715 3293,2663 2976,2641 2748,2671 2428,2638"/>
                <Baseline points="2447,2697 2488,2698 2529,2698 2571,2699 2612,2699 2654,2700 2695,2700 2736,2700 2778,2700 2819,2700 2861,2700 2902,2700 2943,2700 2985,2700 3026,2700 3068,2700 3109,2699 3150,2699 3192,2698 3233,2698 3275,2697"/>
                <TextEquiv>
                    <Unicode>beiden Autoren lassen: sie haben ihren Ta</Unicode>
                </TextEquiv>
            </TextLine>
            <TextLine id="r1l95" custom="readingOrder {index:94;}">
                <Coords points="318,2713 1392,2743 1393,2676 319,2673"/>
                <Baseline points="336,2717 387,2718 439,2719 491,2720 543,2721 595,2722 646,2723 698,2724 750,2725 802,2726 854,2727 905,2728 957,2729 1009,2730 1061,2731 1113,2731 1164,2732 1216,2733 1268,2733 1320,2733 1372,2733"/>
                <TextEquiv>
                    <Unicode>wird so bald nicht zur Ruhe kommen. Viel wäre</Unicode>
                </TextEquiv>
            </TextLine>
            <TextLine id="r1l96" custom="readingOrder {index:95;}">
                <Coords points="1390,2729 2435,2755 2436,2700 2116,2673 1391,2685"/>
                <Baseline points="1409,2724 1459,2725 1509,2725 1560,2726 1610,2727 1661,2727 1711,2728 1762,2728 1812,2729 1863,2729 1913,2730 1963,2730 2014,2731 2064,2732 2115,2733 2165,2734 2216,2735 2266,2736 2317,2738 2367,2739 2418,2741"/>
                <TextEquiv>
                    <Unicode>auch den hartnäckigsten Skeptiker entwaffnen müssen.</Unicode>
                </TextEquiv>
            </TextLine>
            <TextLine id="r1l97" custom="readingOrder {index:96;}">
                <Coords points="2431,2747 3288,2761 3288,2698 2431,2702"/>
                <Baseline points="2448,2743 2489,2744 2530,2744 2571,2744 2612,2744 2653,2744 2694,2744 2735,2744 2776,2744 2817,2744 2859,2743 2900,2743 2941,2743 2982,2742 3023,2742 3064,2742 3105,2741 3146,2741 3187,2741 3228,2740 3270,2740"/>
                <TextEquiv>
                    <Unicode>von Galgenvogel mit dem alemannisch=fr.</Unicode>
                </TextEquiv>
            </TextLine>
            <TextLine id="r1l98" custom="readingOrder {index:97;}">
                <Coords points="322,2772 1322,2791 1388,2788 1389,2737 322,2720"/>
                <Baseline points="342,2765 393,2764 444,2764 496,2764 547,2765 598,2765 650,2766 701,2766 752,2768 804,2768 855,2769 906,2770 958,2771 1009,2773 1060,2773 1112,2774 1163,2775 1214,2776 1266,2777 1317,2777 1369,2777"/>
                <TextEquiv>
                    <Unicode>schon gewonnen, wenn man sich endlich bequemen</Unicode>
                </TextEquiv>
            </TextLine>
            <TextLine id="r1l99" custom="readingOrder {index:98;}">
                <Coords points="1391,2774 2439,2794 2440,2742 1392,2726"/>
                <Baseline points="1409,2766 1459,2766 1510,2767 1560,2768 1611,2769 1662,2770 1712,2771 1763,2773 1814,2773 1864,2774 1915,2775 1966,2776 2016,2777 2067,2778 2118,2779 2168,2780 2219,2781 2270,2781 2320,2782 2371,2783 2422,2783"/>
                <TextEquiv>
                    <Unicode>Namentlich der Frauenchor bringt mit dem Über¬</Unicode>
                </TextEquiv>
            </TextLine>
            <TextLine id="r1l100" custom="readingOrder {index:99;}">
                <Coords points="2437,2795 3283,2800 3283,2745 3210,2738 2437,2743"/>
                <Baseline points="2454,2784 2494,2785 2535,2787 2575,2787 2616,2787 2657,2788 2697,2788 2738,2788 2778,2787 2819,2787 2860,2787 2900,2786 2941,2786 2981,2786 3022,2785 3063,2785 3103,2785 3144,2785 3184,2785 3225,2786 3266,2787"/>
                <TextEquiv>
                    <Unicode>Maulheldentum, das sie ihm beimischten,</Unicode>
                </TextEquiv>
            </TextLine>
            <TextLine id="r1l101" custom="readingOrder {index:100;}">
                <Coords points="323,2812 1383,2829 1354,2770 324,2765"/>
                <Baseline points="341,2808 392,2808 443,2808 494,2808 545,2809 597,2809 648,2810 699,2811 750,2812 801,2813 853,2814 904,2815 955,2816 1006,2817 1057,2818 1109,2819 1160,2819 1211,2820 1262,2821 1313,2821 1365,2822"/>
                <TextEquiv>
                    <Unicode>möchte, dies Für und Wider nicht gleich auch zu</Unicode>
                </TextEquiv>
            </TextLine>
            <TextLine id="r1l102" custom="readingOrder {index:101;}">
                <Coords points="1397,2817 2427,2836 2428,2785 2303,2776 1398,2772"/>
                <Baseline points="1414,2813 1463,2814 1513,2814 1563,2815 1613,2816 1662,2817 1712,2817 1762,2818 1812,2818 1861,2819 1911,2820 1961,2820 2011,2820 2060,2821 2110,2822 2160,2822 2210,2823 2259,2823 2309,2824 2359,2825 2409,2826"/>
                <TextEquiv>
                    <Unicode>gang vom Sprech= in den Sington Wirkungen</Unicode>
                </TextEquiv>
            </TextLine>
            <TextLine id="r1l103" custom="readingOrder {index:102;}">
                <Coords points="310,2859 1395,2874 1395,2823 1329,2807 310,2797"/>
                <Baseline points="327,2848 379,2850 432,2851 484,2852 537,2854 589,2855 642,2856 694,2857 747,2858 799,2858 852,2859 904,2860 957,2860 1009,2861 1062,2861 1114,2862 1167,2862 1219,2863 1272,2863 1324,2863 1377,2864"/>
                <TextEquiv>
                    <Unicode>einem Entweder=Oder zu machen: hie intimes</Unicode>
                </TextEquiv>
            </TextLine>
            <TextLine id="r1l104" custom="readingOrder {index:103;}">
                <Coords points="1392,2859 2440,2889 2441,2822 2367,2814 1393,2793"/>
                <Baseline points="1410,2857 1460,2857 1511,2858 1561,2859 1612,2860 1663,2860 1713,2861 1764,2862 1814,2862 1865,2863 1916,2864 1966,2864 2017,2865 2067,2866 2118,2866 2169,2867 2219,2868 2270,2869 2320,2869 2371,2870 2422,2871"/>
                <TextEquiv>
                    <Unicode>schönster, erhabenster Art hervor. Genug, allerorten</Unicode>
                </TextEquiv>
            </TextLine>
            <TextLine id="r1l105" custom="readingOrder {index:104;}">
                <Coords points="2428,2880 3300,2873 3300,2723 3245,2704 2428,2707"/>
                <Baseline points="2448,2876 2489,2876 2531,2875 2572,2875 2614,2875 2656,2875 2697,2875 2739,2875 2780,2876 2822,2876 2864,2876 2905,2876 2947,2876 2988,2876 3030,2876 3072,2876 3113,2876 3155,2876 3196,2876 3238,2876 3280,2876"/>
                <TextEquiv>
                    <Unicode>eretet er det tetctlte</Unicode>
                </TextEquiv>
            </TextLine>
            <TextLine id="r1l106" custom="readingOrder {index:105;}">
                <Coords points="311,2905 1385,2919 1386,2868 312,2849"/>
                <Baseline points="331,2892 382,2893 434,2893 486,2894 537,2895 589,2896 641,2897 692,2898 744,2899 796,2900 848,2901 899,2902 951,2903 1003,2904 1054,2905 1106,2906 1158,2906 1209,2907 1261,2907 1313,2908 1365,2908"/>
                <TextEquiv>
                    <Unicode>Theater — hie Arena, oder gar: hie Freilichtbühne</Unicode>
                </TextEquiv>
            </TextLine>
            <TextLine id="r1l107" custom="readingOrder {index:106;}">
                <Coords points="1388,2902 2440,2917 2415,2880 2209,2851 1389,2857"/>
                <Baseline points="1408,2899 1458,2900 1509,2902 1560,2903 1610,2904 1661,2905 1712,2906 1762,2907 1813,2908 1864,2908 1915,2909 1965,2910 2016,2910 2067,2911 2117,2911 2168,2912 2219,2912 2269,2913 2320,2914 2371,2915 2422,2916"/>
                <TextEquiv>
                    <Unicode>tauchen aus diesen Aufführungen neue Fragen, neue</Unicode>
                </TextEquiv>
            </TextLine>
            <TextLine id="r1l108" custom="readingOrder {index:107;}">
                <Coords points="2425,2926 3289,2934 3289,2879 3201,2872 2425,2878"/>
                <Baseline points="2443,2919 2484,2920 2525,2920 2567,2920 2608,2920 2650,2920 2691,2920 2733,2919 2774,2919 2816,2919 2857,2918 2898,2918 2940,2918 2981,2917 3023,2917 3064,2917 3106,2917 3147,2917 3189,2918 3230,2918 3272,2919"/>
                <TextEquiv>
                    <Unicode>der Verschlagenheit, Dreistigkeit und Frec</Unicode>
                </TextEquiv>
            </TextLine>
            <TextLine id="r1l109" custom="readingOrder {index:108;}">
                <Coords points="388,2940 1399,2969 1400,2907 388,2895"/>
                <Baseline points="406,2933 454,2934 503,2936 552,2937 601,2939 649,2940 698,2941 747,2942 796,2943 844,2945 893,2946 942,2947 991,2948 1039,2948 1088,2949 1137,2949 1186,2950 1234,2950 1283,2950 1332,2950 1381,2949"/>
                <TextEquiv>
                    <Unicode>hie Zirkus! Das eine ist schon heute ebenso sicher</Unicode>
                </TextEquiv>
            </TextLine>
            <TextLine id="r1l110" custom="readingOrder {index:109;}">
                <Coords points="1380,2957 2439,2970 2440,2918 1381,2901"/>
                <Baseline points="1400,2941 1451,2943 1502,2945 1553,2947 1604,2948 1655,2949 1706,2950 1757,2951 1808,2951 1859,2952 1911,2952 1962,2952 2013,2952 2064,2953 2115,2953 2166,2953 2217,2954 2268,2955 2319,2955 2370,2957 2422,2958"/>
                <TextEquiv>
                    <Unicode>Auregungen, neue Möglichkeiten hervor. Man</Unicode>
                </TextEquiv>
            </TextLine>
            <TextLine id="r1l111" custom="readingOrder {index:110;}">
                <Coords points="2420,2971 3292,2976 3292,2924 3203,2917 2420,2924"/>
                <Baseline points="2439,2965 2480,2965 2522,2964 2564,2964 2605,2964 2647,2964 2689,2964 2730,2964 2772,2964 2814,2963 2856,2963 2897,2963 2939,2963 2981,2963 3022,2963 3064,2963 3106,2963 3147,2962 3189,2962 3231,2962 3273,2961"/>
                <TextEquiv>
                    <Unicode>Haupt gewunden, die so bald nicht verbla</Unicode>
                </TextEquiv>
            </TextLine>
            <TextLine id="r1l112" custom="readingOrder {index:111;}">
                <Coords points="320,2984 1401,3014 1402,2951 320,2937"/>
                <Baseline points="337,2981 389,2981 441,2982 493,2983 546,2983 598,2984 650,2985 703,2986 755,2987 807,2988 860,2989 912,2990 964,2991 1016,2991 1069,2992 1121,2992 1173,2993 1226,2993 1278,2993 1330,2993 1383,2993"/>
                <TextEquiv>
                    <Unicode>wie tröstlich: in dem Augenblick, wo Tubaton den</Unicode>
                </TextEquiv>
            </TextLine>
            <TextLine id="r1l113" custom="readingOrder {index:112;}">
                <Coords points="1381,2991 3290,3019 3291,2949 1382,2943"/>
                <Baseline points="1400,2985 1493,2987 1587,2988 1680,2990 1774,2991 1868,2993 1961,2995 2055,2997 2148,2999 2242,3000 2336,3002 2429,3004 2523,3005 2616,3006 2710,3007 2804,3007 2897,3008 2991,3008 3084,3007 3178,3006 3272,3005"/>
                <TextEquiv>
                    <Unicode>müßte ein Pedant und Barbar zugleich sein, um ein Schade, daß noch ein dritter Akt kommt, u</Unicode>
                </TextEquiv>
            </TextLine>
            <TextLine id="r1l114" custom="readingOrder {index:113;}">
                <Coords points="316,3031 3293,3012 317,2983"/>
                <Baseline points="333,3027 480,3028 627,3028 774,3029 921,3030 1068,3032 1215,3033 1362,3035 1509,3036 1656,3038 1804,3039 1951,3041 2098,3043 2245,3044 2392,3046 2539,3047 2686,3049 2833,3050 2980,3051 3127,3052 3275,3053"/>
                <TextEquiv>
                    <Unicode>Anfang des tragischen Zirkusspiels verkündet, wos solches Streben und Sichregen mit kühler Zweifel= dramatischen Zwillinge hier gar nichts n</Unicode>
                </TextEquiv>
            </TextLine>
            <TextLine id="r1l115" custom="readingOrder {index:114;}">
                <Coords points="311,3073 606,3071 712,3095 867,3071 867,3046 805,3030 441,3020 371,3034 312,3015"/>
                <Baseline points="331,3066 358,3066 385,3066 412,3066 440,3066 467,3067 494,3067 522,3067 549,3068 576,3068 604,3068 631,3069 658,3069 686,3070 713,3071 740,3071 768,3072 795,3073 822,3073 850,3074"/>
                <TextEquiv>
                    <Unicode>des Aschylos machtvolle,</Unicode>
                </TextEquiv>
            </TextLine>
            <TextLine id="r1l116" custom="readingOrder {index:115;}">
                <Coords points="858,3084 2436,3098 2436,3039 858,3036"/>
                <Baseline points="877,3077 954,3077 1031,3078 1108,3078 1185,3078 1262,3079 1339,3079 1416,3080 1493,3080 1570,3081 1648,3082 1725,3082 1802,3083 1879,3084 1956,3085 2033,3086 2110,3087 2187,3088 2264,3089 2341,3090 2419,3092"/>
                <TextEquiv>
                    <Unicode>weil unendlich einfache sucht oder gar kaltem Hohn abtun zu wollen. Dank</Unicode>
                </TextEquiv>
            </TextLine>
            <TextLine id="r1l117" custom="readingOrder {index:116;}">
                <Coords points="2436,3102 3220,3104 3260,3096 3260,3052 2708,3037 2436,3058"/>
                <Baseline points="2454,3100 2493,3099 2532,3098 2572,3097 2611,3097 2651,3097 2690,3096 2730,3096 2769,3097 2809,3097 2848,3097 2887,3097 2927,3097 2966,3097 3006,3096 3045,3096 3085,3095 3124,3094 3164,3093 3203,3092 3243,3089"/>
                <TextEquiv>
                    <Unicode>zu finden wissen, das Wasser auf ihre</Unicode>
                </TextEquiv>
            </TextLine>
            <TextLine id="r1l118" custom="readingOrder {index:117;}">
                <Coords points="313,3115 2436,3139 2304,3083 314,3067"/>
                <Baseline points="332,3112 436,3114 540,3115 644,3116 748,3118 853,3118 957,3119 1061,3120 1165,3120 1269,3121 1374,3121 1478,3122 1582,3122 1686,3123 1790,3124 1895,3125 1999,3126 2103,3127 2207,3129 2311,3131 2416,3133"/>
                <TextEquiv>
                    <Unicode>Verse ertönen, sei es auch nur in Vollmoellers ver= und Ermunterung allein ist das Echo, das sich hier</Unicode>
                </TextEquiv>
            </TextLine>
            <TextLine id="r1l119" custom="readingOrder {index:118;}">
                <Coords points="2420,3153 3285,3145 3284,3083 2420,3101"/>
                <Baseline points="2440,3142 2481,3141 2522,3141 2563,3140 2605,3140 2646,3140 2687,3140 2728,3140 2770,3140 2811,3140 2852,3140 2893,3140 2935,3140 2976,3140 3017,3140 3058,3140 3100,3139 3141,3138 3182,3138 3223,3136 3265,3135"/>
                <TextEquiv>
                    <Unicode>Mühle leitete! Merkwürdig, ein solcher G</Unicode>
                </TextEquiv>
            </TextLine>
            <TextLine id="r1l120" custom="readingOrder {index:119;}">
                <Coords points="312,3166 1596,3175 1596,3116 1560,3112 313,3111"/>
                <Baseline points="332,3155 394,3155 456,3156 518,3157 580,3158 643,3159 705,3160 767,3161 829,3162 891,3163 954,3164 1016,3164 1078,3165 1140,3165 1202,3165 1265,3165 1327,3164 1389,3164 1451,3163 1513,3162 1576,3160"/>
                <TextEquiv>
                    <Unicode>bindender Übertragung, da ergeben wir uns willen=geziemt.</Unicode>
                </TextEquiv>
            </TextLine>
            <TextLine id="r1l121" custom="readingOrder {index:120;}">
                <Coords points="2433,3190 3000,3200 3026,3178 3133,3203 3257,3187 3257,3140 3003,3123 2433,3146"/>
                <Baseline points="2450,3186 2489,3185 2528,3185 2568,3185 2607,3184 2647,3184 2686,3184 2726,3184 2765,3183 2805,3183 2844,3183 2883,3183 2923,3182 2962,3182 3002,3182 3041,3181 3081,3181 3120,3181 3160,3180 3199,3180 3239,3179"/>
                <TextEquiv>
                    <Unicode>unterhält uns mehr, wenn er unsichtbar</Unicode>
                </TextEquiv>
            </TextLine>
            <TextLine id="r1l122" custom="readingOrder {index:121;}">
                <Coords points="321,3199 736,3224 1267,3199 1395,3234 1396,3171 322,3154"/>
                <Baseline points="341,3196 392,3198 444,3199 496,3200 548,3201 600,3202 651,3203 703,3204 755,3205 807,3206 859,3207 910,3208 962,3208 1014,3209 1066,3209 1118,3210 1169,3211 1221,3211 1273,3212 1325,3213 1377,3213"/>
                <TextEquiv>
                    <Unicode>los dem Bann dieser tragischen Gewalt und mit¬</Unicode>
                </TextEquiv>
            </TextLine>
            <TextLine id="r1l123" custom="readingOrder {index:122;}">
                <Coords points="1457,3216 3086,3240 3296,3234 3297,3179 1457,3183"/>
                <Baseline points="1475,3216 1565,3218 1655,3219 1745,3221 1835,3223 1925,3224 2015,3225 2105,3225 2195,3226 2285,3227 2376,3227 2466,3227 2556,3227 2646,3228 2736,3228 2826,3228 2916,3228 3006,3228 3096,3228 3186,3228 3277,3228"/>
                <TextEquiv>
                    <Unicode>Dauthendeys „Spielereien einer Kaiserin“ Augen im Automobil davon saust, als wer</Unicode>
                </TextEquiv>
            </TextLine>
            <TextLine id="r1l124" custom="readingOrder {index:123;}">
                <Coords points="316,3241 3005,3294 3285,3216 316,3201"/>
                <Baseline points="334,3241 480,3242 627,3244 774,3246 920,3248 1067,3251 1214,3254 1360,3257 1507,3259 1654,3262 1801,3265 1947,3267 2094,3269 2241,3270 2387,3272 2534,3272 2681,3272 2827,3272 2974,3270 3121,3268 3268,3265"/>
                <TextEquiv>
                    <Unicode>bebend, mithofsend, mitfluchend, mitinbelnd mit-sollten sich im Theater an der Königgrätzerstraße der Hand im Brustlatz dasteht und Reden</Unicode>
                </TextEquiv>
            </TextLine>
            <TextLine id="r1l125" custom="readingOrder {index:124;}">
                <Coords points="311,3285 3287,3320 311,3241"/>
                <Baseline points="330,3283 484,3286 639,3289 794,3292 948,3295 1103,3299 1258,3302 1412,3304 1567,3307 1722,3309 1876,3312 2031,3313 2186,3315 2340,3316 2495,3317 2650,3317 2804,3317 2959,3316 3114,3315 3269,3313"/>
                <TextEquiv>
                    <Unicode>trauernd folgen wir, kaum viel anders als diekeiner langen Lebensdauer erfreuen. Ein amüsantes Doch immerhin — wir sind für ein paa#</Unicode>
                </TextEquiv>
            </TextLine>
            <TextLine id="r1l126" custom="readingOrder {index:125;}">
                <Coords points="312,3344 3285,3359 313,3285"/>
                <Baseline points="332,3336 478,3337 625,3339 772,3340 919,3342 1065,3344 1212,3346 1359,3348 1506,3350 1652,3352 1799,3354 1946,3356 2093,3358 2239,3359 2386,3360 2533,3361 2680,3362 2826,3362 2973,3362 3120,3361 3267,3360"/>
                <TextEquiv>
                    <Unicode>Hellenen vor mehr als zweitausend Jahren, den und dabei innerlich humorvolles Ehelustspiel von' witzig, schlagfertig, übermütig, beinah##</Unicode>
                </TextEquiv>
            </TextLine>
            <TextLine id="r1l127" custom="readingOrder {index:126;}">
                <Coords points="2991,3498 3013,3494 3031,3506 3068,3491 3090,3506 3138,3496 3207,3507 3226,3496 3274,3501 3275,3420 3253,3416 3223,3430 3186,3415 3168,3426 3124,3418 3113,3426 3102,3414 3050,3425 2991,3417"/>
                <Baseline points="3010,3475 3037,3478 3064,3480 3091,3480 3118,3480 3146,3479 3173,3478 3200,3478 3227,3480 3255,3483"/>
                <TextEquiv>
                    <Unicode></Unicode>
                </TextEquiv>
            </TextLine>
            <TextLine id="r1l128" custom="readingOrder {index:127;}">
                <Coords points="2173,4151 2273,4153 2277,4080 2255,4078 2248,4085 2234,4073 2179,4070"/>
                <Baseline points="2193,4130 2225,4132 2257,4134"/>
                <TextEquiv>
                    <Unicode>Gruse</Unicode>
                </TextEquiv>
            </TextLine>
            <TextEquiv>
                <Unicode>We
box 28/4
24. Das beite Land
„Augsburg“ ist heute von zriel nach der Nordsee insin einem besonderen Aufrufe bekannt geben. Dies sorgen, oieumungene Altheitlicher
See gegangen. Poststation ist bis zum 27. Oktober belgische Kammer ist auf den 14. November ein¬
kaum etwas Ernstliches unternehmen kö
Cuxhaven, dann wieder Kiel.
berufen, und wenn das Ministerium de Broqueville
e——
Aus dem durcheinandergewirrten Knäuel der Ge¬
Menschengeschicken, die sich da vor uns abspielen, be- dem Simplizissimus=Redakteur Korfi
fühle und Spielereien konnte sich eine Komödie ver¬
gleitet von einer teilnehmenden uns selber wider¬
hat sie bald aus dem Sattel gehoben. 2
irrter Ehenächsten=Liebe entschälen, und wenn nicht
sphäre dieser „Hundstage“ hat mit de
hallenden Menge, deren dramatische Funktionen uns
unter einem geheilten Lachen, so doch unter einem
den Schwüle unsres letzten Hochsommers
fremd geworden und die wir doch mit geheimen
besänftigenden und verzeihenden Lächeln konnte die
Schauern als letzte Zeugen einer verloren gegange¬
mein, sie ist vielmehr voll jener gutmütig
Legitimität sich die weiße Rose der Resignation der
nen Gemeinschaft zwischen Dichter und Volk, Re¬
den Behaglichkeit, die in Björnsons Kon
Beruhigung des Blutes ins Knopfloch stecken. Statt
ligion und Kunst fromm verehren müssen. Zugege¬
blühenden jungen Wein und — etwas ver
6
dessen zielt dieser moralbesessene Unmoralheld auf
ben: auch in dieser Orestieaufführung ist mancherlei
in Bahrs „Konzert“ zu finden. Den mi
des Gegners Herz und streckt ihn tot in den Sand.
Störendes, Unzulängliches, ja sogar Peinliches.
Versuch, seelische Konflikte zu ergründen
Nur weil ihn der junge freche Blick reizt und ärgert,
Aber hier allein ist auch etwas von der Größe und
man dieser dramatischen Scherz= und Pl#
ihn, dem die Jahre schon das erste Weiß in die
von dem Außergewöhnlichen, das diese antike Tragik
gern; was aber verstimmt, ist die scharfe
Haare sprenkeln Pfui! Das bricht aller Sym¬
zunächst und vor allem braucht, soll sie nicht im
Tilla Durieux solchen Stücken gan
pathie, auch all unserm Verständnis für diesen
Staub des Alltags verkümmern. Das Ganze solll nicht taugender überspitzter Sarkasmu
gierigen Selbstling den Hals, und weil wir nicht
man wägen. Soll sich fragen: wo man sonst in hineinzutragen sucht. Sie hat sich hier
von der Konsequenz in diesem Charakter, geschweige
unserem Theater diese dramatische Wucht, diese fort= ihrer neuen Kollegen Berger, Gebühr u
denn von der inneren Notwendigkeit dieses Aus¬
reißende Vehemenz und zugleich diese durchsichtige als eine Ensemblesprengerin gefährlichstel
gangs überzeugt, sind wir geneigt, das ganze Stück, Einfachheit sichtbar, körperlich werdender Gescheh=zeigt, die von der neuen Direktion Mein
soviel Feinheiten und Wahrheiten es in seinemnisse erlebt, wo man sonst eine Ahnung von dem be¬
Bernauer viel straffer in die Zügel genon
kultivierten Dialoge mit sich führt, als eine jener
kommt, was das Theater einst im Leben eines Volkes
den muß, soll sie dem Theater nur die Hä
Wienerischen Spitzigkeiten preiszugeben, die immer
war und bedeutete. Man soll nicht zuviel Einzelnes
leisten, was dieses sich offenbar von ihr de
nur zwischen den Zeilen und am Rande des Lebens
über diese Zirkusaufführungen auskramen und
Nun haben wir sie endlich, die
zu lesen wissen, statt sich resolut an den Text selbst
kritisieren. Man soll sich an ihren großen Wurf,
Glorifizierung der Polizei= und Behörden
zu halten. Nicht die Seele, sondern — um einen
ihre gebietende Geste halten Nicht aus blödem Zu¬
Komödie der Sternecker, Voigt und wie sich
Bahrschen Ausdruck zu gebrauchen — die „animula“
fall sind uns aus der Antike wenig oder gar keine
heißen mögen, die Helden von Köpenick und
ist das Objekt ihrer unendlich verfeinerten, aber auch
Schauspielernamen überkommen. Das Persönliche
Arno Holz und Oskar Jenschke,
tausendfach gebrochenen und zersplitterten Kunst.
verstummt hier vor dem Inhalt. Gute Sprecher —
die uns die sympathische Gestalt des Traus
Der Odipusaufführung mit Moissi in der Titel¬
das ist das wichtigste hier. Und dafür gerade sieht schenkt haben, waren es, die in ihrem „B
rolle folgte bald in demselben Zirkus Schumann
sich das Deutsche Theater durch diese Aufführungen
Meister= und Musterbild des achl so überau
die Orestie des Aschylos mit Moissi als
in eine Schule genommen, wie sie besser nicht gedacht
ren Polizeischrecks geschaffen haben. Neu##
Orest. Der Streit des Für und Wider, den die
werden kann. Zumal in der Behandlung des Chores
gerade nicht, dieser Typus, aber das muß
Reinhardtschen Zirkusvorstellungen entfacht haben,
hat Reinhardt Fortschritte gemacht, die allmählich
beiden Autoren lassen: sie haben ihren Ta
wird so bald nicht zur Ruhe kommen. Viel wäre
auch den hartnäckigsten Skeptiker entwaffnen müssen.
von Galgenvogel mit dem alemannisch=fr.
schon gewonnen, wenn man sich endlich bequemen
Namentlich der Frauenchor bringt mit dem Über¬
Maulheldentum, das sie ihm beimischten,
möchte, dies Für und Wider nicht gleich auch zu
gang vom Sprech= in den Sington Wirkungen
einem Entweder=Oder zu machen: hie intimes
schönster, erhabenster Art hervor. Genug, allerorten
eretet er det tetctlte
Theater — hie Arena, oder gar: hie Freilichtbühne
tauchen aus diesen Aufführungen neue Fragen, neue
der Verschlagenheit, Dreistigkeit und Frec
hie Zirkus! Das eine ist schon heute ebenso sicher
Auregungen, neue Möglichkeiten hervor. Man
Haupt gewunden, die so bald nicht verbla
wie tröstlich: in dem Augenblick, wo Tubaton den
müßte ein Pedant und Barbar zugleich sein, um ein Schade, daß noch ein dritter Akt kommt, u
Anfang des tragischen Zirkusspiels verkündet, wos solches Streben und Sichregen mit kühler Zweifel= dramatischen Zwillinge hier gar nichts n
des Aschylos machtvolle,
weil unendlich einfache sucht oder gar kaltem Hohn abtun zu wollen. Dank
zu finden wissen, das Wasser auf ihre
Verse ertönen, sei es auch nur in Vollmoellers ver= und Ermunterung allein ist das Echo, das sich hier
Mühle leitete! Merkwürdig, ein solcher G
bindender Übertragung, da ergeben wir uns willen=geziemt.
unterhält uns mehr, wenn er unsichtbar
los dem Bann dieser tragischen Gewalt und mit¬
Dauthendeys „Spielereien einer Kaiserin“ Augen im Automobil davon saust, als wer
bebend, mithofsend, mitfluchend, mitinbelnd mit-sollten sich im Theater an der Königgrätzerstraße der Hand im Brustlatz dasteht und Reden
trauernd folgen wir, kaum viel anders als diekeiner langen Lebensdauer erfreuen. Ein amüsantes Doch immerhin — wir sind für ein paa#
Hellenen vor mehr als zweitausend Jahren, den und dabei innerlich humorvolles Ehelustspiel von' witzig, schlagfertig, übermütig, beinah##

Gruse</Unicode>
            </TextEquiv>
        </TextRegion>
    </Page>
</PcGts>
