3344 4320
1382 93 1752 193 hox 28/
258 101 1226 202 24. Das ueiteLand
2505 1250 2565 1349 □00
1533 1337 3361 1416 gehören können, so viele auch sich ihnen zu eigen geben, und Tragikomödie, des von Hofrei
351 1258 1549 1434 Hrthur Schnißler- im-Geflingtheater.
1546 1378 3348 1464 weil sie am Ende schauernd ihren einsamen Weg gehen Arztes Mauer=ihr Todesurteil
1546 1429 1747 1500 müssen.
350 1422 1567 1520 Erste Aufführung der Tragikomödie „Dasweite Land“.
2806 1434 3359 1494 Die Schauspieler hatten
1628 1457 3359 1529 Wir glauben's gern, auch ohne die ewigen Wiederholun= losen Plauderern Leben einzu
445 1491 1564 1559 J. A. B. Weiches Wiener Geplauder und Geplausche
1553 1517 3348 1581 gen; aber Schnitzler wird uns nicht dazu bringen, diesenervigen Dialog und die v
335 1515 1564 1608 on Anfang bis zum Ende — fünf lange, lange Akte lang.
1548 1557 3358 1631 koketten Lebensnipper, die sich selbst kaum einen Augen-presionistischer Beobachtungsge
345 1578 1566 1650 Man spricht nur von Amouren, die diese dialektischen Ge¬
1543 1599 3361 1667 blick ganz ernst nehmen, uns als tiefe, problematische in aller Echtheit aufschillern.
361 1627 1556 1686 schmäckler um Gotteswillen nicht in Liebe ausarlen lassen.
1554 1642 3352 1706 Naturen auszuschwatzen. Noch weniger werden wir auf dieser steller der amüsanten Episod
354 1664 1560 1730 Dann kommen auch ernsthaftere Dinge an die Reihe: Tennis
1556 1685 3358 1746 schwankenden Basis eine neue Sittlichkeit oder Lebens=Lustspielmäßige ist hier beden
354 1701 1555 1775 und Bergkraxelei. Das dünkt sich eine Welt! Dieser kleine
1548 1735 3361 1792 anschauung aufbauen. Wir lassen uns die graziöse Schön= der witzig einen raunzenden
350 1742 1555 1813 Gesellschaftsklüngel, zu dem die Rechnung für ein Auto¬
1549 1774 2761 1831 färberei all dieser Nichtigkeiten gefallen, auf die sich keiner
2737 1785 3361 1842 Ziener als plappernder S
363 1797 1550 1859 mobil (und sei es auch scharlachrot) die beste Einlaßkarte
1550 1807 3334 1883 so gut versteht, wie Schnitzler, aber die Leute selbst fangen der in einem Alpenhotel die H
349 1834 1547 1902 ist, dieser kreuz und quer versippte Kreis verwöhnter
1542 1870 3360 1935 uns an bedenklich zu enuyieren. Sie sind die geborenen doch allein greifbare Wirklich
348 1889 3352 1965 Frauen und verweihlichter Männer, die sich in einer Villen= Lustspielfiguren, und hoffentlich erkennt das Schnitzler end-ließ seinen Anatol den töricht
357 1935 1555 1991 kolonie in Baden bei Wien zu einem ästhetisierenden — dem
1550 1942 3348 2014 lich selbst, wenn er sieht, daß sie uns nur dann erträglich sind, und tat für den traurigen Lei
350 1972 1548 2028 Namen nach zu schließen, arischen — Ghetto zusammen¬
1549 1994 3351 2059 wenn sie aller Sentimentalität entsagen und ihre Ironien! Widersprüche seiner Handlun
352 2002 1546 2078 gefunden haben: alle Propheten der Lebenskünstelei Das
1547 2043 3361 2102 und Selbstironien frei spielen lassen. Was fangen wir mit schauen in mich kannst du de
351 2058 1572 2122 wirkliche Leben mit seinen Brutalitäten ist ihnen im Grunde
1549 2085 3359 2153 seinem neuen Helden, dem Fabrikanten Friedrich Hofreiter, Mögliche. Auch Irene Tric
352 2105 1550 2163 genommen ekelhaft: drum lassen sie es, wenn es sich in ihren
1547 2123 3353 2188 an, der seiner Frau Vorwürfe darüber macht, weil sie seinen keinen Ehobruch begehen kann,
355 2146 1553 2219 Zirkel hineindrängt, in psychologischen Retorten ver¬
1536 2168 3353 2228 Freund, den Klaviertirtuosen, nicht erhört und in den Tod lichkeitsbedürfnis nicht voreine
351 2189 1552 2268 dampfen; auch Gefühle mögen sie nicht recht; alles Gefühl
1538 2218 3341 2278 getrieben hat, und der dann, als sie — ohne inneren beliebigen Fant nachts ihr
344 2238 878 2298 wird geistreich zerredet.
1546 2258 3359 2313 Zwang — sich einem Marinefähnrich hingibt, froh darüber Scheinexistenz. Und das ge
450 2287 1555 2350 „Fröstelnde Herzen“ könnte dieser mit Schnitzlerscher
1552 2309 3358 2372 ist, daß er nun nicht mehr allein als der schuldige Ehebrechersterich bei der kecken Erna,
351 2328 1561 2403 Finesse dialugisierie Roman heißen. Der Dichter aber klebt
1553 2348 3351 2406 im Hause herumgehen muß, und dennoch diesen Fähnrich kämpft hat und sich nach eine
358 2381 1548 2434 ihm eine Vignette auf, die das wohlfeile Wort: „Die Seele
1536 2381 3361 2452 am Ende niederknallt. Dieser irrsinnige Pistolenschuß, der einem lakonischen „Aus!“ abst
356 2420 3360 2473 ist ein weites Land“ zur Entschuldigung für einen poetischenl einen ihm gleichgültigen Rivalen ins Jenseits befördert, Schauspieler siegten über alle
356 2466 3360 2527 Relativismus wählt, der sich einbildet, alles verzeihen, heiße bringt — wie schon mehrmals bei Schnitzler — gewaltsamKonstruktion und sogar über e
351 2503 2735 2579 schon alles verstehen, und enthebe den Dramatiker jeglicher Ernst in die gleichgültige Spielerei. Aber nur im Leben
2724 2526 3362 2601 und ein Kraxel=Solneßtum h
345 2554 1547 2613 psychologischen Folgerichtigkeit. Gewiß, der Typus des ge¬
1542 2560 2740 2620 ist Zufallstragik erschütternd, im Drama bleibt sie eine
351 2584 2743 2668 nußhungrigen Egoisten, der sich aus Frauen= und Mädchen=] Peinlichkeit. Der Ausgang des possenhaften Duells, zu dem
2850 2617 3351 2708 „Das weite Land
347 2644 1557 2697 herzen einen weichen Teppich webt, der die Laune zu seinem
1542 2645 2751 2697 sich Herr Hofreiter einen von ihm selbst betrogenen Ehe¬
2788 2672 3352 2753 G. M. Aus Hamburg wird
342 2685 2734 2741 Lebensgesetz erhoben hat, existiert, und er mag im schwel= mann als Sekundanten erbittet, kann in uns nur das Be¬
2715 2713 3328 2791 Schauspielhaus“ in Hamburg
344 2740 3360 2823 gerischen Wien öfter vorkommen als anderwärts. Schnitzlee dauern zurücklassen, daß Anatol sich verheiratet hat. Das 14. Oklover die Tragikomödie von
341 2767 1546 2827 hat diese Menschen, die die Dürftigkeit ihres cynischen
1535 2775 2106 2848 hätte er nicht tun sollen.
2723 2811 3346 2866 Land“ zur ersten Aufführung. 2
348 2814 1553 2869 Empfindungslebens mit schönrednerischen Falten drapieren,
1629 2802 2726 2881 Schnitzler ist viel zu bewußt, um die Hohlheit dieser
2726 2849 3361 2905 und mit abwartendem Interesse
337 2869 3360 2928 oft genug bespiegelt, und uns auch von der einzigen Tragik seiner Welt nicht selbst zu durchschauen, aber seine Balan= stellte sich ein starker, wenn auch
345 2898 3323 2967 überzeugt, von der sie heimgesucht werden, wenn der Katzen=cierungskünste werden dadurch nicht seriöser, daß er ihnen fall ein, so daß sich Direktor
333 2960 3352 3012 jammer des Alters über sie kommt: weil sie niemandem aus dem Munde des einzigen graddenkenden Menschen dieser mit feinstem Verständnis inszenier
