3344 4320
721 166 841 224 We
277 161 1253 263 24 . Da S
445 1529 1546 1606 eine seelenvolle Weiblichk it Wandel schafft, indem sie
433 1572 1536 1657 (seelenvoll) einen zu sich ins Schlafzimmer holt.
433 1639 1537 1714 Daß ihr doch gar nichts andres einfällt als diese übung.
443 1679 1544 1756 Bei einer Leichtsinnigen: schön. Bei einer Wütenden:
440 1725 1541 1791 schön. Doch bei einer Seelenvollen, .. ich finde das
445 1766 899 1833 zum Klettern komisch.
481 1826 1408 1895 Weiß der Leser Bescheid? fühlt er Bescheid?
486 1868 1526 1955 Schnitzler findet es ja auch nicht gut; aber so weit
425 1935 1536 2004 Komöde wird er nicht, um diese kaum gewollte Komik
438 1974 1178 2039 einer edlen Person zu gestalten ...
476 2015 1524 2099 Er nennt sein Stück zwar Tragikomödie. Doch es
421 2066 1528 2133 wird, für mein Empfinden, vieles zu ernst besprochen;
430 2125 1526 2191 manches zu schwer genommen. Von der Aufhebung
416 2174 1527 2242 des geschlechtlichen Alleinbesitzes, die heut in großen
424 2219 1518 2295 Städten so gut wie vollzogen ist, unweigerlich tägliche
422 2263 1515 2341 Fortschritte macht (so daß in großen besonnten Schich¬
413 2330 1521 2391 ten, wie tief unten, ein strenges Innehalten der Mono¬
425 2368 1511 2438 gamie unter die Naturspiele zu rechnen begonnen hat;
423 2421 1524 2484 denn es soll hier nichts vertuscht und abgelogen: sondern
413 2455 1058 2521 die Wahrheit geäußert werden)
1059 2476 1520 2537 — von der Aufhebung
416 2508 1512 2591 des menschlichen Alleinbesitzes geschieht im Stück sehr
420 2555 696 2617 viel Wesens.
450 2613 1510 2685 Hernach, im Kernpunkt, ist es nicht mehr der Fall.
418 2655 1502 2724 Aber der Glühlichtfabrikant spricht beispielshalber so:
412 2716 1514 2783 „Ich will dich anders fragen. Ich meine: wenn du ihn
415 2749 1505 2821 von den Toten wieder aufwecken könntest, — dadurch
415 2791 1510 2870 daß du dich bereit erklärtest ... seine Geliebte zu
402 2851 1513 2935 werden. Oder: „Und jetzt zweifelst du daran, daß du
417 2902 1503 2977 seine Geliebte würdest, selbst wenn du ihn damit wieder
406 2948 1224 3024 von den Toten“... So der Fabrikant.
1419 154 1863 243 box 28/4
1614 1559 2682 1634 Aber die Menschen bei Schnitzler sind einander nicht
1569 1606 2661 1683 böse, die einander betrogen haben. Das ist hübsch.
1582 1660 2661 1733 Genia nicht auf Adele Natter, die Bankiersfrau. Der
1578 1703 2666 1777 Bankier nicht auf den Geliebten seiner Frau. Dieser
1581 1747 2664 1828 Geliebte nicht bös auf den Geliebten der seinigen. Jeder
1592 1798 2467 1862 fischt aus den Kästen seiner nahesten Freunde.
1614 1853 2657 1925 Der Held hat seinem Bankier die Frau weggenommen.
1570 1903 2650 1971 Hernach nimmt er seinem Arzte die Braut weg. Diese
1576 1948 2653 2021 (ihrerseits) nimmt einer Freundin den Mann weg. Die
1574 1993 2667 2070 beraubte Freundin, was nun sie betrifft, nimmt einer
1567 2044 2661 2104 befreundeten Mutter ihren Sohn weg. . .. Und so. Der
1569 2091 2048 2155 Schnitzler ist nicht feig.
1600 2147 2649 2209 Mag er schon seine Menschen bei Wien leben lassen;
1587 2195 2648 2273 o daß ich von der eindringlichen Vorstellung ihres
1572 2248 2659 2301 Gehabes in zwei Minuten seekrank bin. Das Ethos
1562 2289 2663 2356 dieses tragikomischen (nicht genügend komitragischen)
1573 2341 2656 2415 Stücks kündet Folgendes. Jemand kann eine Frau
1563 2402 2655 2463 grenzenlos lieben — und ihr doch untreu sein. Das
1557 2442 2655 2520 wußten wir. Zweitens. Jemandem kann seine Frau
1554 2495 2656 2562 untreu gewesen sein — und er liebt sie doch sehr, wie
1547 2531 2653 2605 der Bankmensch Natter.... Die Gattin des Helden
1559 2595 2658 2662 gewahrt spät, daß in der Liebe alles wie ein Spiel
1561 2635 2656 2709 ist. (Am schlmmsten ist der Fähnrich dran. Er wird
1549 2675 1656 2733 von
1665 2692 2657 2758 einer Frau beglückt, obschon sie ihn nicht
1551 2727 1673 2783 liebt.
1679 2734 2647 2811 Von einem Mann erschossen, obschon er ihn
1541 2787 2650 2856 nicht haßt.) Etliche Zivilisierung, von einem
1545 2827 2641 2902 Dichter .. freilich mehr geplant als gestaltet, aber
1550 2875 2648 2935 doch von einem Pionier, der mit greulich wienerischen
1535 2927 2641 2986 Mitteln (Brechmitteln) der Weltliteratur einen oder
1534 2970 2437 3052 zwei neue Feststellungspunkte zufügt. Ecco.
2744 1580 3345 1657 Schreckliches vollzieht sich.
2711 1614 3350 1695 Nicht etwa Peterl. Percy;
2716 1675 3342 1738 Eine tiefe Abneigung meldet
2703 1730 3350 1799 irgendwo solle Schnitzler zeigen
2699 1770 3349 1842 Doch; er zeigt sie. Durch einen
2711 1827 3342 1888 Dieser einzig anständige Mensch
2743 1884 3348 1944 Was geht nun vor? Moral
2698 1926 3342 1992 tadelt er diese Menschen? Ode
2707 1966 3047 2033 ist ein Pionier?
2729 2014 3350 2087 Vielleicht erst das Eine, dann
2748 2072 3340 2138 Eine Absage wäre mir erwi
2713 2121 3348 2187 hat er zu viel impassibilité (oder
2704 2177 3341 2228 nein, zu viel impassibilité) um
2732 2218 3345 2286 Man wünschte doch Bestätigun
2686 2275 3339 2331 Mollusken, Widerlingen, Karikc
2700 2317 3239 2381 gar nichts gemein hat. ...
2725 2357 3350 2435 Ich wünschte dann, daß er
2681 2413 3349 2482 Finger angewöhnt — wie ein
2680 2467 3328 2520 Herausheben des Wesentlichen,
2687 2509 3349 2577 hier breit. Er gibt Langes. Tote
2688 2563 3341 2622 ist, merkt man erst nach dem Buc
2680 2614 3343 2669 halber, in das Gewirr und Gelc
2687 2667 3349 2719 praktischermaßen die Lebensaspekt
2675 2714 3337 2784 Mannes verlegt; vielleicht den
2682 2755 3025 2826 spiels. Unklug!)
3168 2819 3271 2892 IV.
2711 2877 3350 2963 In der Aufführung ist Herr H
2670 2946 3348 3011 gewachsen. Er beginnt, entscheid
2672 2996 3341 3075 Augen zu machen; nein, in den 2
