3392 4352
186 130 1168 262 24. Das weite Land
1319 139 1763 254 box 29/2
201 1297 1083 1374 —.— Breadsongcis dirert
2280 1329 3228 1425 Laten, die wir an das Ausland berräufen. Se
185 1432 3262 1487 elegante und schöne Frau, die ihn liebt und da= diese aufs neue in stiller Resignation fügt oder durch die satirische Schilderung der Episoden¬
188 1474 2243 1554 rum einen Verehrer in den Tod gehen läßt. Nun vor dem flieht, der ihr so Ungeheuerliches an¬
2243 1504 2837 1576 figuren noch verstärkt wird.
189 1515 2253 1604 steht der Tote zwischen ihnen. Er begreift nicht, getan. Aber stärkste Verwunderung ergreift uns,
2288 1551 3269 1641 So tragen Form wie Inhalt dieses Werkes
195 1573 2244 1660 warum seine Frau ihm treu geblieben ist und als wir sie im 4. Akt in den Armen eines unbe¬
2244 1601 3263 1698 etwas Unsicheres an sich. Zu bewunvern ist, wie
191 1611 2243 1712 jener deshalb sterben mußte. „Ich hätt' nicht deutenden Marinefähnrichs finden. Nicht erklärt
2229 1665 3259 1744 bei den meisten Werken Schnitzlers, die seine
184 1641 2233 1751 können. Weiß Gott warum. Ich hätt' nicht wird dieser merkwürdige Vorgang, wir verstehen
190 1710 1213 1789 können!“ ruft sie nach einer leidenschaftlichen
2224 1705 3257 1798 Dialogführung, die angenehme Art der Plauderei,
63 1706 198 1796 itzler
1220 1724 2226 1803 ihn nicht nach der Natur der Frau, er kommt uns
185 1762 1223 1838 Szene am Schluß des 1. Aufzugs aus, der einen
2227 1764 3265 1841 die keine Stockung in Rede und Gegenrede zuläßt.
69 1776 193 1847 Men¬
1207 1779 2241 1865 so ganz unwahr vor. Und das ist es, woran das
2231 1816 3272 1888 Diese Feinheiten sind es auch, die uns hinweg¬
182 1812 2234 1900 ausgezeichneten Auftakt zur ganzen Handlung bil= Drama scheitert. Es weicht ab von allem Künst¬
58 1834 200 1897 Rotto
2229 1860 3267 1960 helfen über die mancherlei Schwächen in Hand¬
174 1857 2240 1964 det. Im 2. Akt glauben wir eine Lösung der lerischen, von jeder logischen Entwicklung und
56 1886 200 1949 Das
2225 1908 2868 1990 lung und Charakterzeichnung.
180 1907 2247 1994 Frage zu erhalten, wie das Erlebnis von Frauen= stellt uns vor Tatsachen, die wir hinnehmen
54 1931 209 2009 nadt¬
181 1960 2237 2057 treue auf den kalten Sinnenmenschen einwirken müssen, obwohl wir sie nicht begreifen. Und er,
2284 1965 3261 2057 Die Aufführung war dazu angetan, die Un¬
52 1981 193 2056 geiner
177 2009 2236 2098 wird. Nach seiner Veranlagung sind wir uns der es nicht verstehen konnte, wie seine Frau eher
2233 2007 3248 2103 ebenheiten des Dramas in schwächerem Lichte er¬
57 2030 191 2097 keichi¬
176 2055 2228 2157 wohl bwußt, daß diese Frauentreue in ihm nicht einen andern in den Tod gehen läßt als sich ihm
2237 2074 3260 2151 scheinen zu lassen. Herr Hardel gab den Fabri¬
57 2081 191 2157 eele
180 2112 2232 2210 allzuviel Eindruck hervorrufen wird. Aber wenn hinzugeben, er erträgt angesichts der Tatsachen
2230 2126 3250 2204 kanten Hofreiter mit sicherer Routine mit all dem
64 2134 186 2195 zum
179 2158 2227 2261 er diese Treue einfach nicht begreift, wenn ei es nicht die Revanche seiner Frau. Er schießt in
2222 2175 3260 2257 feinen Schliff, die dieser Figur anhaftet. Frl.
58 2190 1202 2282 ans! lieber gesehen hätte, daß seine Frau den andern
1204 2218 1919 2295 einem Duell den Liebhaber nieder.
2215 2214 3249 2305 Bolteny sekundierte ihm als gefolterte Gattin voll¬
57 2232 188 2299 nde¬
171 2259 1231 2324 erhört hätte, wenn er in derselben Stunde sich zu
2218 2274 3248 2357 gültig. Ja, ihr Spiel ließ uns das Mitleid, das
1259 2259 2226 2351 Warum? Aus einem Rückfall in die alte Kon¬
47 2289 1203 2391 dern einer Reise entschließt, um neuen Liebesabenteuern
2231 2303 3258 2426 wir für diese betrogene Frau an und für sich
1204 2311 2218 2402 oention, aus Liebe zu seiner Frau, die plötzlich
47 2338 1202 2432 inung nachzujagen, dann liegt darin eine Gefühlsroh¬
2222 2372 3244 2454 hegen, in noch höherem Grad erscheinen. Frl.
57 2387 179 2448 Ord¬
1203 2375 2222 2467 durchbricht, aus Eitelkeit, um nicht der „Dumme“
177 2411 1207 2487 heit, daß wir kaum noch Interesse für ihn zu ge¬
2217 2433 3251 2506 Koch war eine glänzende Darstellerin der liebes¬
66 2435 189 2514 Un¬
1195 2431 2221 2504 zu sein oder weil, wie Hebbel in seiner „Maria
171 2457 1201 2520 winnen vermögen. Unser ganzes Mitgefühl wen¬
2225 2476 3252 2556 tollen Erna und Hr. Kautsky wußte dem Dr.
1191 2480 2226 2545 Magdalena“ sagt, „ein Mann darüber nicht hin¬
165 2510 1202 2601 det sich der Frau zu, wie sie sich zu solcher Bruta¬
2217 2522 3258 2601 Mauer ernste Würde zu verleihen. Die übrigen
1192 2527 2230 2615 wegkommt“? Von all diesem wird etwas ange¬
64 2543 2230 2660 des lität stellen wird. Er reist weiter in „das weite deutet und eben dieses schillernde Zwiespältige,
2204 2579 3250 2652 Darsteller der vielen kleinen Rollen trugen zu einer
67 2596 2233 2713 auf. Land“. Wir treffen ihn im 3. Akt und finden da das haftet dem Charakter dieses Mannes und dem
2219 2627 3254 2698 abgerundeten, guten Aufführung des Werkes
41 2630 183 2710 vilen
177 2663 1196 2734 in dem Hoteldirektor einen Gesinnungsgenossen
2209 2671 3247 2744 wesentlich bei. Die Spielleitung — Herr Direktor
1189 2681 2234 2771 ganzen Drama an. Die Gestalt eines Mannes,
39 2695 182 2764 nora¬
171 2708 1197 2784 von ihm. Allerlei Nebenhandlungen verzögern
2207 2725 3245 2802 Balder — hatte für sehr schöne und geschmackvolle
1191 2724 2241 2819 in dem die alten Instinkte des Geschlechts die
51 2747 180 2811 Mei¬
159 2761 2230 2858 unnötig die Handlung. Dieser Akt scheint über- Schranken seiner Kultur zertrümmern, ist gewiß
2217 2777 3240 2839 Szenenbilder gesorgt. Die Teilnahme des
51 2795 187 2870 r das
162 2803 2221 2903 haupt nur da zu sein, um aufs neue seine Rück= eine tieftragische Erscheinung. Schnitzler aber
2209 2818 3248 2886 Publikums war eine geteilte, es überwog aber
60 2848 175 2907 des
166 2860 2218 2952 sichtslosigkeit zu kennzeichnen. Er verführt einnennt sein Stück „Tragikomödie“ und will damit
2209 2878 3236 2957 wohl der Beifall die Zeichen des Widerspruchs. Es
37 2872 172 2961 Uhren,
164 2917 1191 3005 frühreifes Mädel, das sein bester Freund sich zur
2213 2926 3236 3006 ist eben nicht jedermanns Sache, feingründigen
1193 2924 2220 3005 die Gestalien in eine ungewiß spielerische Be¬
40 2940 176 3017 lichen,
176 2957 527 3030 Gattin ersehnt.
2200 2973 3242 3075 Erörterungen den rechten Geschmack abzu¬
1181 2977 2227 3055 leuchtung hineinrücken. Den Uebermenschen will
53 3001 179 3074 evor¬
228 2988 2215 3117 Wie erträgt seine Frau das alles? Nach ihrer er schildern, nicht nach Nietzsches Auffassung, son¬
2202 3030 2465 3106 gewinnen.
161 3046 2236 3175 starken Natur, nach ihrer strengen Auffassung der dern mit einer komischen Ironie als Sieger im
2562 3097 2911 3204 —.—
35 3071 2236 3237 kluge, ehelichen Treue muß wan annehme“ daß sich Tennisspiel, als Gesellschaftslöwen, ein Zug, der
2765 3185 3010 3257 #
2185 3174 2595 3278 + 24
