<?xml version="1.0" encoding="UTF-8" standalone="yes"?>
<PcGts xmlns="http://schema.primaresearch.org/PAGE/gts/pagecontent/2013-07-15" xmlns:xsi="http://www.w3.org/2001/XMLSchema-instance" xsi:schemaLocation="http://schema.primaresearch.org/PAGE/gts/pagecontent/2013-07-15 http://schema.primaresearch.org/PAGE/gts/pagecontent/2013-07-15/pagecontent.xsd">
    <Metadata>
        <Creator>prov=University of Rostock/Institute of Mathematics/CITlab/Gundram Leifert/gundram.leifert@uni-rostock.de:name=ONB_Newseye_GT_M1+(htr_id=10810)::::v=2.4.2
prov=University of Rostock/Institute of Mathematics/CITlab/Tobias Gruening/tobias.gruening@uni-rostock.de:name=de.uros.citlab.module.baseline2polygon.B2PSeamMultiOriented:v=2.4.2
prov=University of Rostock/Institute of Mathematics/CITlab/Tobias Gruening/tobias.gruening@uni-rostock.de:name=/mnt/transkribus/LA/DEA/URO/LA_news_onb_att.pb:de.uros.citlab.segmentation.CITlab_LA_ML:v=2.4.2
Transkribus</Creator>
        <Created>2019-10-07T11:15:12.975+02:00</Created>
        <LastChange>2019-10-08T05:53:34.569+02:00</LastChange>
        <TranskribusMetadata docId="223964" pageId="9497842" pageNr="652" tsid="16503877" status="IN_PROGRESS" userId="40391" imgUrl="https://files.transkribus.eu/Get?id=BKIUOMWNNCXHCZHDDHNQGFCB&amp;fileType=view" xmlUrl="https://files.transkribus.eu/Get?id=LSWZDSQWIOKJWKVGQFZLTGCJ" imageId="6188068"/>
    </Metadata>
    <Page imageFilename="223964_0652.jpeg" imageWidth="3436" imageHeight="4256">
        <ReadingOrder>
            <OrderedGroup id="ro_1711441983921" caption="Regions reading order">
                <RegionRefIndexed index="0" regionRef="r1"/>
                <RegionRefIndexed index="1" regionRef="r2"/>
                <RegionRefIndexed index="2" regionRef="r3"/>
            </OrderedGroup>
        </ReadingOrder>
        <TextRegion orientation="0.0" id="r1" custom="readingOrder {index:0;}">
            <Coords points="328,82 328,3172 1617,3172 1617,82"/>
            <TextLine id="r1l1" custom="readingOrder {index:0;}">
                <Coords points="740,120 761,123 769,119 779,124 803,118 813,125 849,115 842,51 814,62 802,77 781,79 756,68 747,78 736,76"/>
                <Baseline points="748,112 778,112 809,109 840,102"/>
                <TextEquiv>
                    <Unicode>We</Unicode>
                </TextEquiv>
            </TextLine>
            <TextLine id="r1l2" custom="readingOrder {index:1;}">
                <Coords points="320,103 673,159 1265,156 1251,70 1059,66 1014,106 917,66 793,122 567,49 487,100 417,51 322,61"/>
                <Baseline points="328,104 374,110 421,115 467,119 514,123 560,126 607,128 653,130 700,132 746,134 793,135 840,136 886,136 933,137 979,137 1026,138 1072,138 1119,138 1165,139 1212,140 1259,141"/>
                <TextEquiv>
                    <Unicode>24. bas ite band</Unicode>
                </TextEquiv>
            </TextLine>
            <TextLine id="r1l3" custom="readingOrder {index:2;}">
                <Coords points="441,1129 784,1106 862,1128 910,1105 1004,1148 1161,1116 1229,1140 1267,1079 1227,1053 1155,1097 1100,1049 1039,1079 1007,1048 900,1091 827,1091 792,1056 736,1088 693,1048 597,1048 557,1081 507,1048 441,1081"/>
                <Baseline points="448,1118 488,1116 529,1114 569,1113 610,1112 650,1112 691,1111 731,1111 772,1112 812,1112 853,1112 894,1113 934,1114 975,1114 1015,1114 1056,1115 1096,1115 1137,1115 1177,1115 1218,1114 1259,1113"/>
                <TextEquiv>
                    <Unicode>Rioie &amp; Seidel</Unicode>
                </TextEquiv>
            </TextLine>
            <TextLine id="r1l4" custom="readingOrder {index:3;}">
                <Coords points="470,1210 1180,1212 1247,1198 1247,1158 470,1161"/>
                <Baseline points="478,1195 516,1196 554,1197 592,1198 630,1199 668,1199 706,1200 744,1200 782,1200 820,1200 858,1200 896,1199 934,1199 972,1199 1010,1198 1048,1198 1086,1198 1124,1198 1162,1197 1200,1197 1239,1198"/>
                <TextEquiv>
                    <Unicode>Bureau für Zeitungsausschnitte</Unicode>
                </TextEquiv>
            </TextLine>
            <TextLine id="r1l5" custom="readingOrder {index:4;}">
                <Coords points="448,1276 1184,1291 1246,1283 1246,1210 1133,1238 1054,1215 1005,1238 877,1213 648,1215 601,1240 448,1221"/>
                <Baseline points="456,1268 495,1270 534,1270 573,1271 612,1271 651,1272 690,1272 730,1272 769,1271 808,1271 847,1271 886,1270 925,1270 964,1269 1004,1269 1043,1269 1082,1268 1121,1268 1160,1268 1199,1268 1239,1268"/>
                <TextEquiv>
                    <Unicode>Berlin NO. 43, Georgenkirchplatz 21!</Unicode>
                </TextEquiv>
            </TextLine>
            <TextLine id="r1l6" custom="readingOrder {index:5;}">
                <Coords points="744,1401 794,1428 867,1421 912,1442 974,1445 1144,1417 1144,1359 1128,1366 1109,1352 1078,1364 1035,1350 985,1375 964,1361 895,1372 814,1350 773,1375 744,1373"/>
                <Baseline points="751,1414 776,1416 802,1416 828,1418 853,1419 879,1419 905,1419 930,1419 956,1419 982,1418 1007,1418 1033,1417 1059,1417 1084,1417 1110,1416 1136,1416"/>
                <TextEquiv>
                    <Unicode>Krauz-ZU</Unicode>
                </TextEquiv>
            </TextLine>
            <TextLine id="r1l7" custom="readingOrder {index:6;}">
                <Coords points="412,1506 1312,1516 1312,1467 1241,1476 1184,1431 1035,1481 977,1449 844,1480 412,1454"/>
                <Baseline points="419,1497 463,1496 507,1496 551,1495 596,1495 640,1494 684,1494 729,1494 773,1494 817,1494 862,1494 906,1494 950,1494 994,1494 1039,1494 1083,1494 1127,1494 1172,1495 1216,1495 1260,1495 1305,1496"/>
                <TextEquiv>
                    <Unicode>Zeitung:  sersessssssensssssssssseeseessenseeuaereese e</Unicode>
                </TextEquiv>
            </TextLine>
            <TextLine id="r1l8" custom="readingOrder {index:7;}">
                <Coords points="813,1575 828,1572 833,1577 844,1568 873,1571 887,1585 907,1586 955,1568 975,1570 977,1506 962,1502 951,1510 938,1500 912,1510 904,1502 890,1506 871,1496 816,1497"/>
                <Baseline points="821,1556 850,1554 879,1554 908,1556 937,1558 967,1560"/>
                <TextEquiv>
                    <Unicode>Be</Unicode>
                </TextEquiv>
            </TextLine>
            <TextLine id="r1l9" custom="readingOrder {index:8;}">
                <Coords points="411,1604 1278,1628 1278,1580 1231,1563 634,1585 541,1540 411,1577"/>
                <Baseline points="419,1600 461,1600 504,1601 546,1601 589,1601 632,1602 674,1602 717,1602 759,1602 802,1602 845,1602 887,1601 930,1601 972,1601 1015,1601 1058,1601 1100,1601 1143,1601 1185,1601 1228,1602 1271,1602"/>
                <TextEquiv>
                    <Unicode>UIr. </Unicode>
                </TextEquiv>
            </TextLine>
            <TextLine id="r1l10" custom="readingOrder {index:9;}">
                <Coords points="413,1715 1289,1717 1251,1687 1060,1684 985,1626 915,1647 685,1606 549,1678 413,1653"/>
                <Baseline points="421,1708 464,1707 507,1706 550,1706 593,1705 636,1705 679,1705 722,1705 765,1706 808,1706 851,1706 894,1707 937,1707 980,1708 1023,1708 1066,1708 1109,1708 1152,1708 1195,1708 1238,1708 1281,1707"/>
                <TextEquiv>
                    <Unicode>Detum.  .- EMON. 15——</Unicode>
                </TextEquiv>
            </TextLine>
            <TextLine id="r1l11" custom="readingOrder {index:10;}">
                <Coords points="494,1860 1589,1889 1604,1853 495,1842"/>
                <Baseline points="502,1857 556,1858 611,1859 666,1860 720,1862 775,1862 830,1864 884,1865 939,1866 994,1868 1049,1869 1103,1871 1158,1872 1213,1874 1267,1876 1322,1878 1377,1880 1431,1882 1486,1885 1541,1887 1596,1890"/>
                <TextEquiv>
                    <Unicode>„Das weite Land“ im Residenz Theater. Wenn Arthur</Unicode>
                </TextEquiv>
            </TextLine>
            <TextLine id="r1l12" custom="readingOrder {index:11;}">
                <Coords points="414,1901 1543,1936 1616,1894 415,1846"/>
                <Baseline points="421,1899 480,1899 539,1900 598,1900 658,1902 717,1902 776,1904 836,1905 895,1906 954,1907 1014,1908 1073,1910 1132,1911 1191,1913 1251,1914 1310,1916 1369,1918 1429,1920 1488,1922 1547,1924 1607,1926"/>
                <TextEquiv>
                    <Unicode>Schuitler, wie er es in dieser Tragikomödie versucht, zu mora¬</Unicode>
                </TextEquiv>
            </TextLine>
            <TextLine id="r1l13" custom="readingOrder {index:12;}">
                <Coords points="413,1942 1475,1972 1597,1966 1612,1933 414,1901"/>
                <Baseline points="421,1932 480,1933 539,1934 598,1936 657,1937 716,1939 775,1941 834,1942 893,1944 952,1945 1012,1947 1071,1949 1130,1951 1189,1953 1248,1954 1307,1955 1366,1957 1425,1958 1484,1959 1543,1960 1603,1960"/>
                <TextEquiv>
                    <Unicode>lisieren beginnt, so wird er lungweitig. Das bewies dies in</Unicode>
                </TextEquiv>
            </TextLine>
            <TextLine id="r1l14" custom="readingOrder {index:13;}">
                <Coords points="418,1976 1617,2001 1618,1964 1536,1957 419,1941"/>
                <Baseline points="425,1969 484,1971 543,1973 602,1974 661,1976 721,1978 780,1979 839,1981 898,1982 957,1984 1017,1985 1076,1986 1135,1988 1194,1990 1253,1991 1313,1992 1372,1994 1431,1996 1490,1997 1549,1999 1609,2001"/>
                <TextEquiv>
                    <Unicode>Ben vor einem Jahrzehnt mit kurzer Libensdauer aufgeführte</Unicode>
                </TextEquiv>
            </TextLine>
            <TextLine id="r1l15" custom="readingOrder {index:14;}">
                <Coords points="413,2022 1616,2041 1557,2002 414,1976"/>
                <Baseline points="421,2009 480,2011 539,2012 599,2015 658,2016 717,2018 777,2020 836,2021 895,2022 955,2024 1014,2025 1073,2027 1133,2028 1192,2030 1251,2031 1311,2033 1370,2034 1429,2036 1489,2038 1548,2039 1608,2041"/>
                <TextEquiv>
                    <Unicode>#iel gestern aufs neue. Es führt uns in der Tat durch ein</Unicode>
                </TextEquiv>
            </TextLine>
            <TextLine id="r1l16" custom="readingOrder {index:15;}">
                <Coords points="404,2064 1514,2090 1614,2058 406,2021"/>
                <Baseline points="413,2049 472,2051 532,2052 591,2053 651,2054 711,2056 770,2057 830,2059 889,2060 949,2062 1009,2064 1068,2065 1128,2066 1187,2068 1247,2070 1307,2071 1366,2073 1426,2074 1485,2076 1545,2077 1605,2079"/>
                <TextEquiv>
                    <Unicode>A##es Land, ober diesem fehlt die interessierende große Linie, und</Unicode>
                </TextEquiv>
            </TextLine>
            <TextLine id="r1l17" custom="readingOrder {index:16;}">
                <Coords points="405,2080 1619,2119 1586,2080 480,2063 406,2031"/>
                <Baseline points="412,2090 475,2091 538,2093 601,2094 664,2095 727,2097 790,2098 853,2100 916,2101 979,2103 1043,2104 1106,2106 1169,2107 1232,2109 1295,2110 1358,2112 1421,2113 1484,2115 1547,2116 1611,2118"/>
                <TextEquiv>
                    <Unicode>wreinzelt stößt man auf grüne Oasen in diesem grauen Eineriei</Unicode>
                </TextEquiv>
            </TextLine>
            <TextLine id="r1l18" custom="readingOrder {index:17;}">
                <Coords points="406,2142 1610,2159 1577,2117 406,2113"/>
                <Baseline points="413,2128 472,2130 531,2132 591,2133 650,2134 710,2136 769,2137 829,2139 888,2140 948,2141 1007,2142 1066,2144 1126,2145 1185,2146 1245,2148 1304,2149 1364,2150 1423,2152 1483,2154 1542,2155 1602,2157"/>
                <TextEquiv>
                    <Unicode>eines Stückes, bei dem alles unwahr ist; zumal der Kunliesselt</Unicode>
                </TextEquiv>
            </TextLine>
            <TextLine id="r1l19" custom="readingOrder {index:18;}">
                <Coords points="406,2163 1400,2210 1594,2197 1595,2159 406,2143"/>
                <Baseline points="413,2165 471,2167 530,2170 589,2172 647,2174 706,2176 765,2177 823,2179 882,2180 941,2181 1000,2182 1058,2184 1117,2185 1176,2186 1234,2186 1293,2187 1352,2188 1410,2189 1469,2190 1528,2191 1587,2192"/>
                <TextEquiv>
                    <Unicode>des Duells amSchluß. War das bei dieser völlig herunterge¬</Unicode>
                </TextEquiv>
            </TextLine>
            <TextLine id="r1l20" custom="readingOrder {index:19;}">
                <Coords points="409,2210 1555,2243 1610,2199 410,2172"/>
                <Baseline points="417,2205 476,2206 535,2207 594,2209 654,2210 713,2211 772,2213 831,2215 891,2216 950,2218 1009,2219 1068,2221 1128,2222 1187,2223 1246,2225 1305,2225 1365,2227 1424,2227 1483,2228 1542,2228 1602,2229"/>
                <TextEquiv>
                    <Unicode>kommenen Gesellschaft — fast muß man sagen Bande — nötig?</Unicode>
                </TextEquiv>
            </TextLine>
            <TextLine id="r1l21" custom="readingOrder {index:20;}">
                <Coords points="409,2256 1582,2280 1617,2216 409,2210"/>
                <Baseline points="416,2243 475,2245 535,2247 594,2248 654,2250 714,2251 773,2253 833,2254 892,2255 952,2257 1012,2258 1071,2259 1131,2260 1190,2261 1250,2262 1310,2263 1369,2264 1429,2265 1488,2266 1548,2268 1608,2269"/>
                <TextEquiv>
                    <Unicode>So konnte auch der laute Voifall des Rotterschen Stammpublikums,</Unicode>
                </TextEquiv>
            </TextLine>
            <TextLine id="r1l22" custom="readingOrder {index:21;}">
                <Coords points="390,2291 1495,2332 1624,2314 1625,2269 390,2249"/>
                <Baseline points="397,2283 458,2285 519,2287 580,2288 641,2289 702,2290 763,2292 824,2293 885,2294 946,2295 1007,2296 1068,2297 1129,2299 1190,2300 1251,2301 1312,2303 1373,2304 1434,2306 1495,2307 1556,2309 1617,2311"/>
                <TextEquiv>
                    <Unicode>wrgs necheedurch Neugierige verstärkt wurde, denen der in letzter</Unicode>
                </TextEquiv>
            </TextLine>
            <TextLine id="r1l23" custom="readingOrder {index:22;}">
                <Coords points="392,2337 1576,2380 1576,2338 1408,2318 394,2294"/>
                <Baseline points="400,2329 458,2331 516,2332 575,2334 633,2336 692,2339 750,2341 808,2344 867,2346 925,2349 984,2351 1042,2354 1100,2356 1159,2358 1217,2360 1276,2363 1334,2365 1392,2367 1451,2368 1509,2370 1568,2371"/>
                <TextEquiv>
                    <Unicode>Zeit so viel genannte Name Schnitzler besondere „Genusse“ ver¬</Unicode>
                </TextEquiv>
            </TextLine>
            <TextLine id="r1l24" custom="readingOrder {index:23;}">
                <Coords points="385,2371 1574,2433 1576,2385 1512,2374 387,2334"/>
                <Baseline points="393,2368 451,2369 510,2371 569,2372 627,2375 686,2377 745,2380 803,2383 862,2386 921,2389 980,2392 1038,2395 1097,2398 1156,2401 1214,2403 1273,2406 1332,2408 1390,2409 1449,2411 1508,2411 1567,2412"/>
                <TextEquiv>
                    <Unicode>sprach, nicht darüber hinwegtäuschen, daß diesem Zwitterwesen</Unicode>
                </TextEquiv>
            </TextLine>
            <TextLine id="r1l25" custom="readingOrder {index:24;}">
                <Coords points="379,2403 1436,2462 1588,2431 381,2373"/>
                <Baseline points="387,2402 446,2405 506,2407 565,2411 625,2414 685,2417 744,2420 804,2423 863,2426 923,2430 983,2433 1042,2435 1102,2438 1161,2440 1221,2442 1281,2445 1340,2446 1400,2448 1459,2450 1519,2451 1579,2452"/>
                <TextEquiv>
                    <Unicode>von Moral und Verderbtheit nur ein Achtungserfolg beschieden</Unicode>
                </TextEquiv>
            </TextLine>
            <TextLine id="r1l26" custom="readingOrder {index:25;}">
                <Coords points="387,2451 1365,2501 1582,2464 388,2406"/>
                <Baseline points="395,2442 453,2445 512,2447 571,2449 630,2452 689,2455 748,2458 807,2461 866,2464 925,2466 984,2469 1042,2473 1101,2475 1160,2478 1219,2480 1278,2483 1337,2484 1396,2485 1455,2486 1514,2487 1573,2488"/>
                <TextEquiv>
                    <Unicode>war. Und wenn Arnoid Korff mit einer geradezu genialen</Unicode>
                </TextEquiv>
            </TextLine>
            <TextLine id="r1l27" custom="readingOrder {index:26;}">
                <Coords points="379,2478 1586,2547 1589,2489 381,2446"/>
                <Baseline points="387,2478 446,2483 506,2486 565,2490 625,2494 685,2497 744,2500 804,2502 864,2505 923,2507 983,2509 1043,2512 1102,2514 1162,2516 1222,2518 1281,2520 1341,2522 1401,2524 1460,2526 1520,2528 1580,2530"/>
                <TextEquiv>
                    <Unicode>Gestaltungskraft nicht alls der undankbaren und schiefen Rollef“</Unicode>
                </TextEquiv>
            </TextLine>
            <TextLine id="r1l28" custom="readingOrder {index:27;}">
                <Coords points="383,2527 406,2525 412,2529 416,2526 420,2531 431,2530 436,2537 454,2528 464,2533 485,2518 497,2520 497,2506 475,2505 464,2492 453,2497 441,2488 437,2493 431,2489 426,2492 423,2488 412,2494 401,2481 387,2477"/>
                <Baseline points="391,2518 423,2518 456,2520 489,2526"/>
                <TextEquiv>
                    <Unicode>des</Unicode>
                </TextEquiv>
            </TextLine>
            <TextLine id="r1l29" custom="readingOrder {index:28;}">
                <Coords points="496,2533 682,2544 742,2525 896,2555 971,2535 1017,2558 1062,2545 1063,2519 1006,2510 498,2496"/>
                <Baseline points="504,2524 531,2525 559,2526 586,2527 614,2529 641,2530 669,2532 696,2533 724,2535 751,2537 779,2539 806,2540 834,2542 861,2543 889,2545 916,2546 944,2547 971,2547 999,2548 1026,2548 1054,2548"/>
                <TextEquiv>
                    <Unicode>Fabrikanten Hofreiter ein</Unicode>
                </TextEquiv>
            </TextLine>
            <TextLine id="r1l30" custom="readingOrder {index:29;}">
                <Coords points="1078,2547 1156,2568 1213,2555 1294,2562 1339,2583 1382,2565 1424,2585 1440,2572 1487,2574 1489,2539 1444,2526 1395,2539 1250,2522 1215,2544 1185,2519 1079,2520"/>
                <Baseline points="1085,2548 1111,2550 1137,2551 1164,2552 1190,2554 1216,2556 1243,2557 1269,2559 1295,2560 1322,2562 1348,2563 1374,2564 1401,2566 1427,2567 1453,2568 1480,2569"/>
                <TextEquiv>
                    <Unicode>Stück interessanten</Unicode>
                </TextEquiv>
            </TextLine>
            <TextLine id="r1l31" custom="readingOrder {index:30;}">
                <Coords points="385,2563 1549,2630 1572,2587 386,2525"/>
                <Baseline points="392,2555 450,2560 509,2564 567,2567 626,2570 684,2574 743,2577 801,2579 860,2581 918,2584 977,2586 1036,2588 1094,2590 1153,2592 1211,2594 1270,2596 1328,2599 1387,2602 1445,2604 1504,2608 1563,2611"/>
                <TextEquiv>
                    <Unicode>sympathischen Menschontumsgeschaffen hätte, so wäre</Unicode>
                </TextEquiv>
            </TextLine>
            <TextLine id="r1l32" custom="readingOrder {index:31;}">
                <Coords points="381,2601 1452,2662 1565,2634 382,2563"/>
                <Baseline points="389,2598 447,2601 505,2604 564,2608 622,2610 681,2613 739,2615 797,2618 856,2620 914,2622 973,2625 1031,2627 1089,2630 1148,2632 1206,2634 1265,2637 1323,2640 1381,2642 1440,2645 1498,2648 1557,2651"/>
                <TextEquiv>
                    <Unicode>das Stück —malt durchgerasielt. Trotz Irene Triesch</Unicode>
                </TextEquiv>
            </TextLine>
            <TextLine id="r1l33" custom="readingOrder {index:32;}">
                <Coords points="369,2628 379,2628 381,2632 385,2630 394,2642 408,2641 432,2653 454,2641 468,2642 470,2620 460,2620 453,2614 448,2617 444,2612 438,2613 423,2604 405,2606 372,2597"/>
                <Baseline points="376,2635 404,2635 432,2638 460,2641"/>
                <TextEquiv>
                    <Unicode>die</Unicode>
                </TextEquiv>
            </TextLine>
            <TextLine id="r1l34" custom="readingOrder {index:33;}">
                <Coords points="491,2645 502,2643 518,2655 537,2648 561,2655 569,2647 584,2647 584,2621 565,2617 561,2612 553,2612 549,2617 535,2609 509,2608 500,2614 491,2613"/>
                <Baseline points="498,2644 524,2643 550,2642 576,2644"/>
                <TextEquiv>
                    <Unicode>sich</Unicode>
                </TextEquiv>
            </TextLine>
            <TextLine id="r1l35" custom="readingOrder {index:34;}">
                <Coords points="584,2650 647,2651 660,2665 680,2658 729,2667 746,2657 781,2657 810,2646 811,2632 779,2631 761,2617 747,2625 737,2614 692,2625 683,2616 652,2624 636,2611 610,2625 585,2617"/>
                <Baseline points="592,2646 618,2647 644,2648 670,2648 697,2650 723,2651 749,2651 775,2652 802,2653"/>
                <TextEquiv>
                    <Unicode>eigentlich</Unicode>
                </TextEquiv>
            </TextLine>
            <TextLine id="r1l36" custom="readingOrder {index:35;}">
                <Coords points="816,2656 834,2664 857,2664 893,2681 921,2664 958,2669 979,2679 999,2667 1000,2643 989,2646 961,2630 937,2626 888,2630 879,2625 865,2635 850,2624 840,2631 817,2630"/>
                <Baseline points="824,2656 852,2658 880,2660 908,2662 936,2663 964,2663 992,2664"/>
                <TextEquiv>
                    <Unicode>darüber</Unicode>
                </TextEquiv>
            </TextLine>
            <TextLine id="r1l37" custom="readingOrder {index:36;}">
                <Coords points="1011,2669 1084,2670 1093,2675 1103,2667 1129,2668 1129,2641 1117,2636 1106,2643 1093,2636 1076,2639 1063,2631 1055,2634 1043,2624 1031,2625 1026,2630 1021,2626 1012,2628"/>
                <Baseline points="1018,2667 1043,2668 1069,2667 1095,2668 1121,2672"/>
                <TextEquiv>
                    <Unicode>Klar</Unicode>
                </TextEquiv>
            </TextLine>
            <TextLine id="r1l38" custom="readingOrder {index:37;}">
                <Coords points="1129,2677 1157,2668 1224,2687 1264,2663 1301,2687 1391,2684 1421,2694 1423,2663 1363,2640 1259,2645 1227,2633 1210,2648 1178,2631 1131,2637"/>
                <Baseline points="1136,2671 1161,2671 1186,2671 1211,2673 1237,2674 1262,2675 1287,2676 1312,2678 1338,2680 1363,2682 1388,2682 1414,2683"/>
                <TextEquiv>
                    <Unicode>sein müßte,</Unicode>
                </TextEquiv>
            </TextLine>
            <TextLine id="r1l39" custom="readingOrder {index:38;}">
                <Coords points="1455,2687 1467,2683 1474,2688 1503,2687 1522,2696 1563,2689 1564,2634 1541,2635 1516,2659 1498,2647 1484,2656 1477,2651 1455,2655"/>
                <Baseline points="1463,2682 1494,2684 1525,2683 1556,2685"/>
                <TextEquiv>
                    <Unicode>daß</Unicode>
                </TextEquiv>
            </TextLine>
            <TextLine id="r1l40" custom="readingOrder {index:39;}">
                <Coords points="371,2683 1467,2741 1562,2730 1564,2696 373,2637"/>
                <Baseline points="379,2672 437,2676 496,2680 555,2683 614,2687 673,2689 731,2692 790,2695 849,2697 908,2700 967,2702 1025,2704 1084,2707 1143,2709 1202,2712 1261,2714 1319,2717 1378,2720 1437,2723 1496,2726 1555,2730"/>
                <TextEquiv>
                    <Unicode>in Schnitzlerschen Stücken für klassische Heroinen kein Platz</Unicode>
                </TextEquiv>
            </TextLine>
            <TextLine id="r1l41" custom="readingOrder {index:40;}">
                <Coords points="362,2714 1558,2784 1560,2740 1487,2728 363,2690"/>
                <Baseline points="369,2717 428,2720 487,2722 546,2725 605,2727 664,2729 723,2732 782,2735 841,2737 900,2739 960,2742 1019,2744 1078,2746 1137,2748 1196,2751 1255,2753 1314,2756 1373,2759 1432,2761 1491,2764 1551,2766"/>
                <TextEquiv>
                    <Unicode>I vorhanden ist. Besser waren die beiden Mütter der Wiener jeu¬</Unicode>
                </TextEquiv>
            </TextLine>
            <TextLine id="r1l42" custom="readingOrder {index:41;}">
                <Coords points="399,2760 1509,2816 1556,2780 400,2724"/>
                <Baseline points="407,2754 464,2758 521,2761 578,2764 635,2767 692,2770 749,2773 806,2775 863,2778 920,2780 977,2783 1034,2785 1091,2787 1148,2789 1205,2791 1262,2794 1319,2795 1376,2798 1433,2799 1490,2801 1547,2804"/>
                <TextEquiv>
                    <Unicode>tesse doré Rose Bertens und Gisela Schneider¬</Unicode>
                </TextEquiv>
            </TextLine>
            <TextLine id="r1l43" custom="readingOrder {index:42;}">
                <Coords points="369,2800 1566,2848 1549,2811 1422,2797 371,2755"/>
                <Baseline points="377,2786 436,2791 495,2795 554,2799 613,2803 672,2806 731,2809 790,2812 849,2814 908,2817 968,2820 1027,2821 1086,2824 1145,2826 1204,2828 1263,2831 1322,2833 1381,2835 1440,2838 1499,2841 1559,2844"/>
                <TextEquiv>
                    <Unicode>Nissen Ebenso wußte Gertrnd Welker als demi-vierge</Unicode>
                </TextEquiv>
            </TextLine>
            <TextLine id="r1l44" custom="readingOrder {index:43;}">
                <Coords points="373,2832 1468,2897 1556,2843 374,2799"/>
                <Baseline points="380,2830 438,2834 496,2837 555,2840 613,2844 671,2846 730,2849 788,2852 846,2855 905,2858 963,2860 1021,2863 1080,2865 1138,2867 1196,2870 1255,2872 1313,2874 1371,2876 1430,2878 1488,2881 1547,2883"/>
                <TextEquiv>
                    <Unicode>den richtigen Ton zu treffen. Aber die Herrenrollen! Mit Aus¬</Unicode>
                </TextEquiv>
            </TextLine>
            <TextLine id="r1l45" custom="readingOrder {index:44;}">
                <Coords points="369,2874 1563,2934 1536,2879 371,2840"/>
                <Baseline points="377,2872 435,2875 494,2878 553,2881 612,2884 671,2886 730,2889 789,2892 848,2895 907,2897 966,2900 1024,2902 1083,2905 1142,2907 1201,2910 1260,2912 1319,2914 1378,2916 1437,2918 1496,2920 1555,2922"/>
                <TextEquiv>
                    <Unicode>nahme des durch Krankheit entschuldigten Josef Klein als</Unicode>
                </TextEquiv>
            </TextLine>
            <TextLine id="r1l46" custom="readingOrder {index:45;}">
                <Coords points="371,2919 1559,2961 1560,2929 1437,2914 373,2878"/>
                <Baseline points="379,2912 437,2914 496,2916 554,2919 613,2921 672,2924 730,2927 789,2930 847,2932 906,2935 965,2939 1023,2941 1082,2944 1140,2947 1199,2949 1258,2952 1316,2954 1375,2955 1433,2957 1492,2959 1551,2960"/>
                <TextEquiv>
                    <Unicode>Dr. Franz Maur blieben sie von einer geradezu verblüffenden</Unicode>
                </TextEquiv>
            </TextLine>
            <TextLine id="r1l47" custom="readingOrder {index:46;}">
                <Coords points="368,2964 621,2946 743,2985 1502,3011 1552,2967 370,2920"/>
                <Baseline points="376,2949 434,2952 492,2955 551,2958 609,2961 667,2964 726,2966 784,2969 842,2971 901,2974 959,2976 1017,2979 1076,2981 1134,2983 1192,2986 1251,2988 1309,2990 1367,2993 1426,2996 1484,2999 1543,3001"/>
                <TextEquiv>
                    <Unicode>Stillosigkeit. Eine gewisse gesellschaftliche Nonchalance ist nicht</Unicode>
                </TextEquiv>
            </TextLine>
            <TextLine id="r1l48" custom="readingOrder {index:47;}">
                <Coords points="368,2993 1316,3023 1317,2997 1158,2983 370,2957"/>
                <Baseline points="376,2990 422,2992 469,2994 515,2996 562,2998 609,3000 655,3002 702,3004 748,3005 795,3007 842,3009 888,3012 935,3013 981,3015 1028,3017 1075,3018 1121,3020 1168,3022 1214,3024 1261,3025 1308,3027"/>
                <TextEquiv>
                    <Unicode>geeichbedentend mit lümmelhaftem Herumflegeln.</Unicode>
                </TextEquiv>
            </TextLine>
            <TextLine id="r1l49" custom="readingOrder {index:48;}">
                <Coords points="1331,3042 1356,3040 1366,3048 1388,3034 1415,3040 1450,3023 1470,3045 1488,3041 1508,3050 1516,3044 1537,3057 1551,3055 1553,3008 1539,3002 1481,3008 1451,2991 1421,3005 1395,3002 1385,2991 1377,2998 1333,2998"/>
                <Baseline points="1339,3032 1364,3031 1390,3032 1415,3032 1441,3034 1467,3035 1492,3037 1518,3038 1544,3039"/>
                <TextEquiv>
                    <Unicode>Hier muß</Unicode>
                </TextEquiv>
            </TextLine>
            <TextLine id="r1l50" custom="readingOrder {index:49;}">
                <Coords points="357,3037 1556,3083 1456,3031 359,2999"/>
                <Baseline points="366,3027 425,3029 484,3032 543,3035 602,3037 661,3039 720,3041 779,3044 838,3046 897,3048 957,3050 1016,3053 1075,3055 1134,3057 1193,3060 1252,3063 1311,3066 1370,3069 1429,3072 1488,3076 1548,3079"/>
                <TextEquiv>
                    <Unicode>Arnold Korffs starke Regiekunst mal gründlich durchgreifen. Summa:</Unicode>
                </TextEquiv>
            </TextLine>
            <TextLine id="r1l51" custom="readingOrder {index:50;}">
                <Coords points="357,3070 1420,3133 1537,3119 1552,3083 358,3038"/>
                <Baseline points="365,3067 427,3069 489,3072 551,3074 613,3078 675,3080 737,3083 799,3086 861,3089 923,3092 985,3095 1047,3098 1109,3101 1171,3104 1233,3106 1295,3109 1357,3112 1419,3114 1481,3115 1544,3117"/>
                <TextEquiv>
                    <Unicode>Das Stück war — sagen wir mal milde —— nicht kurzweilig. Und</Unicode>
                </TextEquiv>
            </TextLine>
            <TextLine id="r1l52" custom="readingOrder {index:51;}">
                <Coords points="348,3109 1539,3177 1552,3115 350,3066"/>
                <Baseline points="356,3106 415,3109 474,3112 534,3115 593,3117 652,3119 712,3122 771,3124 830,3127 890,3129 949,3132 1008,3135 1068,3137 1127,3140 1186,3142 1246,3145 1305,3148 1364,3150 1424,3153 1483,3155 1543,3158"/>
                <TextEquiv>
                    <Unicode>das deutet im Residenztheater auf ein baldiges Ende hin. Was</Unicode>
                </TextEquiv>
            </TextLine>
            <TextLine id="r1l53" custom="readingOrder {index:52;}">
                <Coords points="360,3188 384,3189 454,3154 501,3175 571,3157 633,3179 694,3179 734,3173 735,3133 631,3123 620,3132 562,3111 547,3123 361,3112"/>
                <Baseline points="368,3158 393,3158 419,3159 444,3159 470,3159 495,3159 521,3160 547,3160 572,3160 598,3161 623,3161 649,3161 674,3162 700,3162 726,3162"/>
                <TextEquiv>
                    <Unicode>süir nicht bedauorn.</Unicode>
                </TextEquiv>
            </TextLine>
            <TextEquiv>
                <Unicode>We
24. bas ite band
Rioie &amp; Seidel
Bureau für Zeitungsausschnitte
Berlin NO. 43, Georgenkirchplatz 21!
Krauz-ZU
Zeitung:  sersessssssensssssssssseeseessenseeuaereese e
Be
UIr. 
Detum.  .- EMON. 15——
„Das weite Land“ im Residenz Theater. Wenn Arthur
Schuitler, wie er es in dieser Tragikomödie versucht, zu mora¬
lisieren beginnt, so wird er lungweitig. Das bewies dies in
Ben vor einem Jahrzehnt mit kurzer Libensdauer aufgeführte
#iel gestern aufs neue. Es führt uns in der Tat durch ein
A##es Land, ober diesem fehlt die interessierende große Linie, und
wreinzelt stößt man auf grüne Oasen in diesem grauen Eineriei
eines Stückes, bei dem alles unwahr ist; zumal der Kunliesselt
des Duells amSchluß. War das bei dieser völlig herunterge¬
kommenen Gesellschaft — fast muß man sagen Bande — nötig?
So konnte auch der laute Voifall des Rotterschen Stammpublikums,
wrgs necheedurch Neugierige verstärkt wurde, denen der in letzter
Zeit so viel genannte Name Schnitzler besondere „Genusse“ ver¬
sprach, nicht darüber hinwegtäuschen, daß diesem Zwitterwesen
von Moral und Verderbtheit nur ein Achtungserfolg beschieden
war. Und wenn Arnoid Korff mit einer geradezu genialen
Gestaltungskraft nicht alls der undankbaren und schiefen Rollef“
des
Fabrikanten Hofreiter ein
Stück interessanten
sympathischen Menschontumsgeschaffen hätte, so wäre
das Stück —malt durchgerasielt. Trotz Irene Triesch
die
sich
eigentlich
darüber
Klar
sein müßte,
daß
in Schnitzlerschen Stücken für klassische Heroinen kein Platz
I vorhanden ist. Besser waren die beiden Mütter der Wiener jeu¬
tesse doré Rose Bertens und Gisela Schneider¬
Nissen Ebenso wußte Gertrnd Welker als demi-vierge
den richtigen Ton zu treffen. Aber die Herrenrollen! Mit Aus¬
nahme des durch Krankheit entschuldigten Josef Klein als
Dr. Franz Maur blieben sie von einer geradezu verblüffenden
Stillosigkeit. Eine gewisse gesellschaftliche Nonchalance ist nicht
geeichbedentend mit lümmelhaftem Herumflegeln.
Hier muß
Arnold Korffs starke Regiekunst mal gründlich durchgreifen. Summa:
Das Stück war — sagen wir mal milde —— nicht kurzweilig. Und
das deutet im Residenztheater auf ein baldiges Ende hin. Was
süir nicht bedauorn.</Unicode>
            </TextEquiv>
        </TextRegion>
        <TextRegion orientation="0.0" id="r2" custom="readingOrder {index:1;}">
            <Coords points="1457,20 1457,175 1849,175 1849,20"/>
            <TextLine id="r2l1" custom="readingOrder {index:0;}">
                <Coords points="1449,136 1473,146 1518,128 1569,149 1585,134 1649,126 1667,140 1748,131 1794,147 1856,131 1857,68 1828,77 1796,60 1663,83 1527,74 1503,88 1468,62 1449,67"/>
                <Baseline points="1457,120 1483,120 1509,121 1535,121 1561,122 1587,123 1613,124 1639,124 1666,125 1692,125 1718,125 1744,125 1770,125 1796,124 1822,122 1849,120"/>
                <TextEquiv>
                    <Unicode>box 29/4</Unicode>
                </TextEquiv>
            </TextLine>
            <TextEquiv>
                <Unicode>box 29/4</Unicode>
            </TextEquiv>
        </TextRegion>
        <TextRegion orientation="0.0" id="r3" custom="readingOrder {index:2;}">
            <Coords points="1780,913 1780,3455 3047,3455 3047,913"/>
            <TextLine id="r3l1" custom="readingOrder {index:0;}">
                <Coords points="1941,943 2768,981 2743,932 2664,952 2611,899 2561,929 2521,895 2339,928 2306,894 2263,926 2151,878 1943,899"/>
                <Baseline points="1949,936 1989,937 2030,938 2070,939 2111,941 2152,943 2192,945 2233,947 2273,950 2314,951 2355,954 2395,956 2436,958 2476,961 2517,962 2558,964 2598,966 2639,966 2679,967 2720,968 2761,968"/>
                <TextEquiv>
                    <Unicode>Riote &amp; Seialr</Unicode>
                </TextEquiv>
            </TextLine>
            <TextLine id="r3l2" custom="readingOrder {index:1;}">
                <Coords points="1974,1035 2738,1062 2741,992 2508,1012 2316,977 2281,1001 1976,984"/>
                <Baseline points="1982,1019 2019,1022 2056,1025 2094,1027 2131,1029 2169,1032 2206,1033 2244,1036 2281,1037 2319,1039 2356,1041 2393,1042 2431,1044 2468,1045 2506,1046 2543,1047 2581,1048 2618,1049 2656,1050 2693,1051 2731,1052"/>
                <TextEquiv>
                    <Unicode>Bureau für Zeitungsausschnitte</Unicode>
                </TextEquiv>
            </TextLine>
            <TextLine id="r3l3" custom="readingOrder {index:2;}">
                <Coords points="1960,1107 2299,1110 2399,1136 2441,1116 2556,1146 2752,1129 2754,1088 2667,1060 2598,1079 1998,1043 1962,1061"/>
                <Baseline points="1969,1092 2007,1095 2046,1098 2085,1099 2124,1101 2163,1103 2201,1105 2240,1107 2279,1109 2318,1110 2357,1111 2395,1112 2434,1114 2473,1115 2512,1116 2551,1116 2589,1117 2628,1118 2667,1119 2706,1120 2745,1121"/>
                <TextEquiv>
                    <Unicode>Berlin NO. 45, Georgenkirchplatz 21!</Unicode>
                </TextEquiv>
            </TextLine>
            <TextLine id="r3l4" custom="readingOrder {index:3;}">
                <Coords points="2205,1277 2373,1282 2441,1306 2612,1299 2648,1323 2725,1310 2728,1270 2658,1246 2608,1256 2509,1227 2416,1246 2365,1215 2211,1202"/>
                <Baseline points="2214,1269 2239,1271 2264,1274 2289,1276 2314,1277 2339,1279 2364,1281 2389,1282 2414,1284 2439,1286 2465,1288 2490,1289 2515,1292 2540,1294 2565,1296 2590,1298 2615,1301 2640,1304 2665,1308 2690,1311 2716,1316"/>
                <TextEquiv>
                    <Unicode>Velkszeitung</Unicode>
                </TextEquiv>
            </TextLine>
            <TextLine id="r3l5" custom="readingOrder {index:4;}">
                <Coords points="1903,1324 1927,1312 1952,1329 2022,1328 2065,1348 2136,1337 2200,1353 2234,1342 2235,1313 2211,1301 2165,1307 2152,1295 2114,1298 2063,1273 2010,1266 1906,1279"/>
                <Baseline points="1911,1316 1937,1317 1963,1318 1990,1320 2016,1321 2042,1323 2069,1324 2095,1326 2121,1327 2148,1329 2174,1330 2200,1331 2227,1332"/>
                <TextEquiv>
                    <Unicode>Zeitung: </Unicode>
                </TextEquiv>
            </TextLine>
            <TextLine id="r3l6" custom="readingOrder {index:5;}">
                <Coords points="1904,1425 2440,1473 2736,1470 2782,1461 2784,1426 2675,1441 2601,1390 2390,1344 2277,1419 1906,1385"/>
                <Baseline points="1912,1422 1955,1424 1998,1426 2041,1428 2084,1431 2127,1433 2170,1435 2214,1437 2257,1439 2300,1442 2343,1444 2386,1445 2429,1447 2472,1449 2516,1451 2559,1453 2602,1454 2645,1456 2688,1457 2731,1458 2775,1459"/>
                <TextEquiv>
                    <Unicode>ort  Ber</Unicode>
                </TextEquiv>
            </TextLine>
            <TextLine id="r3l7" custom="readingOrder {index:6;}">
                <Coords points="1896,1535 2775,1589 2776,1548 2643,1549 2537,1503 2452,1518 2202,1477 2104,1508 1898,1478"/>
                <Baseline points="1904,1531 1947,1533 1990,1534 2033,1536 2076,1538 2120,1540 2163,1542 2206,1544 2249,1546 2292,1548 2336,1550 2379,1552 2422,1554 2465,1556 2508,1558 2552,1559 2595,1560 2638,1562 2681,1562 2724,1563 2768,1563"/>
                <TextEquiv>
                    <Unicode>Datum:8</Unicode>
                </TextEquiv>
            </TextLine>
            <TextLine id="r3l8" custom="readingOrder {index:7;}">
                <Coords points="2039,1783 2687,1807 2818,1795 2820,1735 2454,1721 2343,1752 2274,1710 2240,1728 2134,1705 2039,1749"/>
                <Baseline points="2047,1766 2085,1768 2123,1770 2161,1771 2199,1773 2238,1774 2276,1775 2314,1776 2352,1777 2390,1777 2429,1778 2467,1778 2505,1779 2543,1780 2581,1781 2620,1781 2658,1782 2696,1783 2734,1785 2772,1786 2811,1788"/>
                <TextEquiv>
                    <Unicode>Schnitzler: „Das weite Land“.</Unicode>
                </TextEquiv>
            </TextLine>
            <TextLine id="r3l9" custom="readingOrder {index:8;}">
                <Coords points="2251,1831 2301,1852 2353,1859 2412,1844 2488,1869 2521,1849 2579,1855 2620,1842 2620,1825 2568,1791 2493,1803 2433,1787 2401,1802 2366,1787 2332,1797 2295,1780 2274,1798 2252,1794"/>
                <Baseline points="2258,1834 2283,1836 2308,1838 2333,1839 2359,1840 2384,1841 2409,1841 2435,1842 2460,1842 2485,1842 2510,1842 2536,1842 2561,1842 2586,1842 2612,1842"/>
                <TextEquiv>
                    <Unicode>Residenztheater.</Unicode>
                </TextEquiv>
            </TextLine>
            <TextLine id="r3l10" custom="readingOrder {index:9;}">
                <Coords points="1856,1906 3051,1910 2934,1862 2096,1868 1942,1830 1856,1873"/>
                <Baseline points="1863,1895 1922,1895 1981,1896 2040,1896 2099,1897 2158,1897 2217,1898 2276,1899 2335,1900 2394,1901 2453,1902 2512,1903 2571,1904 2630,1905 2689,1906 2748,1908 2807,1909 2866,1910 2925,1912 2984,1913 3043,1915"/>
                <TextEquiv>
                    <Unicode>(Tab“,wein Land“ ist das Gebiet der Beziehungen der Geschlechter</Unicode>
                </TextEquiv>
            </TextLine>
            <TextLine id="r3l11" custom="readingOrder {index:10;}">
                <Coords points="1838,1946 3002,1972 3040,1923 1839,1917"/>
                <Baseline points="1846,1941 1905,1941 1964,1941 2023,1941 2083,1942 2142,1943 2201,1944 2260,1944 2320,1946 2379,1947 2438,1948 2497,1949 2557,1950 2616,1952 2675,1953 2734,1954 2794,1955 2853,1957 2912,1958 2971,1959 3031,1960"/>
                <TextEquiv>
                    <Unicode>zueinauper, das, obwohl ewig durchforscht, noch keinen Hedin oder</Unicode>
                </TextEquiv>
            </TextLine>
            <TextLine id="r3l12" custom="readingOrder {index:11;}">
                <Coords points="1844,1985 3045,1997 2987,1962 1844,1947"/>
                <Baseline points="1851,1981 1910,1982 1969,1983 2028,1985 2088,1986 2147,1987 2206,1988 2266,1989 2325,1990 2384,1991 2444,1992 2503,1994 2562,1995 2621,1996 2681,1997 2740,1998 2799,1999 2859,2000 2918,2001 2977,2002 3037,2003"/>
                <TextEquiv>
                    <Unicode>Stankeh fand. Auch Schnitzler fand die Wege nicht. Am aller¬</Unicode>
                </TextEquiv>
            </TextLine>
            <TextLine id="r3l13" custom="readingOrder {index:12;}">
                <Coords points="1839,2029 3056,2030 2837,1992 1840,1984"/>
                <Baseline points="1847,2021 1907,2023 1967,2026 2027,2027 2087,2029 2147,2030 2207,2031 2267,2033 2327,2034 2387,2035 2447,2036 2507,2037 2567,2038 2627,2038 2687,2039 2747,2040 2807,2041 2867,2042 2927,2043 2987,2044 3047,2046"/>
                <TextEquiv>
                    <Unicode>wenigsten in diesem Drama, das die drei Menschen, die sich in dem</Unicode>
                </TextEquiv>
            </TextLine>
            <TextLine id="r3l14" custom="readingOrder {index:13;}">
                <Coords points="1828,2066 3043,2091 3043,2055 2952,2044 1829,2037"/>
                <Baseline points="1835,2066 1895,2066 1955,2066 2015,2066 2075,2067 2135,2068 2195,2069 2255,2071 2315,2072 2375,2074 2435,2075 2495,2077 2555,2078 2615,2080 2675,2081 2735,2082 2795,2082 2855,2083 2915,2083 2975,2082 3035,2081"/>
                <TextEquiv>
                    <Unicode>weiten Land verloren haben, von einem Massenaufgebot von neben¬</Unicode>
                </TextEquiv>
            </TextLine>
            <TextLine id="r3l15" custom="readingOrder {index:14;}">
                <Coords points="1837,2114 2191,2108 2387,2150 3055,2125 3029,2092 1838,2072"/>
                <Baseline points="1845,2109 1905,2109 1965,2110 2025,2110 2085,2111 2145,2112 2205,2113 2265,2114 2325,2116 2385,2117 2446,2119 2506,2120 2566,2122 2626,2123 2686,2124 2746,2126 2806,2127 2866,2128 2926,2129 2986,2131 3047,2131"/>
                <TextEquiv>
                    <Unicode>sächlichen Personen und über das Erträgliche hinausgezogenen</Unicode>
                </TextEquiv>
            </TextLine>
            <TextLine id="r3l16" custom="readingOrder {index:15;}">
                <Coords points="1831,2160 2017,2154 2177,2174 2199,2159 2252,2173 2290,2159 2291,2130 2193,2110 2040,2128 1832,2115"/>
                <Baseline points="1838,2147 1864,2148 1890,2149 1916,2150 1942,2150 1968,2151 1994,2152 2020,2153 2046,2153 2073,2154 2099,2155 2125,2155 2151,2155 2177,2155 2203,2155 2229,2155 2255,2155 2282,2154"/>
                <TextEquiv>
                    <Unicode>Redereien erdrücken läßt.</Unicode>
                </TextEquiv>
            </TextLine>
            <TextLine id="r3l17" custom="readingOrder {index:16;}">
                <Coords points="1869,2197 3041,2215 3042,2157 1870,2159"/>
                <Baseline points="1877,2191 1934,2193 1992,2195 2050,2196 2108,2197 2166,2199 2223,2200 2281,2202 2339,2203 2397,2205 2455,2206 2512,2208 2570,2209 2628,2210 2686,2211 2744,2212 2801,2213 2859,2213 2917,2213 2975,2213 3033,2213"/>
                <TextEquiv>
                    <Unicode>Der Mann, den die Natur zum Ehebrecher geboren hat, dessen</Unicode>
                </TextEquiv>
            </TextLine>
            <TextLine id="r3l18" custom="readingOrder {index:17;}">
                <Coords points="1819,2240 2943,2273 3037,2254 3038,2214 1820,2196"/>
                <Baseline points="1826,2233 1886,2234 1946,2235 2006,2236 2066,2237 2126,2239 2186,2241 2247,2242 2307,2244 2367,2246 2427,2247 2487,2249 2547,2250 2607,2251 2668,2253 2728,2254 2788,2255 2848,2256 2908,2256 2968,2256 3029,2256"/>
                <TextEquiv>
                    <Unicode>Willen es nicht verhindern kann, immer wieder in neue Abenteuer</Unicode>
                </TextEquiv>
            </TextLine>
            <TextLine id="r3l19" custom="readingOrder {index:18;}">
                <Coords points="1823,2287 3013,2308 3043,2256 1824,2241"/>
                <Baseline points="1830,2275 1890,2277 1950,2279 2010,2281 2071,2283 2131,2284 2191,2286 2251,2287 2312,2289 2372,2290 2432,2291 2492,2292 2553,2293 2613,2294 2673,2295 2733,2296 2794,2296 2854,2297 2914,2297 2974,2297 3035,2297"/>
                <TextEquiv>
                    <Unicode>zu stürzen, ist bei Schnitzler nur in der Tändelei glaubhaft, da, wa</Unicode>
                </TextEquiv>
            </TextLine>
            <TextLine id="r3l20" custom="readingOrder {index:19;}">
                <Coords points="1823,2325 3044,2342 3044,2306 2916,2295 1823,2290"/>
                <Baseline points="1830,2321 1890,2321 1950,2321 2010,2322 2071,2323 2131,2324 2191,2325 2252,2326 2312,2327 2372,2329 2433,2330 2493,2332 2553,2333 2613,2334 2674,2335 2734,2336 2794,2337 2855,2337 2915,2338 2975,2337 3036,2337"/>
                <TextEquiv>
                    <Unicode>er im tragischen Moment steht, vermißt man die tragfähige Brücke.</Unicode>
                </TextEquiv>
            </TextLine>
            <TextLine id="r3l21" custom="readingOrder {index:20;}">
                <Coords points="1825,2365 3037,2381 2944,2338 1826,2325"/>
                <Baseline points="1833,2362 1892,2362 1952,2363 2012,2364 2072,2364 2132,2365 2192,2366 2251,2367 2311,2368 2371,2369 2431,2370 2491,2372 2551,2373 2611,2374 2670,2375 2730,2376 2790,2377 2850,2378 2910,2379 2970,2380 3030,2380"/>
                <TextEquiv>
                    <Unicode>Auch der Schritt der Frau, die, ihrem Stolz vor dem Gatten zuliebe,</Unicode>
                </TextEquiv>
            </TextLine>
            <TextLine id="r3l22" custom="readingOrder {index:21;}">
                <Coords points="1826,2402 2925,2451 3042,2427 3043,2390 1826,2367"/>
                <Baseline points="1833,2403 1893,2404 1953,2405 2013,2407 2073,2408 2133,2409 2193,2409 2253,2411 2313,2411 2373,2412 2434,2413 2494,2414 2554,2415 2614,2416 2674,2417 2734,2418 2794,2419 2854,2420 2914,2421 2974,2423 3035,2424"/>
                <TextEquiv>
                    <Unicode>einem jungen Mann das Zimmer öffnet, erscheint nicht zwingend.</Unicode>
                </TextEquiv>
            </TextLine>
            <TextLine id="r3l23" custom="readingOrder {index:22;}">
                <Coords points="1821,2455 2623,2469 2732,2427 1822,2417"/>
                <Baseline points="1829,2444 1873,2445 1918,2446 1963,2446 2008,2447 2052,2448 2097,2449 2142,2450 2187,2451 2231,2452 2276,2453 2321,2454 2366,2455 2410,2456 2455,2456 2500,2457 2545,2457 2589,2457 2634,2457 2679,2456 2724,2455"/>
                <TextEquiv>
                    <Unicode>nicht schicksalgewollt. Er ist geschrieben. Gedichtet.</Unicode>
                </TextEquiv>
            </TextLine>
            <TextLine id="r3l24" custom="readingOrder {index:23;}">
                <Coords points="1866,2485 3032,2502 3005,2451 1866,2453"/>
                <Baseline points="1873,2486 1930,2487 1988,2487 2045,2489 2103,2489 2160,2491 2218,2492 2275,2493 2333,2495 2390,2496 2448,2497 2506,2498 2563,2499 2621,2500 2678,2501 2736,2501 2793,2502 2851,2502 2908,2502 2966,2501 3024,2501"/>
                <TextEquiv>
                    <Unicode>Von dem, was um die beiden Menschen herumirrt, sei nicht</Unicode>
                </TextEquiv>
            </TextLine>
            <TextLine id="r3l25" custom="readingOrder {index:24;}">
                <Coords points="1821,2540 3012,2558 3027,2505 1821,2496"/>
                <Baseline points="1829,2528 1888,2528 1948,2529 2007,2530 2067,2531 2126,2533 2186,2534 2245,2535 2305,2536 2364,2537 2424,2539 2483,2540 2543,2541 2602,2542 2662,2543 2721,2544 2781,2545 2840,2545 2900,2546 2959,2546 3019,2546"/>
                <TextEquiv>
                    <Unicode>weiter gesprochen. Der Dramatiker von heute, ja: Schnitzler von</Unicode>
                </TextEquiv>
            </TextLine>
            <TextLine id="r3l26" custom="readingOrder {index:25;}">
                <Coords points="1825,2577 3043,2606 3044,2563 2980,2548 1826,2537"/>
                <Baseline points="1833,2573 1893,2574 1953,2574 2013,2575 2073,2575 2133,2576 2193,2577 2253,2578 2313,2579 2373,2580 2434,2580 2494,2582 2554,2583 2614,2584 2674,2585 2734,2586 2794,2587 2854,2589 2914,2590 2974,2592 3035,2593"/>
                <TextEquiv>
                    <Unicode>heute würde auf diesen Rahmen verzichtet haben, der das Auge vom</Unicode>
                </TextEquiv>
            </TextLine>
            <TextLine id="r3l27" custom="readingOrder {index:26;}">
                <Coords points="1814,2614 1888,2625 1911,2618 1930,2626 2088,2623 2088,2588 2067,2592 2052,2578 2017,2588 1989,2578 1922,2588 1895,2576 1847,2580 1815,2569"/>
                <Baseline points="1822,2610 1847,2610 1873,2610 1899,2610 1925,2611 1951,2612 1976,2612 2002,2613 2028,2614 2054,2614 2080,2614"/>
                <TextEquiv>
                    <Unicode>Bilde ablenkt.</Unicode>
                </TextEquiv>
            </TextLine>
            <TextLine id="r3l28" custom="readingOrder {index:27;}">
                <Coords points="1865,2665 3005,2694 3033,2641 1865,2633"/>
                <Baseline points="1873,2658 1930,2660 1988,2662 2045,2663 2103,2665 2161,2666 2218,2667 2276,2668 2333,2669 2391,2670 2449,2671 2506,2671 2564,2672 2621,2673 2679,2673 2737,2674 2794,2675 2852,2676 2909,2677 2967,2678 3025,2679"/>
                <TextEquiv>
                    <Unicode>Daß die Tragödie dennoch — auch zwei Jahrfünfte, nach ihrer</Unicode>
                </TextEquiv>
            </TextLine>
            <TextLine id="r3l29" custom="readingOrder {index:28;}">
                <Coords points="1814,2705 3000,2734 3036,2678 1815,2666"/>
                <Baseline points="1822,2699 1882,2701 1942,2703 2002,2705 2063,2707 2123,2708 2183,2710 2244,2711 2304,2713 2364,2714 2425,2715 2485,2716 2545,2717 2605,2718 2666,2719 2726,2719 2786,2720 2847,2720 2907,2721 2967,2721 3028,2721"/>
                <TextEquiv>
                    <Unicode>ersten Aufführung — tiefe Wirkung löste, ist wesentlich der hohen,</Unicode>
                </TextEquiv>
            </TextLine>
            <TextLine id="r3l30" custom="readingOrder {index:29;}">
                <Coords points="1820,2751 3033,2763 2927,2722 1820,2712"/>
                <Baseline points="1828,2742 1887,2744 1947,2746 2007,2747 2067,2749 2127,2751 2187,2752 2246,2754 2306,2755 2366,2756 2426,2758 2486,2758 2546,2760 2606,2760 2665,2761 2725,2761 2785,2762 2845,2762 2905,2762 2965,2762 3025,2762"/>
                <TextEquiv>
                    <Unicode>wenn auch nicht einheitlichen Darstellung zu danken. Dem Regisseur</Unicode>
                </TextEquiv>
            </TextLine>
            <TextLine id="r3l31" custom="readingOrder {index:30;}">
                <Coords points="1815,2791 2957,2838 3040,2827 3041,2779 1815,2758"/>
                <Baseline points="1822,2786 1882,2787 1943,2788 2003,2790 2064,2791 2124,2792 2185,2793 2245,2795 2306,2796 2366,2797 2427,2798 2488,2800 2548,2801 2609,2802 2669,2803 2730,2804 2790,2805 2851,2805 2911,2806 2972,2806 3033,2806"/>
                <TextEquiv>
                    <Unicode>Korff hätte vom Schauspieler Korff eine energischere Hand aus¬</Unicode>
                </TextEquiv>
            </TextLine>
            <TextLine id="r3l32" custom="readingOrder {index:31;}">
                <Coords points="1817,2836 2227,2844 2284,2827 2285,2805 2170,2794 2097,2806 2071,2790 2039,2803 1917,2790 1818,2800"/>
                <Baseline points="1824,2831 1849,2830 1874,2828 1899,2828 1924,2828 1949,2828 1974,2829 1999,2830 2024,2830 2050,2831 2075,2832 2100,2833 2125,2834 2150,2834 2175,2835 2200,2834 2225,2834 2250,2834 2276,2832"/>
                <TextEquiv>
                    <Unicode>geliehen werden müssen.</Unicode>
                </TextEquiv>
            </TextLine>
            <TextLine id="r3l33" custom="readingOrder {index:32;}">
                <Coords points="1860,2871 2943,2905 3037,2884 3038,2834 1861,2838"/>
                <Baseline points="1868,2869 1926,2870 1984,2872 2042,2873 2100,2875 2158,2877 2216,2878 2274,2880 2332,2881 2390,2883 2448,2884 2506,2885 2564,2886 2622,2887 2680,2888 2738,2888 2796,2888 2854,2888 2912,2887 2970,2887 3029,2886"/>
                <TextEquiv>
                    <Unicode>Denn der Schauspieler hätte noch immer über viele Vergleiche</Unicode>
                </TextEquiv>
            </TextLine>
            <TextLine id="r3l34" custom="readingOrder {index:33;}">
                <Coords points="1816,2935 3033,2922 3015,2891 1817,2857"/>
                <Baseline points="1824,2910 1884,2911 1944,2912 2004,2913 2064,2915 2124,2916 2184,2918 2244,2919 2304,2921 2364,2923 2424,2925 2484,2927 2544,2928 2604,2930 2664,2931 2724,2932 2784,2933 2844,2933 2904,2933 2964,2932 3024,2931"/>
                <TextEquiv>
                    <Unicode>hinaus Bewundernswertes geben können. Wie dieser Künstler sich</Unicode>
                </TextEquiv>
            </TextLine>
            <TextLine id="r3l35" custom="readingOrder {index:34;}">
                <Coords points="1813,2964 2722,2993 3020,2977 3033,2938 1814,2911"/>
                <Baseline points="1820,2956 1880,2956 1940,2956 2000,2957 2061,2958 2121,2959 2181,2961 2241,2963 2302,2964 2362,2966 2422,2968 2482,2969 2543,2971 2603,2972 2663,2973 2723,2974 2784,2974 2844,2974 2904,2974 2964,2972 3025,2970"/>
                <TextEquiv>
                    <Unicode>gibt, so schier ohne jegliche Mühe, ohne jeden Ansatzt das ist kostbares</Unicode>
                </TextEquiv>
            </TextLine>
            <TextLine id="r3l36" custom="readingOrder {index:35;}">
                <Coords points="1810,3000 3025,3026 3010,2973 1810,2966"/>
                <Baseline points="1818,2997 1881,2997 1944,2997 2007,2997 2070,2998 2133,2999 2196,3000 2259,3000 2322,3002 2385,3003 2449,3004 2512,3006 2575,3007 2638,3009 2701,3010 2764,3011 2827,3013 2890,3014 2953,3015 3017,3016"/>
                <TextEquiv>
                    <Unicode>künstlerisches Leben, herrliche Schule (wenn es auch eine von</Unicode>
                </TextEquiv>
            </TextLine>
            <TextLine id="r3l37" custom="readingOrder {index:36;}">
                <Coords points="1813,3062 1826,3065 1858,3043 1870,3052 1888,3042 1907,3042 1917,3052 1945,3037 1975,3052 1985,3045 1998,3051 2035,3043 2035,3018 2019,3018 1991,3002 1933,3011 1923,3003 1892,3010 1881,3001 1843,3009 1814,3004"/>
                <Baseline points="1821,3040 1846,3038 1872,3036 1898,3036 1924,3036 1950,3036 1976,3038 2002,3040 2028,3043"/>
                <TextEquiv>
                    <Unicode>gestern ist).</Unicode>
                </TextEquiv>
            </TextLine>
            <TextLine id="r3l38" custom="readingOrder {index:37;}">
                <Coords points="1868,3086 2988,3112 3022,3056 1868,3051"/>
                <Baseline points="1876,3079 1932,3080 1989,3081 2046,3082 2103,3084 2160,3085 2217,3087 2274,3088 2331,3089 2388,3091 2445,3092 2501,3093 2558,3094 2615,3095 2672,3096 2729,3097 2786,3097 2843,3098 2900,3098 2957,3098 3014,3097"/>
                <TextEquiv>
                    <Unicode>Heinrich Schroth spielte den Bankier Nakter mit stärkster</Unicode>
                </TextEquiv>
            </TextLine>
            <TextLine id="r3l39" custom="readingOrder {index:38;}">
                <Coords points="1816,3133 2920,3177 3031,3149 3032,3110 1817,3081"/>
                <Baseline points="1824,3117 1887,3119 1950,3122 2013,3124 2076,3126 2139,3129 2202,3131 2265,3133 2328,3135 2391,3137 2455,3138 2518,3140 2581,3141 2644,3142 2707,3143 2770,3144 2833,3145 2896,3145 2959,3145 3023,3145"/>
                <TextEquiv>
                    <Unicode>Nüancierung, und Josef Klein gab dem Doktor echte Schnitzlersche</Unicode>
                </TextEquiv>
            </TextLine>
            <TextLine id="r3l40" custom="readingOrder {index:39;}">
                <Coords points="1819,3188 1858,3189 1885,3169 1907,3167 1916,3174 1940,3169 1972,3186 1973,3149 1962,3151 1949,3140 1926,3139 1915,3130 1900,3128 1875,3135 1853,3126 1821,3131"/>
                <Baseline points="1827,3162 1854,3160 1882,3160 1909,3160 1937,3162 1965,3164"/>
                <TextEquiv>
                    <Unicode>Ferbe.</Unicode>
                </TextEquiv>
            </TextLine>
            <TextLine id="r3l41" custom="readingOrder {index:40;}">
                <Coords points="1868,3211 3004,3245 3030,3179 1868,3169"/>
                <Baseline points="1875,3202 1932,3205 1989,3207 2046,3209 2104,3211 2161,3213 2218,3214 2276,3216 2333,3217 2390,3218 2448,3219 2505,3220 2562,3221 2619,3222 2677,3223 2734,3223 2791,3224 2849,3224 2906,3225 2963,3225 3021,3226"/>
                <TextEquiv>
                    <Unicode>Rosa Bertens, in der Rolle der Frau Meinhard, war, wie</Unicode>
                </TextEquiv>
            </TextLine>
            <TextLine id="r3l42" custom="readingOrder {index:41;}">
                <Coords points="1804,3265 2932,3278 3037,3248 1806,3204"/>
                <Baseline points="1812,3248 1872,3248 1933,3248 1994,3250 2055,3251 2116,3252 2176,3254 2237,3256 2298,3257 2359,3259 2420,3261 2480,3263 2541,3264 2602,3266 2663,3267 2724,3268 2784,3268 2845,3269 2906,3269 2967,3268 3028,3267"/>
                <TextEquiv>
                    <Unicode>stets, von überwindender Eindringlichkeit, und Gertrud Welcker</Unicode>
                </TextEquiv>
            </TextLine>
            <TextLine id="r3l43" custom="readingOrder {index:42;}">
                <Coords points="1813,3298 2978,3346 3025,3280 1813,3260"/>
                <Baseline points="1820,3289 1879,3290 1939,3291 1999,3292 2059,3294 2119,3295 2179,3297 2238,3299 2298,3301 2358,3303 2418,3305 2478,3307 2538,3308 2598,3310 2657,3311 2717,3312 2777,3312 2837,3313 2897,3312 2957,3312 3017,3311"/>
                <TextEquiv>
                    <Unicode>zeigte zum anderen Male, daß die auf sie gesetzten Hoffnungen be¬</Unicode>
                </TextEquiv>
            </TextLine>
            <TextLine id="r3l44" custom="readingOrder {index:43;}">
                <Coords points="1806,3333 1850,3351 1893,3334 1926,3346 1953,3332 2024,3348 2046,3337 2056,3344 2119,3333 2119,3322 2081,3317 2052,3297 2000,3307 1990,3298 1973,3305 1891,3295 1878,3305 1807,3294"/>
                <Baseline points="1814,3330 1841,3331 1868,3331 1895,3332 1922,3333 1949,3333 1976,3333 2003,3333 2030,3334 2057,3334 2084,3334 2112,3335"/>
                <TextEquiv>
                    <Unicode>rechtigt waren.</Unicode>
                </TextEquiv>
            </TextLine>
            <TextLine id="r3l45" custom="readingOrder {index:44;}">
                <Coords points="1853,3374 2744,3424 3024,3399 3025,3345 2918,3336 2844,3365 1854,3349"/>
                <Baseline points="1861,3376 1918,3375 1976,3376 2034,3376 2092,3377 2149,3379 2207,3380 2265,3381 2323,3383 2380,3384 2438,3386 2496,3388 2554,3389 2611,3390 2669,3392 2727,3393 2785,3393 2842,3393 2900,3393 2958,3393 3016,3391"/>
                <TextEquiv>
                    <Unicode>Die Stimme der Triesch über dem Ganzen: Erlebnis, auf¬</Unicode>
                </TextEquiv>
            </TextLine>
            <TextLine id="r3l46" custom="readingOrder {index:45;}">
                <Coords points="1773,3418 1846,3449 2188,3421 2435,3449 2465,3436 2466,3407 2372,3386 2221,3382 2190,3403 1773,3376"/>
                <Baseline points="1780,3418 1813,3419 1847,3419 1881,3421 1915,3421 1949,3422 1983,3422 2017,3423 2051,3423 2085,3423 2119,3424 2152,3424 2186,3425 2220,3425 2254,3425 2288,3426 2322,3427 2356,3427 2390,3429 2424,3429 2458,3430"/>
                <TextEquiv>
                    <Unicode>richtendes Erlebnis — trotz alledem!</Unicode>
                </TextEquiv>
            </TextLine>
            <TextLine id="r3l47" custom="readingOrder {index:46;}">
                <Coords points="2841,3452 2887,3457 2899,3447 2949,3470 2974,3454 3042,3443 3042,3431 3013,3426 2988,3404 2975,3411 2942,3401 2924,3403 2913,3395 2891,3405 2883,3397 2840,3399"/>
                <Baseline points="2848,3444 2874,3443 2901,3443 2927,3443 2954,3442 2980,3442 3007,3442 3034,3442"/>
                <TextEquiv>
                    <Unicode>k. v. </Unicode>
                </TextEquiv>
            </TextLine>
            <TextEquiv>
                <Unicode>Riote &amp; Seialr
Bureau für Zeitungsausschnitte
Berlin NO. 45, Georgenkirchplatz 21!
Velkszeitung
Zeitung: 
ort  Ber
Datum:8
Schnitzler: „Das weite Land“.
Residenztheater.
(Tab“,wein Land“ ist das Gebiet der Beziehungen der Geschlechter
zueinauper, das, obwohl ewig durchforscht, noch keinen Hedin oder
Stankeh fand. Auch Schnitzler fand die Wege nicht. Am aller¬
wenigsten in diesem Drama, das die drei Menschen, die sich in dem
weiten Land verloren haben, von einem Massenaufgebot von neben¬
sächlichen Personen und über das Erträgliche hinausgezogenen
Redereien erdrücken läßt.
Der Mann, den die Natur zum Ehebrecher geboren hat, dessen
Willen es nicht verhindern kann, immer wieder in neue Abenteuer
zu stürzen, ist bei Schnitzler nur in der Tändelei glaubhaft, da, wa
er im tragischen Moment steht, vermißt man die tragfähige Brücke.
Auch der Schritt der Frau, die, ihrem Stolz vor dem Gatten zuliebe,
einem jungen Mann das Zimmer öffnet, erscheint nicht zwingend.
nicht schicksalgewollt. Er ist geschrieben. Gedichtet.
Von dem, was um die beiden Menschen herumirrt, sei nicht
weiter gesprochen. Der Dramatiker von heute, ja: Schnitzler von
heute würde auf diesen Rahmen verzichtet haben, der das Auge vom
Bilde ablenkt.
Daß die Tragödie dennoch — auch zwei Jahrfünfte, nach ihrer
ersten Aufführung — tiefe Wirkung löste, ist wesentlich der hohen,
wenn auch nicht einheitlichen Darstellung zu danken. Dem Regisseur
Korff hätte vom Schauspieler Korff eine energischere Hand aus¬
geliehen werden müssen.
Denn der Schauspieler hätte noch immer über viele Vergleiche
hinaus Bewundernswertes geben können. Wie dieser Künstler sich
gibt, so schier ohne jegliche Mühe, ohne jeden Ansatzt das ist kostbares
künstlerisches Leben, herrliche Schule (wenn es auch eine von
gestern ist).
Heinrich Schroth spielte den Bankier Nakter mit stärkster
Nüancierung, und Josef Klein gab dem Doktor echte Schnitzlersche
Ferbe.
Rosa Bertens, in der Rolle der Frau Meinhard, war, wie
stets, von überwindender Eindringlichkeit, und Gertrud Welcker
zeigte zum anderen Male, daß die auf sie gesetzten Hoffnungen be¬
rechtigt waren.
Die Stimme der Triesch über dem Ganzen: Erlebnis, auf¬
richtendes Erlebnis — trotz alledem!
k. v. </Unicode>
            </TextEquiv>
        </TextRegion>
    </Page>
</PcGts>
