3392 4352
232 117 1212 260 24. bas weite Land
1341 149 1804 265 box 29/2
974 843 1286 925 burg, Toronw.
905 889 1247 981 aalienangabe ohne Geu
553 942 978 1027 Ausschnitt aus:
1171 916 1668 1068 Peltau.
1241 1007 1454 1118 (78
758 1037 1050 1125 T# DET
558 1057 747 1127 vom:
1273 1083 1620 1206 Abr. 6.
605 1336 1772 1468 Theater, Kunst und Wissenschaft.
1789 1371 3288 1495 Begierden Jugend, ihre Treulosigkeit Schmerz, ihren Sno= spiel, gleichn
1791 1414 3288 1546 bismus Weltanschauung und ihre nichtigen Skandale Tra=tät gewählt
869 1416 1505 1532 „ Das weite Land“.
1793 1466 3274 1568 gik nennen, aus dieser kleinlich schalen Gesellschaft richtetsuchern von
671 1472 1695 1602 Gastspiel Arnold Korff am 28. und
1791 1516 3273 1636 sich die Gestalt des Friedrich Hofreiter vor uns auf und Batailles eff
966 1551 1408 1645 29. Degember.
1787 1565 3011 1661 wir empfinden einen wirklichen Menschen. Einen Men¬
3081 1609 3290 1686 Das Ga
667 1591 1779 1722 Das neueste Werk des bedeutendsten Dramatikers un¬
1783 1612 2999 1715 schen, der nicht unter einem großen Schicksal dahingeht
2986 1634 3297 1758 den 29. Dezen
575 1662 1771 1761 erer Tage — und darin ein hervorragender Künstler un¬
1791 1670 3005 1780 aber unter einem tragisch gefärbten Verhängnis. Ein Kerl
1782 1712 3000 1813 voll Feuer und Liebeslust, ein Verführer der Frauen und
565 1700 1783 1816 jerer ersten deutschen Hofbühne— also gewiß ein auser¬
1777 1755 3001 1875 Mädchen; ein Temperament, das in hundert Abenteuern
564 1759 1775 1874 „lesener Kunstgenuß, der dem Ostrauer Publikum bevor¬
557 1785 708 1879 steht.
1778 1807 3004 1923 die drängende, schäumende Kraft seiner Gesundheit noch
3065 1825 3247 1913 Der kal
658 1843 1780 1965 Wer Schnißler ist, braucht wohl nicht erst gesagt
1779 1861 3159 1965 nicht verbraucht fühlt, das noch auf Bergesgipfel klettern, es nicht
556 1897 1787 1998 zu werden. Nur Kunstbarbaren, Menschen, die an Litera¬
1780 1913 3137 2013 auf Sportplätzen sich austoben muß, um endlich ein bißchen behand
554 1954 1772 2061 tur und Kunst apathisch vorübergehen, kann Schnitzler ein
1779 1956 3108 2066 müde zu werden. Jetzt aber dämmern seinem jubelnden Le=kurz r
560 2001 970 2085 Unbekannter sein.
1768 2000 3106 2115 benstag schon langsam die grauen Schatten des Abends; im F.
652 2078 1774 2157 „Das weite Land“ ist eine Tragödie der Lei¬
1762 2048 3093 2164 jetzt aber ist sein brausender Frühling ohne Uebergang, der v
550 2104 1780 2189 denschaften und eine Komödie des modernen Menschen, eine!
1765 2116 3088 2214 ohne Frucht und Ernte, nahe daran, ein dürrer Herbst zu luns
1758 2141 3091 2258 werden. Den ersten Frosthauch trägt er schon in den Lustst
539 2145 3090 2306 Bühnendichtung mit seltenem Reichtum an Gedanken, mit Gliedern, fühlt sich schon angeweht vom ersten Schauer die K
546 2201 1770 2286 einer wundervollen Menschengestaltung und Wirklichkeits¬
1759 2249 2032 2321 des Alters.
540 2254 1777 2368 echtheit. Eine edle und gereeifte Kunst, die in all ihrer
2959 2295 3077 2368 sehr
537 2298 1767 2410 Ruhe so viel Leidenschaft birgt, in all ihrer Gelassenheit
1850 2284 3077 2420 In der Rolle des Friedrich Hofreiter wird nun Arnold geeig
541 2344 1768 2454 so viel anmutigen Schwung, in ihrer Feinheit so viel Kraft.
1757 2334 3060 2453 Korff, den Ostrauern längst kein Unbekannter mehr, ga¬aus
1759 2395 3060 2511 stieren. Korff, ein verwöhntes Glückskind im Reiche dessna
543 2406 3039 2557 Eine Kunst, die so sanft an der hellen Oberfläche des Da= Theaters, ist schon von Natur aus mit blendenden Vor¬ sche
534 2444 3054 2605 seins hinzuwandelt scheint und uns dann wieder mit solcher zügen ausgestattet. Diese blendenden Mittel paaren sich [Fri
537 2505 3073 2649 Gewalt in die Tiefe verborgener Nachdenklichkeiten reißt. mit selten künstlerischen Qualitäten und sicherten dem jun=[Led
542 2550 2961 2708 Aus einer wienerischen Gesellschaft, vielmehr einem beigen Künstler eine hervorragende Stellung am ersten deut¬
2950 2642 3092 2708 frasch
529 2591 3108 2703 stimmten Kreis der Wiener Gesellschaft, einer Gesellschaft schen Theater: am Wiener Hofburgtheater. Besonders errament
527 2647 2994 2788 von Menschen, die ihre kleinen, lüsternen und nichtige freulich ist es, daß der Künstler für sein hiesiges Gass##
2924 2782 3267 2858 Theater als au
2926 2833 3117 2897 bereitete.
2921 2876 3052 2954 tische
