3392 4448
456 37 546 70 re
373 47 1393 111 denkliche und gleichmütige Gespräche über den Tod
376 70 1414 165 und stellt Vermutungen über die Ursache des Selbst¬
377 116 1416 200 mordes auf. Man glaubt allgemein, der Pianist
378 166 1405 246 habe sich aus unbefriedigtem Ehrgeiz das Leben ge¬
375 210 1406 286 nommen Nur Hofreitei ahnt einen andern Grund.
384 253 1403 330 In einem Gespräch mit seiner Frau wird die Ahnung
384 297 1411 367 zur Gewißheit. Der Pianist hat sich aus unglück¬
383 339 1417 407 licher, hoffnungsloser Liebe zu Genio umgebracht
389 384 1420 453 Sie selbst zeigt ihrem Mann einen Brief, den der
391 423 1418 512 Pionist eine Stunde vor seinem Selbstmord an sie
383 473 1423 548 gerichtet hat. In den übrigen Szenen des ersten
387 512 1423 587 Aktes werden die sonstigen Figuren des Stückes ein¬
385 551 1432 620 geführt: eine Frau Wahl und ihre Tochter Erna, ein
385 595 1435 683 junges, kluges Mädchen, eine Schauspielerin und ihr
389 653 1420 717 Sohn Otto, ein junger, sympathischer Marinefähn¬
392 676 1428 760 rich, und ein Arzt Dr. Mauer. Hauptsächlich wird
388 732 1433 807 aber das Verhältnis der beiden Ehegatten zueinander
388 775 1441 858 charakterisiert: er betrügt sie fortwährend, und sie er¬
397 810 1448 890 fährt alles. Aber es ist ihr egal; denn sie denk¬
398 860 1440 944 nicht daron, sich zu rächen. Aber Hofreiter, ein merk¬
402 904 1444 971 würdiger, komplizierter Mensch, kann die Episode
403 944 1441 1022 mit dem Pianisten nicht vergessen. Es ist ihm ein
402 989 1437 1067 unerträglicher Gedanke, daß jemand gestorben ist,
406 1039 1447 1105 weil seine Frau so unerbittlich und tugendhaft war.
403 1081 1442 1142 Er braucht einen Milieuwechsel und fährt in die
411 1118 1445 1193 Dolomiten. Dort, in einem Hotel am Völser Weiher,
404 1164 1451 1248 spielt der dritte Akt. Hier treffen mit Ausnahme
399 1213 1450 1288 von Genia alle Figuren und noch einige Episoden
411 1254 1453 1324 zusammen, und auch Hofreiter begegnet Erna, in
413 1299 1449 1380 die er sich verliebt hat. In der Nähe des Ortes gibt
418 1349 1456 1422 es einen Turm, den Aigenturm, von dem vor 15
425 1372 1451 1460 Jahren ein Freund Hofreiters abgestürzt ist, und
426 1451 1459 1501 seither hat sich niemand mehr getraut, den Turm zu
437 1481 1454 1547 besteigen. Hofreiter wagt es und zwar in Gesell¬
431 1512 1457 1601 schaft Ernas. Er will sich von seiner Frau scheiden
440 1569 1454 1633 lassen, um Erna zu heiraten. Sie küssen sich, und
436 1600 1462 1681 sie sagt ihm, daß er heute nacht ihre Tür offen
438 1645 1472 1727 finden werde. Inzwischen hat Hofreiters Frau
432 1693 1464 1754 Genia in Baden mit jenem Fähnrich ein Verhältnis
438 1738 1463 1802 begonnen. Die Sache kommt Hofreiter in standa¬
432 1781 1464 1853 löser Form zu Ohren, und obwohl ihm die Ange¬
440 1824 1458 1904 legenheit ziemlich gleichgültig ist, muß er sich mit den
446 1882 1460 1948 Fähnrich schlagen. Er erschießt ihn im Duell, und
438 1922 1450 1999 damit ist das letzte Band zwischen den Ehegatter
439 1960 1450 2038 zerrissen. Er will verschwinden, nach Amerika
443 2006 1456 2070 irgendwo ins Unbekannte. Er fühlt sich zu alt, ei
447 2068 1479 2121 weicht vor der Jugend, die er in dem Auge des
457 2093 1230 2170 sterbenden Fähnrichs aufblitzen sah..
505 2123 1470 2201 Man sieht, Schnitzler hat hier ein kühnes und
444 2176 1467 2255 kompliziertes seelisches Problem zu lösen gesucht
443 2226 1474 2294 Man vermag ihm auf seinen psychologischen Pfader
463 2266 1459 2340 nicht immer leicht zu folgen, und manches dürfte au
447 2308 1464 2380 das große Theaterpublikum seltsam und vielleich
375 2360 1469 2432 en sogar befremdend wirken. Das ganze Stück ist vor
468 2504 1479 2560 einer nachdenklichen, risignierten Stimmung erfüll
470 2547 1482 2588 die man im ersten und vierten Akt am stärkster
471 2582 1491 2645 spürt. Die packendste und dramatischste Szene des
478 2631 1495 2682 Werkes enthält der fünfte Akt: Die Rückkehr Hof¬
467 2667 1498 2729 reiters vom Duell und sein Zusammentreffen mit
470 2707 1502 2770 der Mutter des Getöteten. Am meisten äußerliche
476 2757 1491 2821 Bewegung und Handlung enthält natürlich der
467 2801 1482 2857 dritte Akt, der in dem Dolomiten=Hotel spielt. Hier
470 2851 1492 2910 gibt es auch sehr viel episodistisches Füllsel, von dem
461 2894 1487 2944 manches ziemlich konventionell und lustspielmäßig an¬
461 2942 1487 2981 mutet. Aber manche dieser Nebenfiguren sind sehr
470 2985 1488 3032 eigenartig; zum Beispiel der philosophische und ge¬
462 3023 1494 3085 bildete Hoteldirektor; dieser spricht auch das Leit¬
465 3072 1488 3143 motiv des Stückes aus: Die Seele ist das weite
451 3103 594 3161 Land.
524 3147 1491 3220 Das Burgtheater hat an das Werk — wie schon
451 3194 1242 3255 aus der Generalprobe ersichtlich war
1329 3200 1484 3259 seinen
460 3242 1496 3295 ganzen, noch immer großen darstellerischen Reichtum
458 3290 1484 3331 und viel künstlerische Sorgfalt und Eifer gewendet.
452 3328 1488 3384 Die ursprünglich Kainz zugedachte Hauptrolle spielt
451 3367 1478 3439 Korff, sehr interessant, aber zu wenig durchgeistigt,
457 3409 1482 3471 wodurch die Figur Hofreiters zu roh wirkt. Die
461 3462 1482 3514 Genia ist eine jener passiven Frauenrollen, die dem
463 3497 1484 3551 Fräulein Marberg so außerordentlich liegen. Das
454 3544 1483 3592 junge Mädchen wird von Fräulein Hofteufel sehr
441 3589 1481 3639 nett, der Fähnrich von Herrn Gerasch gespielt.. Aber
439 3639 1480 3692 auch die kleinsten Rollen werden von den ersten
446 3673 1479 3724 Künstlern dorgestellt; den Hoteldirektor, den Hart¬
444 3716 1289 3784 mann hätte spielen sollen, gibt Devrient
1369 3729 1478 3781 die
434 3759 1478 3828 Mutter des Fähnrichs Frau Bleibtreu — einen
444 3813 1476 3871 Hotelportier Thimig (zugleich der Regisseur der
442 3840 717 3902 Vorstellung)
809 3847 1467 3915 einen Bergführer Balajthy usw.
450 3885 1472 3955 Eine außerordentliche Besetzung, wie sie nur für
442 3931 1492 4008 Artur Schnitzler und nur vom Burgtheater aufge¬
419 3960 866 4047 oten=w#den kann!
1810 364 2349 447 Ausschnitt aus: Ge
2326 391 2881 502 STER LI 6Y
1921 423 2307 512 15 0I 19
1819 484 1977 535 vom:
2123 580 2661 674 „Das weite Land.“
1983 656 2825 743 (Telegramme des „Pester Lloyd“.)
2559 711 2950 789 Wien, 14. Oktober.
1891 733 2986 830 Arthur Schnitzlens Tragikomödie in fünf Akten
1804 807 2972 892 „Das werreLnd wurde heute bei ihrer Erst¬
1809 859 2982 951 aufführung im Burgtheater mit stürmischem, von Akt
1800 896 2976 989 zu Akt wachsendem Erfolg aufgenommen. Ein menschliches
1801 952 2968 1035 Problem, die Angst vor dem Altwerden, bewegt die leb¬
1792 997 2968 1088 hafte Handlung. Der gesellschaftliche Ton des Stückes übte
1794 1063 2978 1137 einen starken Reiz auf das Publikum und die vorzügliche
1789 1094 2966 1182 Darstellung brachte nahezu alle Intentionen des Dichters
1788 1133 2962 1218 zur Geltung. Wir kommen auf das Werk noch in ausführ¬
1792 1178 2317 1268 licher Besprechung zurück.
2766 1216 2922 1280 F. S.
2497 1244 2931 1335 Berlin, 14. Oktober.
1883 1298 2951 1385 Schnitzlers Tragikomödie „Das weite Land“
1765 1323 2958 1432 shatte heute bei ihrer Erstaufführung im Lessingtheater nun
1792 1398 2976 1478 schwachen Erfolg. Am Schluß dankte Brahm im
1762 1446 2967 1561 [Namen des Autors für den Applaus, der zunächst der
1765 1489 2332 1582 urefflichen Darstellung galt.
2734 1517 2951 1602 R. 12
2236 1553 2355 1603 —
1799 1756 2202 1860 Ausschnitt aus:
2051 1827 2859 1966 N „WIENER ZEITUNG:
1788 1876 1951 1935 vom:
2053 1997 2547 2084 Theater und Kunst.
1817 2079 2823 2156 (Hofburgtheater) Schnitzlers neues
1771 2133 2815 2206 Werk „Das weite Land“, eine Tragikomödie
1780 2174 2822 2243 n des Wortes tiefster Bedeutung, ist heute zum ersten
1768 2205 2825 2290 Mal in Szene gegangen. Ein Ehekonflikt, in dem der leicht¬
1774 2277 2818 2344 lebige Gatte der tugendhaften Frau einen Freibrief für
1778 2335 2814 2388 die Sünde ausstellt, der sie in die Arme eines anderen
1777 2389 2822 2458 treibt, während er, die Liebe eines jungen Mädchens
1770 2437 2827 2510 genießend, den Verführer vor seine Pistole stellt und
1773 2486 2825 2544 tötet — wie da zwei, die sich innerlich gehören
1777 2538 2815 2592 möchten, sich selbst immer mehr auseinandertreiben,
1777 2586 2824 2641 das wird mit einer fast Hebbelschen Dialektik und
1768 2643 2851 2702 bohrender Psychologie kühn bis zur schärfsten ab¬
1778 2684 2884 2758 schließenden Dissonanz geführt. Für heute kein Wort ##
1782 2744 2882 2800 weiter von den schweren Bedenken, die sich n¬
1780 2791 2887 2872 nentlich gegen starke Unklarheiten und den
1771 2842 2830 2901 dritten Akt, der das ganze Werk auf schiefe
2363 2877 2888 2948 nur die Bewunderung D#
1780 2887 2288 2953 Bahnen zu führen droht
1775 2938 2856 3013 für die große Durchgeistigung, die der Dichter seinen K
2824 2980 2902 3034 K
1782 2985 2827 3052 alten Gestalten und Motiven, von denen er auch hier
1777 3039 2825 3094 nicht loskommt, zu geben gewußt, und die Kunst eines
1775 3090 2821 3143 Dialoges, den ihm heute niemand nachschreibt, sei noch
1785 3136 2882 3197 ausgesprochen. Die Darstellung gab zum großen Teile 1#
1776 3183 2820 3234 Vorzügliches, Herr Korff hat sich selbst überboten,
1776 3234 2830 3298 doch ohne die geistige und leidenschaftliche Kraft seiner
1778 3287 2838 3363 Rolle völlig auszuschöpfen, Frl. Marberg war
1789 3347 2824 3400 von vornehmster Haltung, Frl. Hofteufel eine
1786 3397 2822 3446 echte, ehrlich=wahre Naive, doch auch dieses treffliche
1790 3433 2825 3498 Trio versagte einhellig vor den schwierigen Problemen
1781 3476 2832 3544 des letzten Aktes, der auch weniger als seine mit
1793 3512 2827 3594 größtem Jubel ausgenommenen Vorgänger durch¬
2560 3582 2801 3640 A. v. W.
1792 3585 2143 3654 zugreifen schien.
