3392 4352
1382 164 1826 247 box 29/5
263 155 1226 265 24. Das seite-Land
580 505 1284 592 Dr. Maz Goldschmidt
590 583 1282 646 Burcau für Zeitungsausschnitte
503 625 774 688 BERLIN N. 4
913 631 1373 690 Telefon: Norden 5051.
380 708 714 773 Ausschnitt aus:
787 720 1275 825 Berliner Tageblalt
795 840 1190 941 1 U NEV. 13Z5
867 911 967 974 W
481 956 1388 1084 Schnitzler „Das weite Land.“
770 1052 1144 1153 Lessing-Theater.
389 1135 1569 1218 Also dieses Haus ist von Brahm auf die Rotters gekommen. Die
352 1192 1071 1267 gloria mundi liebt den Transitverkehr.
392 1208 1587 1296 In jedem Fall soll ohne Vorurteil gerichtet werden. Der erste
354 1280 1577 1351 Abend brachte nur die Wiederaufnahme einer Wiederaufnahme.
361 1324 1589 1394 Wenig Regie. Bekannte Schauspieler beherrschten die Bühne. Das
1370 1362 1541 1443 K.
355 1375 833 1446 Publikum beherrschte sich.
669 1684 1799 1797 Schnitzler: „Das weite Land.
1065 1766 1407 1863 Lessingtheater.
517 1850 635 1946 S
687 1877 1710 1949 Ist das ein Gesellschaftsstück? Ist das ein Seelenstück?
633 1913 1846 2008 ist ein Anklagestück — wider die weichen Kreaturen einer Stadt:
498 1962 764 2049 SWien.
701 1994 1843 2073 Wo das Gratten vom Liebsein umschlampt wird. Wo man Tod¬
645 2064 1849 2122 feindschaft überzuckerlt. Wo der Mörder zu den Angehörigen „Küß
642 2106 952 2170 die Hand“ sagt.
688 2160 1853 2234 Es ist in diesem Schauspiel ein Gipfel, wenn der Industrielle
583 2219 638 2270 S
500 2221 562 2283 4
648 2221 1860 2282 Friedvich Hofreiter (ohne inneres Bedürfnis) jemand erschossen hat,
540 2254 632 2307 5
633 2270 1860 2330 den seine Frau (ohne inneres Bedürfnis) zum Liebhaber nahm, —
502 2314 1856 2386 und wenn er mit der noch unwissenden Mutter des Erschossenen
636 2357 1094 2431 verbindlich=feig plauscht.
1201 2368 1306 2454 III.
691 2432 1846 2494 Menschen ohne Widerstand balzen über Kreuz. Wollen, was sie
520 2485 1476 2543 " nicht dürfen. Tun, was sie gar nicht wollen.
697 2531 1852 2581 Sie lieben ohne Treue; sind untreu ohne Liebe; sündigen ohne
641 2583 1855 2626 Not; rächen sich ohne Zorn; töten ohne Groll; sind eitel ohne Größe;
1632 2604 1863 2666 Ich finde
641 2616 1584 2673 liebenswert ohne Verlaß; freundlich ohne Gewissen
497 2557 609 2671 *
642 2652 1742 2722 kein besseres Wort: als daß ein Donau=Europäer am Werk ist.
1185 2704 1302 2779 I.
688 2760 1858 2810 Etwas auseinander geht es. Kanehl, Spielwart, läßt im Ge¬
640 2808 1855 2860 spräch Sandstrecken zu. Zwischendurch haben die Darsteller jene
645 2859 1854 2916 schlampige Freiheit, wovor dem Dichter graut. Jedoch als Dar¬
647 2892 792 2959 steller.
490 2919 540 2989 —
689 2902 1856 2987 Namen tummeln sich. Die Triesch ist wertvoll bei gezügeltem
636 2972 1858 3024 Antlitz (aber nicht lachen; auch nicht im Schmerz). Der Korff ist, nal
507 3014 558 3079 —
642 3007 1852 3071 der Korff. Aus einem Guß im Feschen. Liebenswert noch als
640 3058 1795 3114 Schaufenstermensch; doch nicht, wenn er aus Eignem schaufenstert.
693 3100 1848 3163 F. Bonn spielt mit, ohne mitzuspielen. Welcher Augenblick, wenn
512 3099 640 3187 S
607 3157 1767 3219 (der) Bonn und (der) Korff selbander an einem Tisch mimen.
506 3167 621 3251 8
689 3196 1849 3260 Die Sandrock dehnt und tränt. Erinnerung fliegt zur Bertens.
634 3238 1643 3296 Der kostbare Falkenstein ist kein Dichter aus Donauland.
692 3329 1847 3401 Noch ein puar Namen. Schroth kennzeichnet sicher. Josef Klein
520 3377 1851 3438 — sehr anständig. Dem treuherzigen Aufsageton der Schauspielerin
514 3426 1555 3490 Ellen Tietz gesellt sich ein haftend=saugender Blick.
687 3470 1894 3550 Vergaß ich etwa Limburg, Schneider=Nissen, Alexanders Das
461 3515 784 3590 — wäre.
539 3657 628 3716 76
2436 1660 2525 1715 VI.
1912 1699 3102 1777 Die Rotters haben dies Haus. Schon andre Zuhörer drin, als es
1884 1747 2588 1805 gesehn. Brahm ist entsetzlich lange tot.
1919 1775 3084 1863 An den ausgemieteten Barnowsky einen Gruß. Und ein Dichter¬
1891 1836 2580 1901 wort: „Gefallen ist der bess’re Mann.
1932 1878 2908 1956 (Dies alles ohne Feierlichkeit mit einem Lächeln gesagt.)
2763 1926 3059 1989 Alfred Kerr.
