3344 4320
423 262 1749 339 Seimitzler ja eine Anzahl wirklamer Lultlpiellpäle im
418 338 1755 406 Blumenthal und Kadelburgstile gelungen, aber es wäre
421 393 1744 454 hüblcher, wenn lie ihnn nicht eingefallen wären. Die
418 454 1749 516 Geltalt des philolophilchen Hoteldirektors ilt in der Epilode
411 511 1749 575 Rtecken geblieben, und es war vielleicht nicht unbedingt
412 576 1751 633 nötig, Züge eines kürzlich Verltorbenen zu verwenden,
425 625 1751 691 eine Schlülfelmanier, die Schnitzler fonit fern liegt. Eine
416 689 1752 732 Enttäulchung enthält auch der Titel. Man erwartet eine
423 743 1746 806 tiefe ldee, ein merkwürdiges Gleichnis, das Aufschlüsse
410 817 1758 871 gewährt. Und dann wird einem die Mitteilung gemacht:
425 862 1147 933 die Seele ilt ein weites Land.
511 914 1750 972 Im ganzen ist diele Tragikomödie kein Stück für einen
421 1000 1739 1048 großen, lauten Theaterabend. Alle dichterilchen Schön¬
422 1039 1756 1097 heiten und Intimitäten der Stimmung und des Dialogs
427 1098 1753 1166 werden verlchlungen. Auch ist der Ton auf piano ge¬
410 1161 1752 1224 stimmt, finkt oft zu pianillimo herab und erhebt lich in
410 1215 1747 1277 den heftiglten Momenten nicht über mezzoforte. Allo
409 1275 1756 1330 in einem Haufe wie dem Burgtheater keine leichte Sache
415 1343 1756 1402 für Regie und Schaulpieler, und umlo bemerkenswerter
408 1415 1748 1472 ilt das Ergebnis. Der ganze, noch immer große dar¬
416 1455 1768 1505 Rtellerilche Reichtum dieler Bühne zeigt lich in lolchen
421 1511 1749 1568 Konverlationsltücken. Die ganze geselllchaftliche Nobleile
420 1574 1755 1628 und Kultur, die guten, unaufdringlichen Manieren, die man
426 1632 1746 1698 in keinem anderen Theater wiederfindet. Die Konverlations-
426 1697 1768 1761 und Theelzenen im Garten der Badener Villa zeigen viel
423 1751 1748 1820 Regielorgfalt, die Herrn Thimig zu danken ist. Sein Hotel¬
413 1822 1766 1871 portier Rolenltock war mäßlig. Der wirkliche Rofenbaum vom
415 1866 1753 1929 Semmering lpielt leine Rolle unvergleichlich beller, komilcher.
416 1935 1764 1996 Der traditionelle Ehrgeiz des Burgtheaters, kleine und
426 1982 1762 2039 kleinite Rollen gleich gut zu beletzen, kann lich diesmal
420 2047 1752 2107 reichlich betätigen, falt alle lpielten vortrefflich und manche
425 2103 1744 2168 logar wienerlich. Am bedeutenditen war Herr Heine;
416 2153 1756 2230 eine Leillung, die man in früheren Zeiten ein Kabinettltück
424 2222 1754 2292 genannt hätte. Herr Devrient lpielte wie ein um Hart¬
419 2275 1754 2353 mann Leidtragender. Herr Gerasch in einer undank¬
418 2347 1755 2404 baren Rolle ein billchen unperlönlich wie immer, Fräulein
421 2392 1756 2473 Hofteufel als Erna ein reizendes modernes Mädchen,
420 2452 1755 2509 Frau Bleibtreu in ihren zwei Szenen ichlicht und herzlich.
416 2516 1761 2584 Lili Marberg hat als Genia den ganzen Abend verhaltenes
422 2576 1757 2641 Weh, unterdrückte Gefühle darzultellen und lolche noble
424 2627 1770 2692 Pallivität trifft lie, wie keine. Aber man ilt froh, wenn
425 2692 1750 2752 lie zum Schluß endlich zu lchluchzen beginnt. Die merk¬
425 2752 1756 2801 würdiglte lchaulpielerilche Leiltung ist doch die des Herrn
417 2809 1767 2880 Korff. Man wird ihn fortan vielleicht einfach Korff
427 2868 1757 2930 nennen dürfen. Eine für Kainz gelchriebene Rolle zu
427 2926 1765 2992 lpielen ilt nicht angenehm und leicht. Dazu noch eine
419 2986 1757 3054 derart komplizierte, die den Darlteller fortwährend auf
427 3039 1758 3113 Irrwege führen kann. Korff hat lich nicht beirren lallen
425 3113 1755 3173 und die Rolle ziemlich geradlinig angelegt: als einen
428 3162 1756 3234 liebenswürdig bitteren, weltgewandten Zyniker, als einen
420 3237 1760 3287 gutgelaunten rücklichtslolen Genießer mit Anfällen von
424 3276 1759 3349 Nachdenklichkeit und Melancholie. Elegant und leicht im
428 3339 1757 3406 Ton und in der zweiten Hälfte warm und ergreifend.
420 3398 1760 3467 Die Leiltung bedeutet für Korff eine Art Reifeprüfung,
431 3477 1761 3534 die ergeben hat, daß er einer der wenigen von den
426 3516 1591 3584 Jüngeren ist, die das Burgtheater Rtützen können.
514 3578 1763 3630 Es ilt von einem belonderen nachdenklichen Reiz, daß
427 3650 1759 3703 gerade Korff dielen Friedrich Hofreiter lpielt, er, der noch
419 3713 1760 3758 vor ein paar Jahren in sLiebeleig lpielte. Den Theodor
425 3752 1761 3832 Kailer oder den Fritz Lobheimer, jedenfalls einen dieler
431 3817 1764 3871 munteren Wiener jungen Leute, die in ihrem etwas
430 3883 1763 3934 melancholilchen Leichtlinn zwilchen füßen Mädeln und
429 3929 1757 3989 untreuen Frauen pendelten. Wer weill, ob Hofreiter
426 3989 1769 4068 nicht einer von dielen jungen Leuten ist, vielleicht auch
433 4064 529 4177 92
1774 293 3112 349 ein bißchen Anatol, nur um 20 Jahre älter, müder, bitterer.
1775 333 3103 391 Er ilt einfach den typilchen Weg gegangen, den alle
1764 409 3114 468 Schmitzlergestalten der letzten Jahre gehen, den Weg des
1768 461 3104 527 Alterns. Aus den Separés bei Sacher treten lie in die
1775 508 3105 558 Wirklichkeit, erleben Duelle, Ehebrüche, sammeln Ent¬
1773 571 3114 623 täulchungen, Zynismen, Relignationen jeder Art. Und alle
1760 627 3116 683 ltreben verzweifelt hinaus ins Freie und geraten schließlich
1763 703 3112 760 auf irgend einen einlamen Weg. Ludwig Hirschfeld
1765 760 3116 803 NCDIICDTICDTIGDIIE DTIKDTIGDT ICOPHEDT IGBTIESIICSTIESY IESTIEST
1783 814 3057 930 Girardirollen “ von Alexander Cirardi
1868 919 3116 992 Das Thema, das ich hier behandeln loll, paßlt mir
1764 984 3104 1039 ganz und gar nicht. Denn erltens muß ich über mich
1773 1035 3106 1094 lelber Ichreiben und, da lich kein Schaulpieler lelber ver¬
1776 1119 3106 1168 reißt, londern das den Kritikern überläßt, mich auch selber
1775 1162 3117 1219 loben. Und das will ich nicht, obwohl ich schon in dem
1770 1220 3113 1279 Alter bin, wo es mir erlaubt wäre. Und zweitens gibt es
1770 1280 3118 1345 keine Girardirollen. Freilich haben einige Autoren, die
1771 1338 3112 1385 neine Art vor Augen hatten und lich davon nicht los¬
1760 1395 3110 1452 lösen konnten, mir Maß genommen und mir die Rollen
1780 1452 3108 1515 auf den Leib gelchrieben. Daß ich dann aus meiner be¬
1772 1515 3120 1600 Ichriebenen Haut nicht heraus konnte, werden Sie mir
1763 1568 3111 1637 nicht weiter übelnehmen. Dieles Zugeltändnis, das ich
1775 1626 3115 1694 Ihnen mache, verpflichtet mich aber zu gar nichts. Der
1782 1688 3122 1747 Valentin im „Verlchwenderg ilt ja auch meine Rolle, indes
1772 1754 3112 1802 dürfte mich der Raimund nicht gekannt haben, um mir
1771 1803 3117 1859 eine Girardirolle zu lchreiben. Auch „Rip Ripe, der
1768 1870 3126 1917 Florian Heindl im „Lieben Iche, und der Stolzenthaler im
1774 1937 3131 1998 „Vierten Gebote lind nicht extra für mich gelchrieben
1770 1990 1990 2054 worden.
1859 2039 3125 2104 Man lpricht ja auch von Neltroy-, Scholz- und
1784 2097 3121 2163 Treumannrollen, um die Partien durch die Naien ihrer
1775 2160 3125 2211 Farlteller irgendwie zu kennzeichnen und die billige,
1775 2235 3113 2289 perliflierende Komik Neltroys von dem draltilchen, be¬
1776 2279 3096 2328 hibigen Spiel des dicken Scholz und dem Konverlations¬
1769 2332 3121 2405 ton Treumanns in der Polle zu unterlcheiden. Aber das
1775 2392 3114 2470 (oll doch nicht heißen, daß folche Rollen für die Schau¬
1783 2458 3121 2508 lpieler fabriziert wurden — bei Nestroy hätte es noch am
1774 2512 3112 2569 meilten Sinn, weil er lich leine Rollen lelber gelchrieben
1777 2573 3112 2636 hat — londern wohl, daß die Darlteller den Aufgaben,
1779 2630 3121 2679 die an lie geltellt wurden, ihren Stempel aufgedrückt und
1774 2695 3112 2763 ihnen ihre Perlönlichkeit gegeben haben. In dem Augen¬
1771 2761 3129 2820 blick, wo ich den Verluch mache, auf meine Art g’lpaßig
1774 2830 3132 2879 zu lein, fällt immer das mir odiole Wort von der
1775 2865 2102 2940 Girardirolle.
1869 2919 3125 2991 Jletzt wäre ich aber auch lchon zu Ende. Wenn ich
1774 2987 3119 3046 mich über mein Rollenitudium äufsern loll, lo müßlte ich
1775 3066 3113 3118 eigentlich anfangen sgebüldete zu reden: Von Trans¬
1780 3106 3111 3161 figurationsfähigkeit, Intuition und all den andern schönen
1786 3163 3128 3229 Dingen, die man in den letzten Jahren erfunden hat, ich
1781 3222 3124 3294 kann Ihnen nur lagen, daß ich Rudiert auf die Probe
1777 3273 3115 3333 komme und daß es mir auf der Bühne egal ilt, ob ich in
1782 3338 3125 3399 der Operette, Polle oder un Volksltück lpiele. Wenn ich
1783 3394 3116 3469 Rtudiere, lo seh' ich gewöhnlich die darzultellende Gestalt
1780 3452 3113 3513 vor mir. Seh' ich lie nicht, dann macht mir die Partie
1779 3512 3129 3582 Arbeit. Und in dielem Sinne bedeutet Arbeit für mich
1777 3577 2179 3653 kemn Vergnügen.
1872 3643 3128 3699 Da hab ich übrigens gleich wieder Gelegenheit, mich
1782 3690 3121 3742 über Ihre Girardirollen lultig zu machen. Wenn ich wirklich
1780 3754 3116 3821 immer Rollen nach demlelben Leilten darzultellen hätte,
1767 3808 3113 3872 lo müßte ich doch nicht bei der einen Aufgabe mehr, bei
1776 3868 3122 3928 der andern weniger Schwierigkeiten überwinden. Nichts
1771 3931 3121 3999 ilt mir zuwiderer, als wenn ich immer dielelben gewilfen
1776 3991 3121 4055 Thaddädin lpielen soll. Da kommt mir eine Charakter-
