3392 4352
294 190 1178 239 mag, so ist doch langst das eigentliche
301 220 1204 292 Problem seines Schaffens der Mann ge¬
287 271 1190 338 worden, den er in seinem „einsamen Weg“
287 325 1215 382 und dem „Ruf des Lebens“ in allen schwan¬
287 369 1216 422 kenden Zwielichtdämmerungen des „weiten
297 433 1217 482 Landes“ dargestellt. Diesmal hat er nun
299 465 1219 520 noch tiefer in das Wesen des stärkeren Ge¬
298 520 1215 580 schlechtes sich hineinfühlen wollen; es war
292 563 1216 633 sein Ziel, bis zu jenem Unergründlichen,
296 612 1218 672 triebhaft Dämonischen der männlichen
306 668 1214 716 Psyche vorzudringen, wo die Urkräfte pri¬
302 708 1216 770 mitiver Leidenschaft noch ungebrochen wal¬
301 758 1212 822 ten. „Du verstehst mich nicht“ ruft der
304 798 1223 865 Held, Friedrich Hofreiter, im Schlußakt
292 862 1213 933 seiner Frau zu, „in mich sieht keiner hinein,
295 902 1221 976 keiner!“ Er hat sie betrogen, seit Jahren,
290 950 1225 1019 diese gute und kluge Frau, die ihn liebt
304 994 1231 1080 und harum einen Verehrer in den Tod gehen
296 1044 1222 1110 läßt; nun steht für ihn, den Anbeter des
297 1077 1229 1160 Lebens und Genusses, der Tote zwischen
293 1150 1210 1202 ihnen; er begreift nicht, warum seine Fran#
306 1192 1219 1256 ihm treu blieb und jener sterben mußte.
298 1243 1224 1312 Weiter stürmt er auf seiner Bahn des gie¬
292 1290 1229 1355 rigen Ergreifens und Festhaltens, verführt
298 1337 1225 1415 ein frühreif unreifes Mädel, das sein bester
305 1381 1221 1453 Freund sich zur Gattin ersehnt. Aber als
310 1435 1220 1498 seine Frau nun die ihr so oft freigestellte
306 1484 1217 1564 „Revanche“ nimmt und einen jungen Fähn¬
297 1531 1224 1600 rich mit ihrer Liebe beglückt, erträgt er es
298 1582 1229 1655 doch nicht, sondern schießt den Liebhaber
308 1644 1222 1690 über den Hafen. Warum? Aus einem Rück¬
311 1677 1233 1764 fall in die alte Konvention, von der er sich
304 1743 1231 1803 losgesagt, aus Liebesleidenschaft zu seiner
308 1795 1228 1867 Frau, die plötzlich mit Macht durchbricht, aus
307 1844 1223 1906 Eitelkeit, um nicht „der Dumme“ zu sein,
314 1893 1222 1958 aus einer Laune, die das Raubtier=Element
305 1942 981 2010 des Ewig=Männlichen erweckt?
375 1974 1223 2052 Von allem diesen wird etwas angedeutel
315 2039 1230 2097 und eben dieses schillernde Zwiespäl¬
319 2087 1230 2151 tige haftet überhaupt dem Charakter und
317 2134 1239 2194 dem Stil des ganzen Dramas an. Die
312 2191 1239 2243 Gestalt eines Mannes, in dem die alten
326 2242 1234 2292 Instinkte des Geschlechtes die Schranken
322 2291 1235 2343 seiner Kultur zertrümmern, ist gewiß eine
320 2327 1240 2394 tieftragische Erscheinung. Schnitzler aber
317 2375 1239 2433 nennt sein Stück „Tragikomödie“ und rückt
325 2437 1233 2486 dadurch die Gestalten in eine ungewiß spie¬
321 2474 1237 2535 lerische Beleuchtung. Es ist nun einmal
323 2519 1228 2573 Untreue und rücksichtlose Genußsucht das
321 2567 1237 2636 Wesen des Mannes, Polygamie sein Ele¬
332 2634 1237 2683 ment, seine Tugend Ausleben seiner Kraft;
328 2673 1232 2730 das sagt auch die Episodengestalt eines an¬
330 2720 1233 2782 deren „Ungetreuen“. Aber wenn der Ver¬
320 2766 1236 2832 treter dieses Nietzscheschen Übermen¬
335 2822 1227 2874 schentums seine überlegung im Stück
341 2865 1239 2923 stets nur dadurch beweist, daß er im Tennis
327 2915 1235 2974 siegt, so kommt ein komisch ironischer Zug
334 2961 1234 3019 hinein, der durch die satirische Schilderung
320 3026 1245 3075 der Episodenfiguren noch verstärkt wird.
323 3049 1237 3125 Die Frauen, die Gattin Hofreiters, das
323 3105 1245 3180 junge Mädchen, das er verführt, die Mutter
318 3169 1239 3217 des im Duell getöteten Liebhabers, sie stehen
331 3210 1247 3261 diesmal alle im Schatten und dienen nur
332 3257 1244 3315 dazu, das Wesen der Männer in einem
329 3294 1247 3366 gebrochenen Lichte wiederzuspiegeln. So
328 3349 1239 3417 tragen Form wie Inhalt dieses Werkes
322 3408 1247 3468 etwas unsicher Schwankendes an sich und
325 3445 1251 3501 lassen nur leise jene Schnitzler eigentümliche
331 3498 1248 3547 Stimmung anklingen, die aus Ironie und
321 3544 1250 3603 Wehmut gemischt ist, die äußerlich kalt be¬
331 3597 1239 3654 rechnet und innerlich so leidenschaftlich heiß
324 3641 1243 3715 ist. Die Aufführung war sehr gut, die Auf¬
325 3688 1244 3760 nahme aber ziemlich kühl, da das Publikum
330 3737 1238 3811 keine Klarheit über das Wesen des Helden
321 3787 1249 3849 gewinnen konnte. An dieser Unzulänglich¬
321 3841 1254 3899 keit in der Zeichnung der Hauptrolle schei¬
327 3883 1245 3944 terte auch ihr Darsteller, Heinz Monnard,
331 3929 1241 3994 der mit Irene Triesch zusammen die stärkste
333 3978 1183 4054 schauspielerische Leistung des Abends bot.
965 4023 1208 4109 Dr. P. L.
1793 228 2180 295 Ausschmftt aus:
1990 257 2905 371 1e19r Strassbürger Post
1788 349 1983 433 zom:
2099 454 2598 531 mieines Feuilleion.
1757 511 2962 567 Xx [Ein neues Stück von Urtur Schnitzler.] Unser Feuilleton=Mit¬
1712 566 2965 618 arbeiter schreibt uns aus Berlin: Maes, bevor der Vorhang
1720 612 2967 652 vor dem erlesenen Publikum in die Höhe ging, daß uns Artur Schnitz¬
1729 638 2967 694 ler mit seiner neuen Tragikomödie Das weite Land keine Ueber¬
1722 679 2966 724 raschung bringen werde. Die Entwickelung dieses Dichters ist schon
1714 717 2968 751 lange zu ihrer Erfüllung gekommen, und wird keine neuen Höhen
1726 756 2969 808 mehr ersteigen. Aber es wurde auch keine Enttäuschung, dieser heitere
1722 795 2961 834 und doch nachdenkliche Weg in die weiten Gefilde der Seele, denn sie
1719 844 2963 889 ist das große unbekannte Land, in dem heute noch die einzigen Wunder
1724 873 2964 919 geschehen, die kalte Nüchternheit uns gelassen. Schnitzler stellt einen
1721 927 2968 967 Führer von weltmännischer Art dar, der auf solchen forschenden Reisen
1717 955 2966 997 mit eleganter Klugheil, wenn dies Wort erlaubt ist, zu sagen weiß,
1721 993 2962 1046 wie er die Dinge und Menschen sieht. Es liegt im Wesen solcher Dra¬
1716 1032 2969 1073 men, daß sie kein besonderes Interesse an einer Handlung haben, die
1714 1068 2974 1117 zielstrebend zu ihrer Vollendung eilt, und daß sie als weitere Folge
1716 1105 2995 1159 auch keinen eigentlichen Helden haben. Allerlei Menschenschicksale wer¬*
1717 1151 2961 1197 den gezeigt, die einen nur in einer besonderen Entwicklungsperiode, die
1709 1185 2958 1239 anderen in einem größeren Lebensausschnitt. Manches Geschick wird
1720 1211 2956 1293 bis zu einem Ende geführt, manches bleibt für uns ein Fragment. Im
1708 1269 2958 1315 Zenith des Geschehens steht die Gestalt des großen Liebhabers, der mit!
1715 1309 2942 1355 verändertem Gesicht fast in jedem Schnitzlerschen Stück zu finden ist,
1712 1339 2945 1380 die Anatolfigur. Diesmal machte der Dichter den Versuch, die Per¬
1709 1382 2943 1428 sönlichkeit dieses Helden tiefer zu erschauen, sie nicht einfach aufgehen zu
1712 1426 2945 1477 lassen in einer bunten Fülle von Liebesgeschichten. Der Industrielle
1706 1465 2952 1514 Hofreiter hat ein viel verschlungenes Seelenleben; er verrät seine Frau,
1715 1504 2953 1555 so oft sein Blut rebellisch wird, und nimmt es ihr keineswegs übel, wenn
1703 1536 2953 1592 sie sich auf dieselbe Weise revanchiert. Er spürt kei? Spur von Eifer¬
1714 1580 2949 1632 sucht. Und doch will er nicht „der Dumme“ sein, fordert den Liebhaber
1703 1619 2945 1676 und erschießt ihn! Er kennt keinen Zwang des Gewissens, und trotzdem
1711 1660 2938 1702 vermag er über den Toten, den er nicht gehaßt und doch getötet, seiner
1703 1699 2938 1752 Geliebten nicht zu folgen. Sein Leben zerbricht ihm unter den Händen,
1699 1738 2938 1775 da er glaubte, es am festesten zu halten. Es sind keine sonderlich tief¬
1699 1776 2940 1830 bohrenden Probleme und Erkenntnisse, die Schnitzler da aufgegriffen
1697 1819 2940 1860 hat, aber er hat eben eine seltene Art, alte Dinge in moderner Form
1710 1858 2939 1906 neu zu sagen. Es ist ein heiteres Stück, das Schnitzler da gegeben hat,
1696 1891 2947 1930 und eine frohe Stimmung lag über dem Theater. Unter glatter Decke
1702 1932 2945 1984 bereitet sich so die Katastrophe vor, bis sie plötzlich hereinbricht, mit wenig
1702 1974 2938 2015 theatralischen Requisiten ohne Posse — ein paar kurze Worte, Achsel¬
1696 2015 2943 2057 zucken und die tragische Komödie eines Lebens fand ihr Ende. Ein
1699 2055 2930 2101 Drama also von wenig äußerem Glanz, aber von einer guten und star¬
1700 2074 2941 2145 ken Innerlichkeit. Das Lessingtheater brachte eine Darstellung
1701 2134 2930 2175 heraus, die restlos alle Möglichkeiten ausschöpfte und — als Ganzes
1703 2177 2941 2222 gesehen — kaum einen Wunsch offen ließ. Selbst die kleinsten Rollen
1704 2212 2934 2261 waren von besten Kräften besetzt, so hatte Emanuel Reicher kaum
1702 2244 2942 2294 hundert Worte zu sprechen, und es ergab sich eine Aufführung von
1695 2278 2942 2338 einer aufs feinste abgestimmten Einheitlichkeit. Man hat Unrecht, wenn
1700 2326 2938 2366 man einige Namen herausgreift; die größeren Rollen wurden von Heinz
1688 2365 2875 2412 Monnard, Irene Triesch und Hilde Herterich getragen.
2245 2504 2540 2580 burg, Toronto.
2182 2557 2588 2622 Obelienangabe ohne Gewähs.
1829 2598 2226 2682 Ausschnitt aus:
2349 2601 2966 2697 Magyar Hirlap, Büdapest
2005 2671 2301 2758 18 10 1971
1831 2722 1995 2773 vom:
1912 2832 2844 2898 — Schnitzler uj darabja. Egy napon mutatta
1808 2837 2848 2931 e a bécsi Burgtheater és a berlini Lessingtheater
1822 2942 2848 3008 és vélük együtt vagy tiz nagy német szinpad
1816 2989 2830 3063 Arthur Schnitaler uj darabjät, a „Das weite Land“
1824 3032 2836 3106 czimü ötfelionäsos tragikomédiät. A czim az em
1817 3075 2835 3168 beri kelket jelenti ebben a darabban, melyben :
1823 3142 2841 3219 szerzó a darab hösével ezembe ällitja a sajät mage
1812 3205 2833 3274 tüköképet. A „tegnapelôtti“ häzassägtörö tali)ke.
1808 3253 2839 3321 zik a mai häzassägtörövel. Mindketten csupän a fe
1818 3302 2836 3372 leségüket szeretik, de a férfi természetönél fogva e:
1812 3352 2834 3426 a szerelem nem jelenti egyben a hüsöget. Erröl :
1812 3398 2844 3484 két häzassägröl szöl a Schnitzler uj drämäja. A
1811 3472 2839 3548 problémäja, a férj és feleség hütlensége, hibätlan 6#
1817 3528 2822 3592 a megoldäsa is az, talün egy kissé tid sägosan ma¬
1815 3561 2841 3647 thematikus is. Megérthetö, de nem fellelkesitör
1809 3619 2829 3692 Szinte meglepó, hogy mily kevés melegséget ds sze¬
1812 3672 2824 3753 retetet tanusit itt Schnitzler a sajät emberei fränt#
1814 3720 2827 3800 Ez az oka, hogy a darab nem aratott nagy sikert
1811 3770 2837 3846 sem Berlinben, sem Bécsben. A többi väros közül
1804 3822 2828 3910 csupän Hannoverben volt nagy sikere a müncheni.
1799 3887 2841 3979 leipzigi, breslaui, hamburgi és prägai bemutatö
1815 3933 2395 4005 esak mürsékelt sikert ért el.
