3436 4608
1371 145 1827 232 box 28/4
253 170 1222 265 24. Das ve 11
702 428 1615 523 Ausschnitt glsiburger Nachrichten
823 512 1329 599 16. EITOSER4911
696 561 863 641 222
761 632 1909 700 Kp. IAschylos und Schnitzler.1 Unser Berliner Korrespondent
662 678 1909 742 schreidt uns: S### Berlin entstanden sind,
692 738 1923 785 fruchtbare Anregungen literarischer und dramatischer Art gehen
694 782 1922 823 im Grunde doch nur von zweien aus. Ja, nach der Uraufführung
687 816 1923 866 von Herbert Eulenbergs „Alles um Geld“ im Lessing=Theater
696 857 1923 901 meinte unter dem Einflusse der wundersam differenzierten Dar¬
701 893 1935 950 stellung der Kritiker Kerr, dieses Theater sei das einzige, das man,
694 947 1919 977 aus den Ferien zurückgerehrt, eigentlich sehen könne. Aber man
686 970 1925 1020 darf schon weniger exklusiv sein und außer Herrn Dr. Brahm vom
684 1026 1932 1067 Lessing=Theater auch Herrn Professor Reinhardt vom Deutschen
690 1061 1931 1100 Theater zugestehen, daß er ein Mann der Anregungen, ein sich
688 1085 1932 1144 emsig um die tieferen Probleme des Theaters Mühender ist. Frei¬
686 1123 1933 1171 lich, seine laute, rastlose, fahrige Art steht in einem schroffen
692 1165 1936 1216 Gegensatze zu der fast kühlen, kritischen Gelassenheit seines ehe¬
702 1201 1934 1251 maligen Meisters, und diese Gegensätzlichkeit erklärt es, daß Rein¬
697 1252 1928 1296 hardt der Mann der Jugend ist, Brahm der Mann der Gereiften,
701 1284 1926 1341 so weit diese heute noch ein mehr als oberflächliches Interesse an
692 1330 1927 1376 der Entwicklung der Schaubühne nehmen.e In Reinhardt ist das
701 1377 1932 1421 Bedürfnis nach einer mächtigen Resonanz immer dringender ge¬
697 1399 1923 1447 worden, und es ist gar nicht so unbegreiflich, daß er nach der Episode
699 1443 1931 1505 der intimsten Kammerspielkunst in das Extrem des Volkstheaters
693 1471 1940 1530 der großen Massen verfiel. So rückhaltlos und ausschließlich hat er
707 1528 1933 1572 sich diesem Gedanken hingegeben, daß man in der Tat derzeit im
692 1568 1930 1612 Deutschen Theater und in den Kammerspielen seines reichen
709 1614 1939 1659 Künstlergeistes kaum noch einen Hauch verspürt. Er ist ganz der
699 1638 1933 1692 Mann der Zirkusaufführungen geworden und reist als eifrigster
705 1687 1942 1732 Propagandist seines neuen Glaubens unermüdlich durch die Lande.
697 1725 1940 1786 Das Dogma dieses neuen Glaubens aber hat kürzlich einer seiner
703 1756 1939 1820 Apostel also formuliert: „Bewegungen, die zwischen den Einzelnen,
709 1796 1943 1857 den Spielern, entstanden sind, werden von den Hunderten, dem
715 1854 1949 1895 Chor, aufgenommen; die Linien werden größer, der Rhythmus
701 1881 1955 1925 klarer, die Erregungen des Individuums erhöhen sich zu Mensch¬
710 1920 1952 1977 heitsgefühlen. Zuletzt ergreifen sie die Tausende, den stummen
708 1960 1949 2014 Chor, das Volk — die Zuschauer. Aber lugt nicht schon durch
715 1999 1955 2044 diese Formulierung hindurch das Gespenst der Schablonisierung?
707 2034 1954 2078 Wir haben Reinhardts „Odipus“ in der Arena erlebt und waren
719 2080 1952 2125 größtenteils verblüfft durch die Kühnheit des Gedankens und die
1826 2108 1956 2153 it
707 2112 1827 2188 Neuartigkeit seiner praktischen Ausführung, glebt, 129 w
1809 2143 1866 2180 18.
1855 2128 1998 2198 grenah.
751 2188 1978 2241 zudem mit erheblicher Verspätung nach München — auch des
754 2232 1979 2274 Aschylos' „Orestie“ in die Manege verpflanzt sehen, fällt für
754 2268 1974 2314 uns der Reiz sensationeller Neuheit weg, und die Möglichkeit der
757 2296 1972 2349 Vergleiche mit jenem ersten Zirkusbedüt schärft den Blick für die
744 2347 1975 2395 kritische Unterscheidung. Und da machte es nun der Freitagabend
745 2369 1981 2437 im Zirkus Schumann klar, daß für Reinhardts Schritt von der
749 2416 1978 2461 Bühne zur Arena im letzten Grunde nur etwas ganz Außerliches
742 2461 1982 2519 bestimmend gewesen sein wird: die Überzeugung, auf diesem Boden
749 2495 1978 2554 von seiner hervorragenden choreographischen Begabung einen viel
740 2538 1982 2577 ausgedehnteren Gebrauch machen zu können. Es ist eine nicht weg¬
747 2578 1983 2632 zuleugnende, durch die Zwiespältigkeit der Darstellung unwider¬
741 2620 1988 2667 leglich erwiesene Tatsache, daß der Chor und seine rhythmische Ab¬
740 2646 1990 2711 tönung in Sprache und Bewegung für Reinhardt den Angelpunkt
742 2695 1984 2739 seiner Regietätigkeit bedeuten, daß ihm diese reflektierende Bei¬
752 2735 1987 2787 läufigkeit mehr gilt als das Drama selbst. Es ist im Grunde
740 2773 1982 2826 herzlich gleichgültig, ob er den Aschylos in einer übersetzung von
740 2827 1979 2874 Vollmoeller oder von irgend einem gelehrten altklassischen Philo¬
752 2854 1981 2911 logen spielt: der Geist der Dichtung gibt ihm keine bestimmenden
748 2888 1988 2938 Momente für den Charakter der Inszenierung, — es ist nur das
739 2930 1976 2982 äußere Zubehör, das er mit effektvoller Opernhaftigkeit heraus¬
740 2963 1978 3026 arbeitet. So bleiben in der Erinnerung einige höchst raffinierte
736 3014 1980 3065 optische und akustische Wirkungen haften, aber von einem er¬
741 3051 1977 3104 schütternden Gesamteindruck kann keine Rede sein. Fast könnte
749 3084 1982 3147 man vermuten, daß Reinhardt die Nebensächlichkeiten absichtlich
740 3131 1981 3181 so prinzipiell zur Hauptsache macht, weil er fühlt, daß er den
733 3166 1989 3220 dramatischen Gehalt der Dichtung mit seinen Darstellern doch nicht
738 3231 1987 3254 ausschöpfen kann. In der Besetzung wenigstens, in der er hier die
740 3253 1983 3303 „Orestie aufführte, wurden außer dem Orestes (Herr Moissi) und
739 3280 1977 3338 der Kassandra (Fräulein Dietrich) Leistungen geboten, die dem
743 3313 1989 3372 Aschylos bald mit einer beinahe parodistischen Pathetik, bald mit
746 3366 1978 3420 den simpelsten Konversationstönen beizukommen trachteten und
740 3405 1977 3463 nirgends auch nur bescheidene Anzeichen von einer einheitlichen
748 3454 1547 3501 Stilabsicht des Regisseurs erkennen ließen.
828 3473 1989 3552 Wie verständnisvoll und innig war dagegen das Regisseur¬
749 3534 1981 3590 bemühen um Arthur Schnitzlers neues Werk „Das weite
744 3568 1987 3621 Land“, das Sonnabend abend im Lessing=Theater, zugleich mit
738 3623 1978 3661 einer Reihe auswärtiger Bühnen, die erste Aufführung erlebte. Da
745 3653 1987 3711 zu ihnen auch das Hamburger Deutsche Schauspielhaus gehört,
742 3705 1982 3741 braucht hier über den Inhalt des Stückes nichts gesagt zu werden.
742 3729 1982 3787 Das viele Ungreifbare und Unbegreifbare, das die langen fünf
746 3762 1978 3821 Akte bergen, bringt die schauspielerische Interpretation oftmals in
745 3799 1981 3859 arge Verlegenheit. Da es dem Dichter nicht gelang, die seelische
739 3849 1982 3890 Kompliziertheit seines Helden, die auch das Wesensmerkmal der
746 3895 1978 3929 Gattin ist, künstlerisch zu klären, erwächst den beiden Darstellern
739 3921 1982 3977 die wieder einmal von der eigenschöpferischen Bedeutung der Schau¬
756 3957 1988 4032 spielkunst Zeugnis gebende Aufgabe, von der Notwendigkeit und
753 4007 1985 4059 inneren Wahrhaftigkeit der Charaktere, von der Zuverlässigkeit der
754 4039 1981 4094 Psychologie zu überzeugen. Was hier in dieser Hinsicht Herr
753 4075 1989 4127 Monnard und Frau Triesch leisteten, scheint kaum überboten
746 4118 1978 4168 werden zu können. Durch eine unendlich feine und graziöse
810 4165 1116 4210 mangeniit schaf
