<?xml version="1.0" encoding="UTF-8" standalone="yes"?>
<PcGts xmlns="http://schema.primaresearch.org/PAGE/gts/pagecontent/2013-07-15" xmlns:xsi="http://www.w3.org/2001/XMLSchema-instance" xsi:schemaLocation="http://schema.primaresearch.org/PAGE/gts/pagecontent/2013-07-15 http://schema.primaresearch.org/PAGE/gts/pagecontent/2013-07-15/pagecontent.xsd">
    <Metadata>
        <Creator>prov=University of Rostock/Institute of Mathematics/CITlab/Gundram Leifert/gundram.leifert@uni-rostock.de:name=ONB_Newseye_GT_M1+(htr_id=10810)::::v=2.4.2
prov=University of Rostock/Institute of Mathematics/CITlab/Tobias Gruening/tobias.gruening@uni-rostock.de:name=de.uros.citlab.module.baseline2polygon.B2PSeamMultiOriented:v=2.4.2
prov=University of Rostock/Institute of Mathematics/CITlab/Tobias Gruening/tobias.gruening@uni-rostock.de:name=/mnt/transkribus/LA/DEA/URO/LA_news_onb_att.pb:de.uros.citlab.segmentation.CITlab_LA_ML:v=2.4.2
Transkribus</Creator>
        <Created>2019-10-07T11:14:50.117+02:00</Created>
        <LastChange>2019-10-08T05:03:39.425+02:00</LastChange>
        <TranskribusMetadata docId="223964" pageId="9497472" pageNr="577" tsid="16502173" status="IN_PROGRESS" userId="40391" imgUrl="https://files.transkribus.eu/Get?id=KRNIXFMZNBFAIADPFKYONOYT&amp;fileType=view" xmlUrl="https://files.transkribus.eu/Get?id=CGTOODEETSERHBIBWRYHFWNK" imageId="6187699"/>
    </Metadata>
    <Page imageFilename="223964_0577.jpeg" imageWidth="3248" imageHeight="4384">
        <ReadingOrder>
            <OrderedGroup id="ro_1711441925730" caption="Regions reading order">
                <RegionRefIndexed index="0" regionRef="r1"/>
                <RegionRefIndexed index="1" regionRef="r2"/>
            </OrderedGroup>
        </ReadingOrder>
        <TextRegion orientation="0.0" id="r1" custom="readingOrder {index:0;}">
            <Coords points="158,320 158,4315 2917,4315 2917,320"/>
            <TextLine id="r1l1" custom="readingOrder {index:0;}">
                <Coords points="575,358 627,363 639,357 660,366 679,351 700,351 699,296 654,296 627,318 608,312 575,315"/>
                <Baseline points="590,349 622,350 654,351 686,347"/>
                <TextEquiv>
                    <Unicode>UU</Unicode>
                </TextEquiv>
            </TextLine>
            <TextLine id="r1l2" custom="readingOrder {index:1;}">
                <Coords points="141,373 1724,401 1722,300 1466,349 769,297 625,353 142,276"/>
                <Baseline points="158,340 235,350 313,358 390,364 468,370 546,373 623,377 701,379 778,380 856,380 934,380 1011,380 1089,379 1166,378 1244,377 1322,376 1399,376 1477,376 1554,376 1632,377 1710,379"/>
                <TextEquiv>
                    <Unicode>24. Das „ite Land box 29/2</Unicode>
                </TextEquiv>
            </TextLine>
            <TextLine id="r1l3" custom="readingOrder {index:2;}">
                <Coords points="648,996 693,1017 736,998 1005,996 1052,1023 1219,1033 1269,1015 1273,951 1115,938 1087,955 1048,934 1005,950 933,924 816,945 790,919 653,911"/>
                <Baseline points="663,983 692,984 722,986 751,987 781,988 810,990 840,992 869,994 899,996 928,999 958,1000 987,1002 1017,1004 1046,1006 1076,1007 1105,1010 1135,1011 1164,1012 1194,1013 1223,1014 1253,1015"/>
                <TextEquiv>
                    <Unicode>Klose &amp; Seidel</Unicode>
                </TextEquiv>
            </TextLine>
            <TextLine id="r1l4" custom="readingOrder {index:3;}">
                <Coords points="536,1033 659,1073 1405,1089 1408,1022 1176,1038 995,998 538,990"/>
                <Baseline points="552,1043 593,1044 635,1045 677,1047 719,1048 761,1051 803,1053 844,1056 886,1058 928,1062 970,1065 1012,1067 1054,1070 1096,1072 1137,1074 1179,1076 1221,1077 1263,1078 1305,1078 1347,1078 1389,1077"/>
                <TextEquiv>
                    <Unicode>Bureau für Zeitungsausschnitte.</Unicode>
                </TextEquiv>
            </TextLine>
            <TextLine id="r1l5" custom="readingOrder {index:4;}">
                <Coords points="493,1100 706,1117 732,1146 1155,1167 1406,1137 1408,1104 1363,1086 496,1058"/>
                <Baseline points="508,1101 552,1101 596,1103 640,1104 684,1106 729,1109 773,1112 817,1116 861,1118 905,1122 950,1125 994,1128 1038,1131 1082,1133 1126,1136 1171,1137 1215,1138 1259,1138 1303,1137 1347,1135 1392,1132"/>
                <TextEquiv>
                    <Unicode>Jerlin NO.43, Szorgenkirchplatz 211</Unicode>
                </TextEquiv>
            </TextLine>
            <TextLine id="r1l6" custom="readingOrder {index:5;}">
                <Coords points="544,1216 1340,1266 1343,1208 1179,1206 1141,1177 1102,1208 912,1174 546,1189"/>
                <Baseline points="560,1214 598,1214 636,1215 674,1215 713,1217 751,1219 789,1221 828,1223 866,1226 904,1228 943,1231 981,1233 1019,1236 1057,1238 1096,1241 1134,1242 1172,1244 1211,1245 1249,1245 1287,1245 1326,1245"/>
                <TextEquiv>
                    <Unicode>(Liest die meisten Zeitungen und ist das</Unicode>
                </TextEquiv>
            </TextLine>
            <TextLine id="r1l7" custom="readingOrder {index:6;}">
                <Coords points="552,1264 657,1297 1187,1297 1225,1327 1281,1308 1341,1333 1344,1272 1242,1248 1052,1260 917,1225 554,1218"/>
                <Baseline points="566,1259 604,1262 642,1263 680,1265 718,1267 756,1268 794,1270 832,1272 870,1273 908,1275 946,1277 984,1278 1022,1280 1060,1282 1098,1285 1136,1287 1174,1290 1212,1292 1250,1296 1288,1299 1326,1303"/>
                <TextEquiv>
                    <Unicode>bestorganisterfeste Bareau Deutschlands.)</Unicode>
                </TextEquiv>
            </TextLine>
            <TextLine id="r1l8" custom="readingOrder {index:7;}">
                <Coords points="326,1415 570,1464 1458,1508 1501,1446 1266,1388 615,1356 555,1402 457,1348 329,1357"/>
                <Baseline points="342,1411 399,1416 456,1420 513,1424 570,1428 627,1432 684,1435 742,1438 799,1440 856,1443 913,1446 970,1448 1027,1451 1084,1453 1142,1456 1199,1458 1256,1461 1313,1463 1370,1466 1427,1468 1485,1472"/>
                <TextEquiv>
                    <Unicode>ng</Unicode>
                </TextEquiv>
            </TextLine>
            <TextLine id="r1l9" custom="readingOrder {index:8;}">
                <Coords points="311,1522 332,1522 348,1542 392,1537 438,1563 486,1541 519,1547 550,1575 593,1573 601,1494 538,1488 493,1508 431,1458 395,1476 368,1467 338,1492 314,1492"/>
                <Baseline points="326,1519 351,1518 377,1519 402,1521 428,1524 453,1527 479,1531 504,1534 530,1537 555,1539 581,1540"/>
                <TextEquiv>
                    <Unicode>Ort:</Unicode>
                </TextEquiv>
            </TextLine>
            <TextLine id="r1l10" custom="readingOrder {index:9;}">
                <Coords points="1042,1594 1168,1587 1182,1603 1441,1614 1466,1590 1518,1593 1520,1544 1467,1557 1438,1534 1323,1511 1228,1523 1183,1499 1146,1510 1129,1494 1047,1488"/>
                <Baseline points="1059,1565 1085,1564 1111,1564 1137,1565 1163,1566 1189,1568 1216,1569 1242,1571 1268,1572 1294,1575 1320,1576 1346,1578 1373,1579 1399,1579 1425,1579 1451,1579 1477,1578 1504,1575"/>
                <TextEquiv>
                    <Unicode>Btüttgert—</Unicode>
                </TextEquiv>
            </TextLine>
            <TextLine id="r1l11" custom="readingOrder {index:10;}">
                <Coords points="306,1632 379,1639 465,1672 506,1662 545,1674 573,1651 753,1662 756,1613 706,1623 622,1602 567,1614 513,1592 461,1598 396,1558 309,1580"/>
                <Baseline points="322,1627 347,1628 373,1629 399,1630 425,1632 451,1633 477,1634 503,1636 529,1639 555,1640 581,1642 607,1644 633,1645 659,1647 685,1648 711,1649 737,1650"/>
                <TextEquiv>
                    <Unicode>Datum:</Unicode>
                </TextEquiv>
            </TextLine>
            <TextLine id="r1l12" custom="readingOrder {index:11;}">
                <Coords points="887,1727 984,1713 1030,1740 1050,1724 1119,1734 1162,1761 1194,1746 1302,1745 1308,1688 1283,1688 1262,1664 1027,1651 962,1631 939,1647 897,1639"/>
                <Baseline points="906,1702 931,1704 956,1706 982,1707 1007,1710 1033,1712 1058,1715 1084,1718 1109,1721 1135,1725 1160,1727 1186,1731 1211,1734 1237,1736 1262,1740 1288,1742"/>
                <TextEquiv>
                    <Unicode>TUNAIOD</Unicode>
                </TextEquiv>
            </TextLine>
            <TextLine id="r1l13" custom="readingOrder {index:12;}">
                <Coords points="427,1805 479,1803 497,1822 528,1795 540,1805 558,1799 591,1821 622,1803 655,1816 668,1804 686,1805 688,1726 642,1725 617,1743 584,1717 557,1726 542,1713 493,1712 462,1739 428,1738"/>
                <Baseline points="442,1782 467,1787 492,1790 518,1792 543,1792 568,1792 594,1792 619,1791 644,1791 670,1790"/>
                <TextEquiv>
                    <Unicode>—</Unicode>
                </TextEquiv>
            </TextLine>
            <TextLine id="r1l14" custom="readingOrder {index:13;}">
                <Coords points="590,1898 611,1900 621,1891 639,1896 649,1887 657,1897 678,1898 684,1819 666,1818 660,1812 648,1814 628,1828 617,1821 613,1824 595,1822"/>
                <Baseline points="606,1879 635,1877 664,1883"/>
                <TextEquiv>
                    <Unicode>*</Unicode>
                </TextEquiv>
            </TextLine>
            <TextLine id="r1l15" custom="readingOrder {index:14;}">
                <Coords points="1668,1905 2885,1945 2869,1877 1670,1841"/>
                <Baseline points="1684,1880 1743,1882 1802,1885 1862,1887 1921,1889 1980,1891 2040,1894 2099,1896 2158,1898 2218,1900 2277,1903 2336,1905 2396,1907 2455,1909 2514,1912 2574,1914 2633,1916 2692,1918 2752,1920 2811,1922 2871,1924"/>
                <TextEquiv>
                    <Unicode>er uns verbuhlte, vertrottelte, zerfressene und verkommene Fi¬</Unicode>
                </TextEquiv>
            </TextLine>
            <TextLine id="r1l16" custom="readingOrder {index:15;}">
                <Coords points="656,1909 770,1946 835,1926 980,1952 1048,1924 1184,1962 1462,1946 1463,1888 1254,1854 1062,1879 920,1844 658,1839"/>
                <Baseline points="670,1908 708,1910 747,1913 786,1914 825,1915 864,1917 903,1918 941,1919 980,1920 1019,1921 1058,1922 1097,1922 1136,1923 1175,1924 1213,1925 1252,1927 1291,1928 1330,1930 1369,1932 1408,1935 1447,1938"/>
                <TextEquiv>
                    <Unicode>Königliches Hoftheater.</Unicode>
                </TextEquiv>
            </TextLine>
            <TextLine id="r1l17" custom="readingOrder {index:16;}">
                <Coords points="1671,1940 2888,1979 2890,1927 1673,1904"/>
                <Baseline points="1686,1934 1745,1936 1804,1938 1864,1941 1923,1943 1982,1946 2042,1949 2101,1951 2160,1953 2220,1956 2279,1958 2338,1960 2398,1963 2457,1965 2516,1967 2576,1968 2635,1970 2694,1972 2754,1973 2813,1974 2873,1975"/>
                <TextEquiv>
                    <Unicode>guren aus der Wiener Lebewelt vorführen kann, da stellt</Unicode>
                </TextEquiv>
            </TextLine>
            <TextLine id="r1l18" custom="readingOrder {index:17;}">
                <Coords points="1669,1993 2892,2024 2869,1974 1671,1938"/>
                <Baseline points="1685,1982 1744,1984 1804,1986 1863,1988 1923,1990 1982,1993 2042,1995 2101,1998 2161,2000 2220,2002 2280,2005 2340,2007 2399,2009 2459,2012 2518,2013 2578,2015 2637,2017 2697,2018 2756,2020 2816,2020 2876,2021"/>
                <TextEquiv>
                    <Unicode>er seinen Mann. „Psychologie“ existiert für diesen Herrn</Unicode>
                </TextEquiv>
            </TextLine>
            <TextLine id="r1l19" custom="readingOrder {index:18;}">
                <Coords points="513,1986 1424,2048 1653,2030 1654,2002 1504,1956 1253,1971 1133,1932 1007,1970 515,1925"/>
                <Baseline points="527,1976 582,1982 638,1987 693,1992 749,1995 805,1999 860,2002 916,2004 971,2006 1027,2008 1083,2010 1138,2011 1194,2013 1249,2014 1305,2016 1361,2018 1416,2019 1472,2022 1527,2024 1583,2027 1639,2031"/>
                <TextEquiv>
                    <Unicode>* Stuttgart, 19. Mai. Wenn der Mensch fünfzig Jahre</Unicode>
                </TextEquiv>
            </TextLine>
            <TextLine id="r1l20" custom="readingOrder {index:19;}">
                <Coords points="1670,2024 2893,2066 2888,2023 1671,1988"/>
                <Baseline points="1685,2030 1744,2031 1804,2033 1863,2035 1923,2037 1982,2039 2042,2041 2101,2043 2161,2045 2220,2047 2280,2050 2340,2052 2399,2054 2459,2056 2518,2058 2578,2060 2637,2062 2697,2064 2756,2065 2816,2067 2876,2069"/>
                <TextEquiv>
                    <Unicode>Schnitzler nur unter dem Gesichtspunkt der Sexualbrunst; wenn</Unicode>
                </TextEquiv>
            </TextLine>
            <TextLine id="r1l21" custom="readingOrder {index:20;}">
                <Coords points="426,2051 1640,2091 1660,2028 634,2016 428,1978"/>
                <Baseline points="443,2036 503,2038 563,2040 623,2042 683,2045 743,2047 803,2049 863,2051 923,2053 983,2055 1043,2057 1103,2059 1163,2061 1223,2062 1283,2064 1343,2066 1403,2068 1463,2070 1523,2072 1583,2074 1643,2076"/>
                <TextEquiv>
                    <Unicode>alt wirdz erfährt man allerhand neues von ihm. So wurde</Unicode>
                </TextEquiv>
            </TextLine>
            <TextLine id="r1l22" custom="readingOrder {index:21;}">
                <Coords points="1665,2094 2882,2134 2856,2078 1667,2033"/>
                <Baseline points="1680,2075 1739,2078 1798,2081 1858,2083 1917,2086 1976,2088 2036,2091 2095,2093 2154,2095 2214,2097 2273,2099 2332,2101 2392,2103 2451,2105 2510,2108 2570,2109 2629,2111 2688,2113 2748,2114 2807,2116 2867,2118"/>
                <TextEquiv>
                    <Unicode>seine Männer und Frauen sich nicht verbuhlen können, kann er</Unicode>
                </TextEquiv>
            </TextLine>
            <TextLine id="r1l23" custom="readingOrder {index:22;}">
                <Coords points="431,2088 1666,2129 1667,2089 1503,2069 432,2049"/>
                <Baseline points="445,2084 505,2086 565,2089 626,2091 686,2094 746,2096 807,2098 867,2100 927,2102 988,2104 1048,2106 1108,2107 1169,2109 1229,2111 1289,2113 1350,2115 1410,2117 1470,2119 1531,2121 1591,2123 1652,2125"/>
                <TextEquiv>
                    <Unicode>uns kund und zu wissen, daß ein gewisser Herr Arthur Schnitzler</Unicode>
                </TextEquiv>
            </TextLine>
            <TextLine id="r1l24" custom="readingOrder {index:23;}">
                <Coords points="1663,2128 2852,2189 2888,2117 1664,2091"/>
                <Baseline points="1679,2127 1738,2129 1798,2130 1857,2132 1917,2134 1977,2136 2036,2139 2096,2141 2156,2143 2215,2145 2275,2148 2335,2151 2394,2153 2454,2155 2514,2157 2573,2159 2633,2161 2693,2162 2752,2164 2812,2166 2872,2167"/>
                <TextEquiv>
                    <Unicode>kein „Seelengemälde“ erstellen. Er lebt nur, wenn er die</Unicode>
                </TextEquiv>
            </TextLine>
            <TextLine id="r1l25" custom="readingOrder {index:24;}">
                <Coords points="423,2143 1649,2197 1651,2121 425,2089"/>
                <Baseline points="437,2136 496,2137 556,2138 616,2140 676,2141 736,2143 796,2145 855,2147 915,2149 975,2151 1035,2154 1095,2156 1155,2159 1215,2161 1274,2163 1334,2165 1394,2167 1454,2169 1514,2171 1574,2172 1634,2173"/>
                <TextEquiv>
                    <Unicode>aus Wien ein Dichter sei, denn, so hieß es, die deutschen</Unicode>
                </TextEquiv>
            </TextLine>
            <TextLine id="r1l26" custom="readingOrder {index:25;}">
                <Coords points="1652,2196 2859,2230 2883,2179 1654,2123"/>
                <Baseline points="1669,2173 1728,2175 1788,2177 1848,2180 1908,2182 1968,2185 2028,2188 2088,2190 2148,2193 2208,2196 2268,2199 2327,2201 2387,2204 2447,2206 2507,2208 2567,2210 2627,2212 2687,2213 2747,2214 2807,2214 2867,2215"/>
                <TextEquiv>
                    <Unicode>Ehe bricht, oder wenn seine Helden und Heldinnen in per¬</Unicode>
                </TextEquiv>
            </TextLine>
            <TextLine id="r1l27" custom="readingOrder {index:26;}">
                <Coords points="429,2183 1614,2238 1647,2188 430,2143"/>
                <Baseline points="445,2184 504,2186 563,2187 622,2189 682,2191 741,2192 800,2194 860,2196 919,2198 978,2200 1038,2202 1097,2204 1156,2206 1215,2208 1275,2210 1334,2213 1393,2215 1453,2217 1512,2220 1571,2221 1631,2224"/>
                <TextEquiv>
                    <Unicode>Theaterleitungen seien übereingekommen, die 50. Geburtstage</Unicode>
                </TextEquiv>
            </TextLine>
            <TextLine id="r1l28" custom="readingOrder {index:27;}">
                <Coords points="1648,2246 2801,2282 2883,2272 2885,2227 1650,2179"/>
                <Baseline points="1665,2224 1725,2225 1785,2227 1845,2229 1905,2231 1965,2234 2025,2237 2086,2239 2146,2242 2206,2244 2266,2247 2326,2250 2386,2252 2446,2254 2507,2256 2567,2257 2627,2258 2687,2259 2747,2259 2807,2259 2868,2258"/>
                <TextEquiv>
                    <Unicode>verser Lust excedieren; ihm ist die Frau lediglich „Geschlecht",</Unicode>
                </TextEquiv>
            </TextLine>
            <TextLine id="r1l29" custom="readingOrder {index:28;}">
                <Coords points="421,2234 1628,2294 1654,2231 422,2189"/>
                <Baseline points="435,2234 495,2235 555,2236 615,2237 675,2239 735,2241 795,2243 856,2245 916,2247 976,2250 1036,2251 1096,2254 1156,2256 1216,2259 1277,2261 1337,2263 1397,2265 1457,2267 1517,2268 1577,2270 1638,2271"/>
                <TextEquiv>
                    <Unicode>der deutschen Dichter durch Aufführung eines ihrer Werke</Unicode>
                </TextEquiv>
            </TextLine>
            <TextLine id="r1l30" custom="readingOrder {index:29;}">
                <Coords points="1663,2283 2855,2339 2885,2264 1664,2238"/>
                <Baseline points="1678,2273 1737,2275 1797,2277 1856,2279 1916,2282 1975,2284 2035,2286 2094,2289 2154,2291 2213,2293 2273,2296 2332,2298 2392,2300 2451,2303 2511,2305 2570,2307 2630,2309 2689,2310 2749,2311 2808,2312 2868,2313"/>
                <TextEquiv>
                    <Unicode>um das sich alles dreht. Auch im „weiten Land“ läßt er</Unicode>
                </TextEquiv>
            </TextLine>
            <TextLine id="r1l31" custom="readingOrder {index:30;}">
                <Coords points="422,2289 1642,2322 1607,2278 424,2237"/>
                <Baseline points="437,2284 496,2285 556,2286 615,2287 675,2289 734,2291 794,2293 853,2295 913,2297 972,2299 1032,2301 1092,2304 1151,2306 1211,2307 1270,2310 1330,2312 1389,2314 1449,2315 1508,2317 1568,2318 1628,2319"/>
                <TextEquiv>
                    <Unicode>zu feiern. Also führte man gestern das „weite Land“ von</Unicode>
                </TextEquiv>
            </TextLine>
            <TextLine id="r1l32" custom="readingOrder {index:31;}">
                <Coords points="1662,2334 2842,2382 2880,2344 1664,2282"/>
                <Baseline points="1678,2321 1737,2324 1796,2328 1856,2330 1915,2333 1974,2335 2034,2338 2093,2340 2152,2342 2212,2344 2271,2346 2330,2348 2390,2350 2449,2352 2508,2353 2568,2355 2627,2357 2686,2359 2746,2361 2805,2364 2865,2366"/>
                <TextEquiv>
                    <Unicode>seinen Helden sagen: „um euch (Frauen) dreht sich alles,</Unicode>
                </TextEquiv>
            </TextLine>
            <TextLine id="r1l33" custom="readingOrder {index:32;}">
                <Coords points="421,2321 1494,2386 1631,2381 1633,2329 422,2290"/>
                <Baseline points="435,2333 494,2334 553,2336 612,2338 671,2339 730,2341 789,2343 848,2345 907,2346 966,2348 1026,2350 1085,2352 1144,2353 1203,2355 1262,2357 1321,2359 1380,2360 1439,2362 1498,2364 1557,2366 1617,2368"/>
                <TextEquiv>
                    <Unicode>Schnitzler auf und der Wiener Autor wurde dadurch offiziell</Unicode>
                </TextEquiv>
            </TextLine>
            <TextLine id="r1l34" custom="readingOrder {index:33;}">
                <Coords points="1663,2381 2858,2432 2878,2369 1664,2336"/>
                <Baseline points="1678,2371 1737,2373 1796,2374 1855,2376 1914,2378 1973,2380 2032,2383 2092,2384 2151,2387 2210,2389 2269,2391 2328,2393 2387,2395 2446,2397 2506,2400 2565,2402 2624,2403 2683,2405 2742,2407 2801,2409 2861,2410"/>
                <TextEquiv>
                    <Unicode>ob wir Sinfonien schreiben und Dichterwerke, oder Kunstwerke</Unicode>
                </TextEquiv>
            </TextLine>
            <TextLine id="r1l35" custom="readingOrder {index:34;}">
                <Coords points="418,2391 1640,2437 1642,2383 419,2333"/>
                <Baseline points="434,2383 493,2384 553,2385 612,2387 672,2388 731,2390 791,2391 850,2393 910,2395 969,2396 1029,2398 1089,2400 1148,2402 1208,2404 1267,2406 1327,2408 1386,2410 1446,2412 1505,2414 1565,2417 1625,2418"/>
                <TextEquiv>
                    <Unicode>zum Dichter. Die heutige Zeit ist verschwenderisch mit Titeln</Unicode>
                </TextEquiv>
            </TextLine>
            <TextLine id="r1l36" custom="readingOrder {index:35;}">
                <Coords points="1652,2442 2628,2478 2875,2472 2877,2417 1654,2381"/>
                <Baseline points="1668,2422 1727,2423 1787,2425 1846,2426 1906,2428 1966,2431 2025,2433 2085,2435 2145,2437 2204,2440 2264,2443 2324,2445 2383,2447 2443,2449 2503,2452 2562,2453 2622,2455 2682,2456 2741,2457 2801,2458 2861,2458"/>
                <TextEquiv>
                    <Unicode>schaffen, ihr seid doch die Hauptsache“. Und das ist die künstle¬</Unicode>
                </TextEquiv>
            </TextLine>
            <TextLine id="r1l37" custom="readingOrder {index:36;}">
                <Coords points="416,2437 1593,2488 1649,2435 417,2391"/>
                <Baseline points="431,2430 491,2432 551,2434 611,2436 671,2438 731,2440 791,2442 851,2443 911,2445 971,2447 1031,2449 1091,2450 1151,2452 1211,2454 1271,2455 1331,2457 1391,2459 1451,2462 1511,2463 1571,2466 1632,2469"/>
                <TextEquiv>
                    <Unicode>und Ehrenzeichen; so muß man es schließlich auch ertragen,</Unicode>
                </TextEquiv>
            </TextLine>
            <TextLine id="r1l38" custom="readingOrder {index:37;}">
                <Coords points="1650,2475 2860,2531 2884,2462 1651,2429"/>
                <Baseline points="1664,2468 1724,2470 1784,2472 1844,2474 1904,2477 1964,2479 2024,2481 2085,2484 2145,2486 2205,2488 2265,2491 2325,2493 2385,2495 2445,2498 2506,2500 2566,2502 2626,2503 2686,2505 2746,2507 2806,2508 2867,2509"/>
                <TextEquiv>
                    <Unicode>rische und moralische Weltanschauung Schnitzlers. Das Weib</Unicode>
                </TextEquiv>
            </TextLine>
            <TextLine id="r1l39" custom="readingOrder {index:38;}">
                <Coords points="414,2480 1650,2516 1651,2464 416,2437"/>
                <Baseline points="429,2480 489,2481 549,2482 609,2483 670,2485 730,2486 790,2488 850,2490 911,2491 971,2493 1031,2495 1091,2497 1152,2500 1212,2501 1272,2504 1332,2506 1393,2508 1453,2511 1513,2512 1573,2515 1634,2517"/>
                <TextEquiv>
                    <Unicode>wenn die Theaterleitungen einen ihrer Lieblinge zum Dichter</Unicode>
                </TextEquiv>
            </TextLine>
            <TextLine id="r1l40" custom="readingOrder {index:39;}">
                <Coords points="1652,2531 2875,2585 2853,2514 1655,2473"/>
                <Baseline points="1667,2519 1726,2520 1786,2521 1846,2523 1906,2525 1965,2527 2025,2530 2085,2532 2145,2534 2204,2537 2264,2540 2324,2542 2384,2545 2443,2547 2503,2549 2563,2551 2623,2553 2682,2555 2742,2556 2802,2557 2862,2558"/>
                <TextEquiv>
                    <Unicode>ist ihm Motiv. Aber notabene: nur das „illegitime“, immer</Unicode>
                </TextEquiv>
            </TextLine>
            <TextLine id="r1l41" custom="readingOrder {index:40;}">
                <Coords points="419,2525 1630,2580 1628,2522 420,2489"/>
                <Baseline points="435,2529 494,2530 553,2532 612,2533 671,2535 730,2536 789,2538 848,2539 907,2541 966,2543 1025,2545 1084,2547 1143,2548 1202,2550 1261,2552 1320,2554 1379,2556 1438,2558 1497,2561 1556,2563 1615,2565"/>
                <TextEquiv>
                    <Unicode>erheben. In Wahrheit ist Herr Schnitzler nämlich kein Dich¬</Unicode>
                </TextEquiv>
            </TextLine>
            <TextLine id="r1l42" custom="readingOrder {index:41;}">
                <Coords points="1640,2576 2768,2629 2875,2624 2878,2551 1642,2537"/>
                <Baseline points="1657,2568 1717,2568 1777,2569 1837,2570 1897,2572 1958,2574 2018,2576 2078,2579 2138,2582 2198,2584 2259,2588 2319,2591 2379,2593 2439,2596 2499,2599 2560,2601 2620,2603 2680,2604 2740,2605 2800,2606 2861,2606"/>
                <TextEquiv>
                    <Unicode>das Weib oder die Geliebte der andern, auch nicht das nor¬</Unicode>
                </TextEquiv>
            </TextLine>
            <TextLine id="r1l43" custom="readingOrder {index:42;}">
                <Coords points="414,2589 1625,2628 1626,2582 1505,2566 416,2535"/>
                <Baseline points="429,2577 488,2579 547,2581 606,2583 665,2585 724,2587 783,2589 842,2590 901,2593 960,2594 1020,2596 1079,2598 1138,2600 1197,2602 1256,2604 1315,2606 1374,2608 1433,2609 1492,2611 1551,2613 1611,2614"/>
                <TextEquiv>
                    <Unicode>ter, sondern nur ein Bühnenschriftsteller und Essayist, 50%</Unicode>
                </TextEquiv>
            </TextLine>
            <TextLine id="r1l44" custom="readingOrder {index:43;}">
                <Coords points="1647,2626 2870,2678 2863,2613 1649,2577"/>
                <Baseline points="1664,2615 1723,2618 1783,2620 1842,2622 1902,2624 1961,2627 2021,2629 2080,2631 2140,2634 2199,2635 2259,2638 2319,2640 2378,2642 2438,2644 2497,2647 2557,2649 2616,2651 2676,2653 2735,2655 2795,2658 2855,2660"/>
                <TextEquiv>
                    <Unicode>male Weib, sondern die ächte oder verhüllte Courtisane, die</Unicode>
                </TextEquiv>
            </TextLine>
            <TextLine id="r1l45" custom="readingOrder {index:44;}">
                <Coords points="410,2632 1525,2686 1635,2674 1637,2631 411,2592"/>
                <Baseline points="425,2628 484,2629 544,2629 604,2631 663,2632 723,2633 783,2635 842,2636 902,2638 962,2640 1022,2641 1081,2643 1141,2645 1201,2648 1260,2650 1320,2652 1380,2655 1439,2657 1499,2660 1559,2663 1619,2666"/>
                <TextEquiv>
                    <Unicode>niedriger, wie etwa Hermann Sudermann; höchstens zu ran¬</Unicode>
                </TextEquiv>
            </TextLine>
            <TextLine id="r1l46" custom="readingOrder {index:45;}">
                <Coords points="1654,2672 2862,2706 2863,2676 2702,2660 1656,2626"/>
                <Baseline points="1668,2666 1727,2667 1786,2668 1845,2670 1904,2672 1963,2675 2022,2677 2081,2679 2140,2682 2199,2685 2258,2688 2317,2691 2376,2694 2435,2696 2494,2698 2553,2700 2612,2702 2671,2704 2730,2704 2789,2705 2848,2705"/>
                <TextEquiv>
                    <Unicode>Geschiedene, die Ehebrecherin, die befleckte Jungfrau — an¬</Unicode>
                </TextEquiv>
            </TextLine>
            <TextLine id="r1l47" custom="readingOrder {index:46;}">
                <Coords points="417,2675 1515,2728 1634,2711 1635,2677 418,2632"/>
                <Baseline points="431,2676 490,2677 549,2678 609,2680 668,2681 727,2683 787,2685 846,2686 905,2688 965,2690 1024,2692 1083,2693 1143,2696 1202,2698 1261,2700 1321,2702 1380,2704 1439,2706 1499,2709 1558,2711 1618,2713"/>
                <TextEquiv>
                    <Unicode>gieren mit Hermann Bahr oder Oskar Blumenthal, aber</Unicode>
                </TextEquiv>
            </TextLine>
            <TextLine id="r1l48" custom="readingOrder {index:47;}">
                <Coords points="1644,2728 2563,2736 2845,2779 2869,2698 1645,2676"/>
                <Baseline points="1659,2721 1718,2721 1778,2721 1837,2722 1897,2723 1957,2725 2016,2727 2076,2729 2136,2731 2195,2734 2255,2736 2315,2738 2374,2741 2434,2744 2494,2746 2553,2748 2613,2749 2673,2751 2732,2752 2792,2752 2852,2753"/>
                <TextEquiv>
                    <Unicode>ständige Frauen und Mädchen gibts in der Schnitzler'schen</Unicode>
                </TextEquiv>
            </TextLine>
            <TextLine id="r1l49" custom="readingOrder {index:48;}">
                <Coords points="417,2737 1588,2779 1636,2732 419,2676"/>
                <Baseline points="433,2722 492,2724 551,2726 611,2728 670,2730 729,2732 789,2734 848,2735 907,2737 967,2739 1026,2741 1085,2742 1145,2744 1204,2746 1263,2749 1323,2751 1382,2753 1441,2755 1501,2758 1560,2761 1620,2763"/>
                <TextEquiv>
                    <Unicode>für feinere Nerven erheblich unangenehmer, wie die genannten.</Unicode>
                </TextEquiv>
            </TextLine>
            <TextLine id="r1l50" custom="readingOrder {index:49;}">
                <Coords points="1633,2765 2868,2820 2867,2768 2569,2742 1635,2729"/>
                <Baseline points="1650,2766 1710,2767 1770,2768 1830,2769 1890,2771 1951,2773 2011,2775 2071,2777 2131,2779 2191,2782 2252,2784 2312,2787 2372,2789 2432,2792 2492,2794 2553,2796 2613,2799 2673,2802 2733,2803 2793,2806 2854,2807"/>
                <TextEquiv>
                    <Unicode>Gestalten=Welt nicht. Alles ist zerfressen, brünstig, liebestoll,</Unicode>
                </TextEquiv>
            </TextLine>
            <TextLine id="r1l51" custom="readingOrder {index:50;}">
                <Coords points="409,2776 1634,2836 1637,2766 410,2736"/>
                <Baseline points="425,2770 484,2773 544,2774 604,2777 663,2779 723,2780 783,2782 842,2784 902,2786 962,2787 1022,2789 1081,2791 1141,2793 1201,2795 1260,2797 1320,2799 1380,2802 1439,2804 1499,2807 1559,2810 1619,2813"/>
                <TextEquiv>
                    <Unicode>* Es gibt in der neuen Wiener Schule keinen Autor, der einem</Unicode>
                </TextEquiv>
            </TextLine>
            <TextLine id="r1l52" custom="readingOrder {index:51;}">
                <Coords points="1633,2819 2840,2870 2866,2819 1635,2765"/>
                <Baseline points="1648,2813 1708,2814 1768,2816 1828,2818 1888,2820 1948,2822 2008,2824 2068,2826 2128,2829 2188,2831 2249,2834 2309,2836 2369,2839 2429,2841 2489,2843 2549,2845 2609,2847 2669,2849 2729,2851 2789,2853 2850,2854"/>
                <TextEquiv>
                    <Unicode>ehebrecherisch, trugvoll, gemein. Die Männer sind gehörnt</Unicode>
                </TextEquiv>
            </TextLine>
            <TextLine id="r1l53" custom="readingOrder {index:52;}">
                <Coords points="415,2827 1604,2876 1633,2816 416,2781"/>
                <Baseline points="429,2823 488,2824 547,2826 606,2827 666,2829 725,2831 784,2833 844,2834 903,2836 962,2838 1022,2840 1081,2841 1140,2843 1199,2845 1259,2847 1318,2849 1377,2851 1437,2853 1496,2855 1555,2858 1615,2860"/>
                <TextEquiv>
                    <Unicode>so auf die Nerven fällt, wie dieser Herr Schnitzler mit seinem</Unicode>
                </TextEquiv>
            </TextLine>
            <TextLine id="r1l54" custom="readingOrder {index:53;}">
                <Coords points="1642,2872 2856,2923 2858,2868 2682,2846 1644,2817"/>
                <Baseline points="1657,2860 1716,2862 1775,2863 1834,2866 1893,2868 1952,2870 2011,2872 2071,2875 2130,2877 2189,2880 2248,2883 2307,2885 2366,2887 2425,2890 2485,2892 2544,2894 2603,2895 2662,2897 2721,2898 2780,2899 2840,2900"/>
                <TextEquiv>
                    <Unicode>oder hörnen andere, wieder andere sind pervers, lieben ihre</Unicode>
                </TextEquiv>
            </TextLine>
            <TextLine id="r1l55" custom="readingOrder {index:54;}">
                <Coords points="406,2880 1619,2928 1621,2873 408,2810"/>
                <Baseline points="421,2872 480,2873 539,2875 598,2876 657,2878 716,2879 775,2881 835,2883 894,2884 953,2886 1012,2888 1071,2890 1130,2892 1189,2893 1249,2895 1308,2897 1367,2899 1426,2901 1485,2902 1544,2904 1604,2906"/>
                <TextEquiv>
                    <Unicode>beispiellosen Cynismus und seiner Unfähigkeit, von den Speziali¬</Unicode>
                </TextEquiv>
            </TextLine>
            <TextLine id="r1l56" custom="readingOrder {index:55;}">
                <Coords points="1630,2926 2859,2988 2861,2918 2618,2893 1632,2877"/>
                <Baseline points="1646,2909 1706,2912 1766,2914 1826,2916 1886,2918 1946,2921 2006,2922 2066,2925 2126,2927 2186,2929 2246,2932 2306,2934 2366,2936 2426,2939 2486,2941 2546,2943 2606,2946 2666,2948 2726,2951 2786,2953 2846,2955"/>
                <TextEquiv>
                    <Unicode>Frauen, weil sie die Ehe brechen oder sehen brünstig zu,</Unicode>
                </TextEquiv>
            </TextLine>
            <TextLine id="r1l57" custom="readingOrder {index:56;}">
                <Coords points="411,2935 1625,2968 1614,2915 412,2883"/>
                <Baseline points="425,2922 484,2923 543,2923 602,2925 662,2926 721,2927 780,2929 840,2930 899,2933 958,2934 1018,2936 1077,2938 1136,2940 1195,2942 1255,2944 1314,2946 1373,2947 1433,2949 1492,2951 1551,2953 1611,2954"/>
                <TextEquiv>
                    <Unicode>täten der Wiener Sexual=Verlotterung aufs allgemein mensch¬</Unicode>
                </TextEquiv>
            </TextLine>
            <TextLine id="r1l58" custom="readingOrder {index:57;}">
                <Coords points="1638,2961 2852,3002 2841,2959 1640,2922"/>
                <Baseline points="1653,2958 1712,2961 1771,2964 1830,2967 1890,2969 1949,2972 2008,2974 2067,2976 2127,2978 2186,2980 2245,2982 2304,2983 2364,2985 2423,2987 2482,2989 2541,2991 2601,2992 2660,2995 2719,2997 2778,2998 2838,3001"/>
                <TextEquiv>
                    <Unicode>wie die Frauen aus einer Hand in die andere wandern.</Unicode>
                </TextEquiv>
            </TextLine>
            <TextLine id="r1l59" custom="readingOrder {index:58;}">
                <Coords points="411,2980 1585,3024 1624,3023 1626,2968 412,2925"/>
                <Baseline points="425,2969 484,2971 543,2972 602,2974 662,2976 721,2978 780,2980 840,2982 899,2983 958,2985 1018,2988 1077,2989 1136,2991 1195,2993 1255,2996 1314,2997 1373,2999 1433,3001 1492,3004 1551,3006 1611,3008"/>
                <TextEquiv>
                    <Unicode>liche zu kommen. Diesem Herrn Schnitzler wird alles zur</Unicode>
                </TextEquiv>
            </TextLine>
            <TextLine id="r1l60" custom="readingOrder {index:59;}">
                <Coords points="1630,3023 2861,3070 2864,2994 1632,2959"/>
                <Baseline points="1646,3009 1706,3011 1766,3012 1826,3014 1886,3016 1946,3018 2006,3021 2066,3023 2126,3025 2186,3028 2247,3030 2307,3032 2367,3035 2427,3037 2487,3039 2547,3041 2607,3043 2667,3045 2727,3047 2787,3049 2848,3050"/>
                <TextEquiv>
                    <Unicode>Herr Schnitzler war ehedem Mediziner und so mag er wohl</Unicode>
                </TextEquiv>
            </TextLine>
            <TextLine id="r1l61" custom="readingOrder {index:60;}">
                <Coords points="407,3031 1624,3077 1605,3015 409,2973"/>
                <Baseline points="422,3021 481,3021 540,3021 599,3022 659,3023 718,3025 777,3026 837,3028 896,3031 955,3033 1015,3035 1074,3038 1133,3040 1192,3042 1252,3044 1311,3047 1370,3049 1430,3050 1489,3051 1548,3053 1608,3053"/>
                <TextEquiv>
                    <Unicode>„Liebelei“. Ueber die „Anatols“ und „Christinen“ kommt er</Unicode>
                </TextEquiv>
            </TextLine>
            <TextLine id="r1l62" custom="readingOrder {index:61;}">
                <Coords points="1630,3067 2856,3120 2858,3062 2666,3043 1632,3015"/>
                <Baseline points="1646,3056 1705,3059 1765,3062 1825,3064 1884,3066 1944,3068 2004,3070 2063,3073 2123,3075 2183,3077 2243,3079 2302,3080 2362,3082 2422,3084 2481,3086 2541,3088 2601,3090 2660,3092 2720,3094 2780,3095 2840,3097"/>
                <TextEquiv>
                    <Unicode>aus der Literatur der Grenzfälle des Sexual=Pathologischen</Unicode>
                </TextEquiv>
            </TextLine>
            <TextLine id="r1l63" custom="readingOrder {index:62;}">
                <Coords points="398,3087 728,3067 1576,3123 1623,3069 400,3042"/>
                <Baseline points="413,3070 472,3070 532,3071 592,3072 651,3074 711,3075 771,3077 830,3079 890,3081 950,3083 1010,3085 1069,3087 1129,3089 1189,3091 1248,3093 1308,3094 1368,3096 1427,3098 1487,3099 1547,3101 1607,3102"/>
                <TextEquiv>
                    <Unicode>nicht hinaus, auch wenn diese in „militärischer“ oder</Unicode>
                </TextEquiv>
            </TextLine>
            <TextLine id="r1l64" custom="readingOrder {index:63;}">
                <Coords points="1626,3116 2852,3170 2855,3103 1628,3067"/>
                <Baseline points="1641,3104 1700,3106 1760,3108 1820,3110 1880,3113 1940,3115 2000,3118 2060,3121 2120,3123 2180,3126 2240,3128 2299,3130 2359,3132 2419,3135 2479,3138 2539,3140 2599,3142 2659,3144 2719,3145 2779,3147 2839,3149"/>
                <TextEquiv>
                    <Unicode>allerhand Typen kennen gelernt haben. Die führt er uns</Unicode>
                </TextEquiv>
            </TextLine>
            <TextLine id="r1l65" custom="readingOrder {index:64;}">
                <Coords points="402,3126 1567,3167 1624,3114 727,3066 403,3092"/>
                <Baseline points="418,3119 477,3118 536,3118 596,3119 655,3120 715,3121 774,3123 833,3125 893,3127 952,3129 1012,3132 1071,3134 1130,3137 1190,3139 1249,3141 1309,3144 1368,3146 1427,3148 1487,3149 1546,3151 1606,3151"/>
                <TextEquiv>
                    <Unicode>„bourgeoiser“ Verpackung einhergehen. Seine „Liebelei“ hat</Unicode>
                </TextEquiv>
            </TextLine>
            <TextLine id="r1l66" custom="readingOrder {index:65;}">
                <Coords points="1626,3168 2852,3220 2854,3159 1629,3104"/>
                <Baseline points="1642,3154 1701,3156 1761,3158 1821,3160 1881,3162 1941,3164 2000,3166 2060,3168 2120,3170 2180,3173 2240,3175 2299,3177 2359,3179 2419,3181 2479,3184 2539,3186 2598,3189 2658,3191 2718,3194 2778,3197 2838,3199"/>
                <TextEquiv>
                    <Unicode>nun vor und das gute Publikum muß dazu auf Veranlassung</Unicode>
                </TextEquiv>
            </TextLine>
            <TextLine id="r1l67" custom="readingOrder {index:66;}">
                <Coords points="393,3170 1619,3227 1599,3163 395,3125"/>
                <Baseline points="409,3165 468,3166 528,3168 588,3170 648,3171 708,3173 767,3175 827,3176 887,3178 947,3180 1007,3182 1066,3184 1126,3186 1186,3187 1246,3190 1306,3192 1365,3194 1425,3196 1485,3198 1545,3200 1605,3203"/>
                <TextEquiv>
                    <Unicode>ihn „berühmt“ gemacht, aber über diese Berühmtheit hat er</Unicode>
                </TextEquiv>
            </TextLine>
            <TextLine id="r1l68" custom="readingOrder {index:67;}">
                <Coords points="1624,3201 1784,3237 2850,3254 2851,3218 2715,3200 1625,3167"/>
                <Baseline points="1640,3203 1699,3204 1759,3206 1819,3209 1878,3211 1938,3213 1998,3216 2057,3218 2117,3221 2177,3223 2237,3226 2296,3228 2356,3231 2416,3233 2475,3236 2535,3238 2595,3240 2654,3241 2714,3243 2774,3245 2834,3246"/>
                <TextEquiv>
                    <Unicode>der Bühnenleitungen an des „Dichters“ 50. Geburtstag Hurra</Unicode>
                </TextEquiv>
            </TextLine>
            <TextLine id="r1l69" custom="readingOrder {index:68;}">
                <Coords points="394,3227 1486,3271 1620,3259 1622,3201 396,3163"/>
                <Baseline points="409,3215 468,3217 528,3218 588,3219 648,3221 708,3222 767,3224 827,3225 887,3227 947,3228 1007,3230 1066,3232 1126,3234 1186,3235 1246,3237 1306,3240 1365,3241 1425,3243 1485,3246 1545,3248 1605,3250"/>
                <TextEquiv>
                    <Unicode>sich nicht erhoben. Er wollte uns mal „klassisch“ kommen und</Unicode>
                </TextEquiv>
            </TextLine>
            <TextLine id="r1l70" custom="readingOrder {index:69;}">
                <Coords points="1635,3265 2853,3296 2854,3244 1637,3213"/>
                <Baseline points="1650,3256 1709,3256 1768,3257 1828,3258 1887,3259 1947,3261 2006,3264 2065,3266 2125,3269 2184,3271 2244,3274 2303,3277 2362,3280 2422,3283 2481,3285 2541,3287 2600,3289 2659,3289 2719,3290 2778,3289 2838,3288"/>
                <TextEquiv>
                    <Unicode>schreien. Armes, befangenes P#</Unicode>
                </TextEquiv>
            </TextLine>
            <TextLine id="r1l71" custom="readingOrder {index:70;}">
                <Coords points="397,3273 1145,3307 1207,3272 1544,3316 1620,3297 1622,3239 398,3224"/>
                <Baseline points="414,3263 473,3265 533,3266 592,3267 652,3268 711,3270 771,3271 830,3273 890,3274 949,3276 1009,3277 1069,3279 1128,3281 1188,3283 1247,3285 1307,3287 1366,3289 1426,3292 1485,3294 1545,3296 1605,3299"/>
                <TextEquiv>
                    <Unicode>schrieb eine deutsche „Madame Bovary“ aber er blieb elend</Unicode>
                </TextEquiv>
            </TextLine>
            <TextLine id="r1l72" custom="readingOrder {index:71;}">
                <Coords points="1627,3310 2852,3364 2854,3303 1628,3264"/>
                <Baseline points="1641,3302 1700,3303 1760,3305 1820,3307 1880,3309 1940,3311 2000,3314 2059,3316 2119,3318 2179,3321 2239,3324 2299,3326 2359,3329 2419,3331 2478,3333 2538,3336 2598,3337 2658,3338 2718,3340 2778,3341 2838,3341"/>
                <TextEquiv>
                    <Unicode>terleitungen! Nicht nur Schund=, auch Schandliteratur ist es,</Unicode>
                </TextEquiv>
            </TextLine>
            <TextLine id="r1l73" custom="readingOrder {index:72;}">
                <Coords points="397,3315 1599,3346 1600,3306 1382,3290 398,3275"/>
                <Baseline points="414,3306 472,3309 531,3312 589,3314 648,3317 706,3319 765,3321 823,3324 882,3326 940,3328 999,3330 1058,3331 1116,3333 1175,3335 1233,3337 1292,3338 1350,3340 1409,3342 1467,3343 1526,3345 1585,3347"/>
                <TextEquiv>
                    <Unicode>in der „Liebelei“ stecken und langweilte alle, die das „Original“</Unicode>
                </TextEquiv>
            </TextLine>
            <TextLine id="r1l74" custom="readingOrder {index:73;}">
                <Coords points="1630,3356 2841,3404 2843,3343 1632,3310"/>
                <Baseline points="1645,3350 1704,3352 1763,3354 1822,3356 1881,3359 1940,3361 1999,3364 2058,3366 2117,3369 2176,3371 2235,3374 2294,3376 2353,3379 2412,3381 2471,3383 2530,3385 2589,3386 2648,3388 2707,3389 2766,3389 2826,3390"/>
                <TextEquiv>
                    <Unicode>was Herr Schnitzler bietet. Ein Buch wie „Reigen“ gehört</Unicode>
                </TextEquiv>
            </TextLine>
            <TextLine id="r1l75" custom="readingOrder {index:74;}">
                <Coords points="387,3379 1604,3411 1539,3354 389,3324"/>
                <Baseline points="404,3354 463,3357 522,3359 581,3362 641,3365 700,3367 759,3369 818,3371 878,3373 937,3375 996,3377 1055,3379 1115,3381 1174,3383 1233,3384 1292,3386 1352,3388 1411,3390 1470,3392 1529,3394 1589,3397"/>
                <TextEquiv>
                    <Unicode>Flauberts kennen. Seine Stärke ist seine Frivolität. Nur,</Unicode>
                </TextEquiv>
            </TextLine>
            <TextLine id="r1l76" custom="readingOrder {index:75;}">
                <Coords points="1621,3403 2789,3460 2846,3404 1623,3360"/>
                <Baseline points="1638,3403 1697,3404 1757,3405 1816,3407 1876,3408 1936,3410 1995,3412 2055,3414 2114,3416 2174,3418 2234,3420 2293,3422 2353,3425 2412,3427 2472,3429 2532,3431 2591,3433 2651,3434 2710,3436 2770,3438 2830,3439"/>
                <TextEquiv>
                    <Unicode>heute noch polizeilich verboten. In allen seinen Werken tritt</Unicode>
                </TextEquiv>
            </TextLine>
            <TextLine id="r1l77" custom="readingOrder {index:76;}">
                <Coords points="395,3404 1620,3471 1622,3401 396,3364"/>
                <Baseline points="410,3404 469,3407 529,3411 589,3414 648,3416 708,3419 768,3421 827,3423 887,3425 947,3427 1007,3429 1066,3430 1126,3432 1186,3434 1245,3436 1305,3438 1365,3440 1424,3442 1484,3445 1544,3447 1604,3450"/>
                <TextEquiv>
                    <Unicode>wo er jeder guten Sitte ins Gesicht schlagen kann, offen</Unicode>
                </TextEquiv>
            </TextLine>
            <TextLine id="r1l78" custom="readingOrder {index:77;}">
                <Coords points="1609,3460 2801,3507 2846,3448 1610,3420"/>
                <Baseline points="1626,3451 1686,3453 1746,3455 1806,3457 1866,3459 1926,3461 1986,3463 2047,3465 2107,3467 2167,3469 2227,3471 2287,3473 2347,3475 2407,3476 2468,3478 2528,3480 2588,3482 2648,3484 2708,3486 2768,3488 2829,3491"/>
                <TextEquiv>
                    <Unicode>dieser „Dichter“ das menschliche unter die Füße der seruellen</Unicode>
                </TextEquiv>
            </TextLine>
            <TextLine id="r1l79" custom="readingOrder {index:78;}">
                <Coords points="382,3475 2849,3556 2851,3489 384,3414"/>
                <Baseline points="399,3464 520,3469 642,3474 764,3478 885,3482 1007,3487 1129,3491 1250,3495 1372,3499 1494,3503 1616,3507 1737,3510 1859,3514 1981,3518 2102,3522 2224,3525 2346,3530 2467,3534 2589,3538 2711,3542 2833,3547"/>
                <TextEquiv>
                    <Unicode>das sagen, was andere anzudeuten zu anständig sind, wo! Brunst; ein Gestank geht von allen diesen Figuren aus, ein</Unicode>
                </TextEquiv>
            </TextLine>
            <TextLine id="r1l80" custom="readingOrder {index:79;}">
                <Coords points="2300,4325 2334,4331 2355,4316 2377,4331 2401,4318 2419,4324 2443,4315 2453,4324 2489,4327 2489,4266 2462,4266 2431,4242 2419,4251 2388,4227 2364,4236 2346,4230 2300,4234"/>
                <Baseline points="2315,4299 2341,4299 2367,4298 2394,4298 2420,4298 2446,4298 2473,4299"/>
                <TextEquiv>
                    <Unicode>——</Unicode>
                </TextEquiv>
            </TextLine>
            <TextLine id="r1l81" custom="readingOrder {index:80;}">
                <Coords points="2610,4325 2677,4328 2704,4316 2725,4331 2744,4319 2771,4331 2789,4318 2841,4334 2887,4315 2932,4318 2932,4279 2905,4279 2856,4251 2792,4273 2768,4255 2759,4264 2737,4249 2719,4258 2698,4240 2610,4252"/>
                <Baseline points="2626,4303 2652,4302 2678,4301 2705,4301 2731,4300 2758,4300 2784,4300 2811,4300 2837,4301 2864,4301 2890,4301 2917,4302"/>
                <TextEquiv>
                    <Unicode>—</Unicode>
                </TextEquiv>
            </TextLine>
            <TextEquiv>
                <Unicode>UU
24. Das „ite Land box 29/2
Klose &amp; Seidel
Bureau für Zeitungsausschnitte.
Jerlin NO.43, Szorgenkirchplatz 211
(Liest die meisten Zeitungen und ist das
bestorganisterfeste Bareau Deutschlands.)
ng
Ort:
Btüttgert—
Datum:
TUNAIOD
—
*
er uns verbuhlte, vertrottelte, zerfressene und verkommene Fi¬
Königliches Hoftheater.
guren aus der Wiener Lebewelt vorführen kann, da stellt
er seinen Mann. „Psychologie“ existiert für diesen Herrn
* Stuttgart, 19. Mai. Wenn der Mensch fünfzig Jahre
Schnitzler nur unter dem Gesichtspunkt der Sexualbrunst; wenn
alt wirdz erfährt man allerhand neues von ihm. So wurde
seine Männer und Frauen sich nicht verbuhlen können, kann er
uns kund und zu wissen, daß ein gewisser Herr Arthur Schnitzler
kein „Seelengemälde“ erstellen. Er lebt nur, wenn er die
aus Wien ein Dichter sei, denn, so hieß es, die deutschen
Ehe bricht, oder wenn seine Helden und Heldinnen in per¬
Theaterleitungen seien übereingekommen, die 50. Geburtstage
verser Lust excedieren; ihm ist die Frau lediglich „Geschlecht",
der deutschen Dichter durch Aufführung eines ihrer Werke
um das sich alles dreht. Auch im „weiten Land“ läßt er
zu feiern. Also führte man gestern das „weite Land“ von
seinen Helden sagen: „um euch (Frauen) dreht sich alles,
Schnitzler auf und der Wiener Autor wurde dadurch offiziell
ob wir Sinfonien schreiben und Dichterwerke, oder Kunstwerke
zum Dichter. Die heutige Zeit ist verschwenderisch mit Titeln
schaffen, ihr seid doch die Hauptsache“. Und das ist die künstle¬
und Ehrenzeichen; so muß man es schließlich auch ertragen,
rische und moralische Weltanschauung Schnitzlers. Das Weib
wenn die Theaterleitungen einen ihrer Lieblinge zum Dichter
ist ihm Motiv. Aber notabene: nur das „illegitime“, immer
erheben. In Wahrheit ist Herr Schnitzler nämlich kein Dich¬
das Weib oder die Geliebte der andern, auch nicht das nor¬
ter, sondern nur ein Bühnenschriftsteller und Essayist, 50%
male Weib, sondern die ächte oder verhüllte Courtisane, die
niedriger, wie etwa Hermann Sudermann; höchstens zu ran¬
Geschiedene, die Ehebrecherin, die befleckte Jungfrau — an¬
gieren mit Hermann Bahr oder Oskar Blumenthal, aber
ständige Frauen und Mädchen gibts in der Schnitzler'schen
für feinere Nerven erheblich unangenehmer, wie die genannten.
Gestalten=Welt nicht. Alles ist zerfressen, brünstig, liebestoll,
* Es gibt in der neuen Wiener Schule keinen Autor, der einem
ehebrecherisch, trugvoll, gemein. Die Männer sind gehörnt
so auf die Nerven fällt, wie dieser Herr Schnitzler mit seinem
oder hörnen andere, wieder andere sind pervers, lieben ihre
beispiellosen Cynismus und seiner Unfähigkeit, von den Speziali¬
Frauen, weil sie die Ehe brechen oder sehen brünstig zu,
täten der Wiener Sexual=Verlotterung aufs allgemein mensch¬
wie die Frauen aus einer Hand in die andere wandern.
liche zu kommen. Diesem Herrn Schnitzler wird alles zur
Herr Schnitzler war ehedem Mediziner und so mag er wohl
„Liebelei“. Ueber die „Anatols“ und „Christinen“ kommt er
aus der Literatur der Grenzfälle des Sexual=Pathologischen
nicht hinaus, auch wenn diese in „militärischer“ oder
allerhand Typen kennen gelernt haben. Die führt er uns
„bourgeoiser“ Verpackung einhergehen. Seine „Liebelei“ hat
nun vor und das gute Publikum muß dazu auf Veranlassung
ihn „berühmt“ gemacht, aber über diese Berühmtheit hat er
der Bühnenleitungen an des „Dichters“ 50. Geburtstag Hurra
sich nicht erhoben. Er wollte uns mal „klassisch“ kommen und
schreien. Armes, befangenes P#
schrieb eine deutsche „Madame Bovary“ aber er blieb elend
terleitungen! Nicht nur Schund=, auch Schandliteratur ist es,
in der „Liebelei“ stecken und langweilte alle, die das „Original“
was Herr Schnitzler bietet. Ein Buch wie „Reigen“ gehört
Flauberts kennen. Seine Stärke ist seine Frivolität. Nur,
heute noch polizeilich verboten. In allen seinen Werken tritt
wo er jeder guten Sitte ins Gesicht schlagen kann, offen
dieser „Dichter“ das menschliche unter die Füße der seruellen
das sagen, was andere anzudeuten zu anständig sind, wo! Brunst; ein Gestank geht von allen diesen Figuren aus, ein
——
—</Unicode>
            </TextEquiv>
        </TextRegion>
        <TextRegion orientation="0.0" id="r2" custom="readingOrder {index:1;}">
            <Coords points="2850,1800 2850,3576 3216,3576 3216,1800"/>
            <TextLine id="r2l1" custom="readingOrder {index:0;}">
                <Coords points="2990,1839 3036,1834 3063,1847 3087,1836 3127,1843 3158,1832 3185,1835 3194,1845 3230,1843 3232,1782 3177,1799 3159,1780 3108,1763 3092,1763 3080,1775 3044,1755 2992,1769"/>
                <Baseline points="3006,1823 3032,1826 3058,1828 3084,1830 3111,1830 3137,1831 3163,1831 3189,1830 3216,1829"/>
                <TextEquiv>
                    <Unicode>irverraseer¬</Unicode>
                </TextEquiv>
            </TextLine>
            <TextLine id="r2l2" custom="readingOrder {index:1;}">
                <Coords points="2905,1938 3015,1936 3066,1948 3085,1930 3115,1946 3173,1936 3228,1948 3229,1899 3126,1886 3086,1903 3053,1883 2907,1881"/>
                <Baseline points="2922,1925 2948,1925 2975,1926 3001,1927 3028,1929 3054,1931 3081,1931 3107,1933 3134,1934 3160,1934 3187,1934 3214,1933"/>
                <TextEquiv>
                    <Unicode>Gestank, der d</Unicode>
                </TextEquiv>
            </TextLine>
            <TextLine id="r2l3" custom="readingOrder {index:2;}">
                <Coords points="2903,1983 2973,1982 3015,2002 3049,1985 3088,2001 3116,1983 3128,1996 3155,1988 3228,2002 3230,1947 3169,1936 3092,1955 3044,1939 2904,1938"/>
                <Baseline points="2918,1975 2944,1975 2971,1975 2998,1976 3025,1976 3052,1977 3079,1978 3106,1979 3133,1980 3160,1981 3187,1982 3214,1982"/>
                <TextEquiv>
                    <Unicode>sie ihren Schü</Unicode>
                </TextEquiv>
            </TextLine>
            <TextLine id="r2l4" custom="readingOrder {index:3;}">
                <Coords points="2899,2033 2966,2042 3009,2032 3124,2049 3167,2041 3224,2053 3227,2001 3044,1987 3016,2002 2987,1985 2901,1984"/>
                <Baseline points="2916,2022 2942,2023 2969,2024 2996,2025 3022,2026 3049,2027 3076,2028 3103,2030 3129,2031 3156,2032 3183,2033 3210,2034"/>
                <TextEquiv>
                    <Unicode>Wie alle halbg</Unicode>
                </TextEquiv>
            </TextLine>
            <TextLine id="r2l5" custom="readingOrder {index:4;}">
                <Coords points="2902,2084 3009,2090 3024,2082 3091,2093 3103,2084 3191,2108 3206,2094 3228,2094 3229,2046 3138,2040 3126,2048 3102,2035 3025,2042 3010,2032 2958,2040 2904,2029"/>
                <Baseline points="2918,2073 2944,2073 2971,2073 2998,2073 3025,2074 3052,2074 3079,2075 3106,2077 3133,2078 3160,2079 3187,2081 3214,2083"/>
                <TextEquiv>
                    <Unicode>treter des aller</Unicode>
                </TextEquiv>
            </TextLine>
            <TextLine id="r2l6" custom="readingOrder {index:5;}">
                <Coords points="2899,2126 2953,2143 2968,2132 3030,2125 3077,2154 3117,2140 3163,2142 3203,2122 3205,2092 3071,2090 3034,2079 2900,2083"/>
                <Baseline points="2913,2122 2938,2122 2963,2122 2988,2122 3013,2123 3038,2123 3063,2125 3088,2126 3113,2127 3138,2129 3163,2130 3189,2132"/>
                <TextEquiv>
                    <Unicode>Alles ist ihm</Unicode>
                </TextEquiv>
            </TextLine>
            <TextLine id="r2l7" custom="readingOrder {index:6;}">
                <Coords points="2895,2187 2944,2179 3008,2193 3096,2180 3120,2193 3187,2195 3227,2184 3228,2141 3116,2138 3079,2156 3034,2127 2921,2133 2897,2123"/>
                <Baseline points="2912,2174 2937,2173 2962,2173 2987,2173 3012,2174 3037,2175 3062,2176 3087,2177 3112,2178 3137,2179 3162,2179 3187,2179 3212,2179"/>
                <TextEquiv>
                    <Unicode>zerfließt, nichts</Unicode>
                </TextEquiv>
            </TextLine>
            <TextLine id="r2l8" custom="readingOrder {index:7;}">
                <Coords points="2893,2223 2990,2236 3033,2226 3051,2242 3091,2235 3118,2248 3173,2229 3188,2245 3219,2241 3220,2204 3175,2190 3133,2188 3114,2199 3096,2180 3041,2190 2895,2186"/>
                <Baseline points="2909,2222 2935,2221 2962,2221 2989,2222 3015,2223 3042,2225 3069,2226 3096,2228 3122,2229 3149,2231 3176,2232 3203,2232"/>
                <TextEquiv>
                    <Unicode>unter Genuß v##</Unicode>
                </TextEquiv>
            </TextLine>
            <TextLine id="r2l9" custom="readingOrder {index:8;}">
                <Coords points="2894,2281 3067,2295 3083,2280 3149,2304 3177,2286 3219,2302 3221,2245 3172,2234 3053,2243 3014,2230 2995,2238 2895,2223"/>
                <Baseline points="2909,2272 2935,2271 2962,2271 2989,2272 3015,2273 3042,2274 3069,2275 3096,2276 3122,2277 3149,2278 3176,2277 3203,2277"/>
                <TextEquiv>
                    <Unicode>pflücken, wo sie</Unicode>
                </TextEquiv>
            </TextLine>
            <TextLine id="r2l10" custom="readingOrder {index:9;}">
                <Coords points="2888,2333 2952,2328 2976,2341 3025,2324 3064,2340 3126,2329 3217,2340 3217,2300 3169,2299 3145,2281 3011,2290 2889,2281"/>
                <Baseline points="2904,2316 2931,2318 2958,2319 2985,2319 3012,2320 3039,2320 3066,2321 3093,2321 3120,2321 3147,2322 3174,2323 3202,2325"/>
                <TextEquiv>
                    <Unicode>wo es geht —:</Unicode>
                </TextEquiv>
            </TextLine>
            <TextLine id="r2l11" custom="readingOrder {index:10;}">
                <Coords points="2886,2365 2950,2383 2977,2378 2992,2391 3023,2376 3044,2386 3087,2379 3129,2396 3151,2384 3223,2396 3225,2335 3192,2346 3180,2333 3125,2328 2963,2341 2952,2328 2888,2329"/>
                <Baseline points="2902,2365 2927,2367 2953,2369 2979,2370 3004,2371 3030,2372 3056,2374 3081,2375 3107,2376 3133,2376 3158,2376 3184,2376 3210,2376"/>
                <TextEquiv>
                    <Unicode>Das ist Philo</Unicode>
                </TextEquiv>
            </TextLine>
            <TextLine id="r2l12" custom="readingOrder {index:11;}">
                <Coords points="2884,2427 2968,2443 2990,2426 3115,2437 3130,2425 3166,2442 3227,2445 3230,2387 3150,2384 3123,2395 3096,2381 3041,2385 3005,2365 2962,2382 2886,2366"/>
                <Baseline points="2898,2413 2924,2414 2950,2415 2977,2416 3003,2417 3029,2418 3056,2419 3082,2420 3108,2421 3135,2423 3161,2424 3187,2425 3214,2426"/>
                <TextEquiv>
                    <Unicode>oder in der Bl#</Unicode>
                </TextEquiv>
            </TextLine>
            <TextLine id="r2l13" custom="readingOrder {index:12;}">
                <Coords points="2949,2477 3038,2476 3080,2490 3095,2481 3110,2488 3126,2476 3153,2495 3181,2478 3205,2482 3206,2442 3170,2444 3146,2428 3127,2446 3091,2429 3012,2427 2975,2444 2951,2440"/>
                <Baseline points="2965,2471 2990,2469 3015,2469 3040,2469 3065,2471 3090,2472 3115,2474 3140,2475 3165,2475 3191,2473"/>
                <TextEquiv>
                    <Unicode>glaubt, so</Unicode>
                </TextEquiv>
            </TextLine>
            <TextLine id="r2l14" custom="readingOrder {index:13;}">
                <Coords points="2880,2532 2935,2525 2947,2535 2975,2524 2987,2537 2999,2525 3039,2533 3051,2521 3081,2535 3215,2531 3217,2485 2883,2471"/>
                <Baseline points="2896,2512 2921,2513 2946,2515 2972,2516 2997,2518 3023,2519 3048,2520 3073,2521 3099,2522 3124,2523 3150,2523 3175,2524 3201,2524"/>
                <TextEquiv>
                    <Unicode>buhlten und ver</Unicode>
                </TextEquiv>
            </TextLine>
            <TextLine id="r2l15" custom="readingOrder {index:14;}">
                <Coords points="2883,2568 2950,2571 2958,2581 2995,2573 3205,2585 3207,2533 2885,2523"/>
                <Baseline points="2897,2561 2923,2561 2950,2562 2976,2564 3003,2565 3030,2567 3056,2568 3083,2570 3110,2570 3136,2571 3163,2571 3190,2571"/>
                <TextEquiv>
                    <Unicode>erlebte, so i</Unicode>
                </TextEquiv>
            </TextLine>
            <TextLine id="r2l16" custom="readingOrder {index:15;}">
                <Coords points="2874,2614 2946,2630 3001,2619 3068,2629 3090,2614 3108,2633 3217,2635 3218,2586 3148,2591 3109,2575 3035,2583 3005,2567 2966,2579 2874,2568"/>
                <Baseline points="2889,2615 2915,2615 2941,2615 2967,2616 2993,2617 3019,2618 3045,2619 3071,2620 3097,2620 3123,2621 3149,2620 3175,2619 3201,2616"/>
                <TextEquiv>
                    <Unicode>Welt der Arb</Unicode>
                </TextEquiv>
            </TextLine>
            <TextLine id="r2l17" custom="readingOrder {index:16;}">
                <Coords points="2883,2672 2938,2670 2980,2687 3062,2674 3098,2697 3123,2676 3214,2691 3216,2633 3112,2630 3088,2617 3073,2629 2884,2620"/>
                <Baseline points="2897,2661 2922,2662 2947,2663 2972,2665 2997,2665 3022,2666 3048,2667 3073,2667 3098,2668 3123,2669 3148,2669 3173,2670 3199,2670"/>
                <TextEquiv>
                    <Unicode>Rechtschaffenheit</Unicode>
                </TextEquiv>
            </TextLine>
            <TextLine id="r2l18" custom="readingOrder {index:17;}">
                <Coords points="2875,2722 2978,2712 3023,2731 3091,2720 3118,2745 3139,2727 3188,2735 3225,2723 3226,2678 3049,2674 2988,2678 2976,2690 2949,2671 2876,2667"/>
                <Baseline points="2889,2712 2915,2713 2942,2714 2968,2714 2995,2715 3021,2716 3048,2717 3075,2717 3101,2718 3128,2718 3154,2718 3181,2719 3208,2719"/>
                <TextEquiv>
                    <Unicode>das weiß Herr</Unicode>
                </TextEquiv>
            </TextLine>
            <TextLine id="r2l19" custom="readingOrder {index:18;}">
                <Coords points="2873,2769 3022,2771 3073,2794 3095,2774 3177,2789 3217,2778 3219,2723 2874,2723"/>
                <Baseline points="2889,2760 2915,2760 2941,2761 2967,2762 2993,2762 3019,2764 3045,2765 3071,2767 3097,2768 3123,2768 3149,2769 3175,2769 3202,2769"/>
                <TextEquiv>
                    <Unicode>nicht wissen, den</Unicode>
                </TextEquiv>
            </TextLine>
            <TextLine id="r2l20" custom="readingOrder {index:19;}">
                <Coords points="2866,2828 2933,2818 2976,2828 3003,2813 3092,2816 3134,2838 3177,2818 3207,2834 3208,2779 3035,2784 2992,2767 2949,2779 2867,2771"/>
                <Baseline points="2882,2809 2907,2809 2933,2809 2959,2809 2985,2809 3010,2809 3036,2810 3062,2810 3088,2811 3113,2812 3139,2814 3165,2815 3191,2818"/>
                <TextEquiv>
                    <Unicode>Land“ — der</Unicode>
                </TextEquiv>
            </TextLine>
            <TextLine id="r2l21" custom="readingOrder {index:20;}">
                <Coords points="2861,2871 2919,2864 2943,2878 3005,2865 3050,2870 3071,2886 3123,2870 3217,2876 3219,2831 3113,2830 3095,2817 3034,2814 2887,2833 2863,2826"/>
                <Baseline points="2876,2857 2901,2857 2926,2857 2951,2858 2976,2859 3001,2860 3026,2861 3052,2863 3077,2864 3102,2865 3127,2866 3152,2867 3177,2867 3203,2868"/>
                <TextEquiv>
                    <Unicode>und Kräfte abzu</Unicode>
                </TextEquiv>
            </TextLine>
            <TextLine id="r2l22" custom="readingOrder {index:21;}">
                <Coords points="2871,2919 2929,2912 2937,2921 2980,2917 2995,2930 3023,2919 3065,2930 3078,2918 3211,2930 3213,2878 2873,2870"/>
                <Baseline points="2885,2903 2911,2905 2937,2907 2963,2908 2989,2910 3015,2911 3041,2912 3067,2912 3093,2913 3119,2914 3145,2915 3171,2916 3197,2918"/>
                <TextEquiv>
                    <Unicode>Genießen von F</Unicode>
                </TextEquiv>
            </TextLine>
            <TextLine id="r2l23" custom="readingOrder {index:22;}">
                <Coords points="2870,2951 2918,2971 3034,2969 3073,2980 3095,2971 3113,2984 3162,2971 3201,2975 3203,2930 3175,2935 3149,2921 3079,2916 2987,2925 2969,2915 2872,2914"/>
                <Baseline points="2886,2951 2913,2954 2940,2957 2967,2959 2994,2960 3021,2962 3049,2962 3076,2963 3103,2963 3130,2963 3157,2964 3185,2964"/>
                <TextEquiv>
                    <Unicode>Schlagschatten d</Unicode>
                </TextEquiv>
            </TextLine>
            <TextLine id="r2l24" custom="readingOrder {index:23;}">
                <Coords points="2866,3002 2932,3021 2951,3015 2959,3025 2975,3016 3001,3039 3051,3029 3066,3017 3109,3016 3111,2974 2910,2971 2884,2948 2868,2948"/>
                <Baseline points="2882,2999 2908,3002 2935,3004 2961,3006 2988,3006 3015,3008 3041,3008 3068,3009 3095,3010"/>
                <TextEquiv>
                    <Unicode>definieren -</Unicode>
                </TextEquiv>
            </TextLine>
            <TextLine id="r2l25" custom="readingOrder {index:24;}">
                <Coords points="2863,3071 2907,3058 2955,3072 2995,3055 3089,3080 3147,3066 3207,3075 3209,3023 3154,3027 3109,3013 2960,3023 2866,3001"/>
                <Baseline points="2879,3056 2905,3055 2931,3054 2957,3054 2983,3055 3009,3055 3036,3056 3062,3058 3088,3059 3114,3061 3140,3062 3166,3064 3193,3066"/>
                <TextEquiv>
                    <Unicode>sein —; da ist</Unicode>
                </TextEquiv>
            </TextLine>
            <TextLine id="r2l26" custom="readingOrder {index:25;}">
                <Coords points="2862,3120 2893,3109 2992,3125 3127,3115 3220,3138 3223,3061 3098,3078 3026,3056 2940,3071 2904,3058 2864,3071"/>
                <Baseline points="2878,3103 2903,3103 2928,3103 2953,3104 2978,3106 3003,3108 3028,3109 3054,3110 3079,3112 3104,3113 3129,3114 3154,3114 3179,3113 3205,3111"/>
                <TextEquiv>
                    <Unicode>Wendungen, mit</Unicode>
                </TextEquiv>
            </TextLine>
            <TextLine id="r2l27" custom="readingOrder {index:26;}">
                <Coords points="2857,3163 3183,3169 3216,3189 3218,3112 3111,3122 2893,3109 2859,3123"/>
                <Baseline points="2874,3150 2899,3151 2924,3151 2949,3152 2974,3153 3000,3153 3025,3154 3050,3155 3075,3156 3101,3157 3126,3157 3151,3158 3176,3159 3202,3159"/>
                <TextEquiv>
                    <Unicode>Herde von feilen</Unicode>
                </TextEquiv>
            </TextLine>
            <TextLine id="r2l28" custom="readingOrder {index:27;}">
                <Coords points="2857,3216 2891,3205 2939,3207 2966,3223 2982,3211 3131,3216 3213,3234 3215,3173 3196,3169 2859,3161"/>
                <Baseline points="2874,3199 2900,3201 2927,3201 2954,3202 2981,3203 3008,3204 3035,3205 3062,3205 3089,3206 3116,3207 3143,3208 3170,3209 3197,3211"/>
                <TextEquiv>
                    <Unicode>Don Juans nicht</Unicode>
                </TextEquiv>
            </TextLine>
            <TextLine id="r2l29" custom="readingOrder {index:28;}">
                <Coords points="2854,3268 2933,3257 3021,3263 3033,3275 3055,3258 3122,3275 3161,3263 3180,3270 3210,3259 3212,3210 3150,3224 2998,3210 2962,3219 2941,3206 2855,3225"/>
                <Baseline points="2869,3252 2894,3251 2919,3251 2944,3250 2969,3250 2994,3251 3019,3251 3044,3252 3069,3253 3094,3254 3119,3255 3144,3257 3169,3258 3194,3259"/>
                <TextEquiv>
                    <Unicode>„Welt“inter</Unicode>
                </TextEquiv>
            </TextLine>
            <TextLine id="r2l30" custom="readingOrder {index:29;}">
                <Coords points="2855,3310 2928,3306 2952,3316 2974,3301 2998,3320 3007,3311 3062,3322 3138,3312 3199,3329 3200,3268 3151,3279 3124,3263 3075,3271 3064,3258 2856,3267"/>
                <Baseline points="2871,3300 2897,3299 2923,3300 2949,3301 2975,3302 3001,3303 3028,3304 3054,3305 3080,3306 3106,3307 3132,3307 3158,3307 3185,3306"/>
                <TextEquiv>
                    <Unicode>welt in jeder 2#</Unicode>
                </TextEquiv>
            </TextLine>
            <TextLine id="r2l31" custom="readingOrder {index:30;}">
                <Coords points="2861,3362 3192,3365 3194,3316 3157,3309 3124,3323 3106,3310 3029,3321 2975,3304 2862,3301"/>
                <Baseline points="2877,3349 2902,3349 2927,3349 2952,3349 2977,3350 3002,3352 3028,3353 3053,3353 3078,3355 3103,3355 3128,3355 3153,3355 3179,3354"/>
                <TextEquiv>
                    <Unicode>sozialen. Man</Unicode>
                </TextEquiv>
            </TextLine>
            <TextLine id="r2l32" custom="readingOrder {index:31;}">
                <Coords points="2857,3411 2900,3400 2921,3410 2946,3396 2973,3416 2991,3407 3021,3418 3210,3413 3212,3371 2859,3356"/>
                <Baseline points="2873,3394 2899,3394 2926,3394 2953,3396 2980,3397 3007,3398 3034,3399 3060,3400 3087,3402 3114,3403 3141,3404 3168,3405 3195,3405"/>
                <TextEquiv>
                    <Unicode>um in Herrn Sch</Unicode>
                </TextEquiv>
            </TextLine>
            <TextLine id="r2l33" custom="readingOrder {index:32;}">
                <Coords points="2855,3456 2995,3455 3013,3465 3044,3453 3076,3470 3132,3460 3201,3468 3203,3414 2963,3411 2945,3395 2933,3407 2857,3401"/>
                <Baseline points="2870,3439 2896,3441 2922,3444 2949,3444 2975,3446 3001,3447 3028,3447 3054,3448 3080,3449 3107,3450 3133,3450 3159,3451 3186,3452"/>
                <TextEquiv>
                    <Unicode>Leistung besteht</Unicode>
                </TextEquiv>
            </TextLine>
            <TextLine id="r2l34" custom="readingOrder {index:33;}">
                <Coords points="2841,3519 2897,3500 2960,3515 3043,3503 3070,3516 3083,3504 3119,3518 3195,3515 3197,3466 3075,3471 3048,3454 2844,3452"/>
                <Baseline points="2858,3497 2884,3495 2911,3494 2938,3495 2965,3496 2992,3497 3019,3499 3046,3501 3073,3503 3100,3504 3127,3505 3154,3505 3181,3504"/>
                <TextEquiv>
                    <Unicode>„Liebelei“; aber</Unicode>
                </TextEquiv>
            </TextLine>
            <TextLine id="r2l35" custom="readingOrder {index:34;}">
                <Coords points="2836,3544 2962,3571 2994,3555 3020,3569 3122,3557 3205,3584 3210,3524 3143,3510 3124,3521 3089,3503 3070,3517 3043,3503 2960,3513 2839,3495"/>
                <Baseline points="2850,3543 2876,3544 2902,3545 2928,3547 2955,3549 2981,3551 3007,3552 3034,3555 3060,3556 3086,3558 3113,3561 3139,3562 3165,3563 3192,3565"/>
                <TextEquiv>
                    <Unicode>rischer Wert zu,</Unicode>
                </TextEquiv>
            </TextLine>
            <TextEquiv>
                <Unicode>irverraseer¬
Gestank, der d
sie ihren Schü
Wie alle halbg
treter des aller
Alles ist ihm
zerfließt, nichts
unter Genuß v##
pflücken, wo sie
wo es geht —:
Das ist Philo
oder in der Bl#
glaubt, so
buhlten und ver
erlebte, so i
Welt der Arb
Rechtschaffenheit
das weiß Herr
nicht wissen, den
Land“ — der
und Kräfte abzu
Genießen von F
Schlagschatten d
definieren -
sein —; da ist
Wendungen, mit
Herde von feilen
Don Juans nicht
„Welt“inter
welt in jeder 2#
sozialen. Man
um in Herrn Sch
Leistung besteht
„Liebelei“; aber
rischer Wert zu,</Unicode>
            </TextEquiv>
        </TextRegion>
    </Page>
</PcGts>
