3344 4608
130 171 1107 292 24. Das veite Land
1203 1389 1350 1449 —
396 1394 1144 1560 Feuilleton.
548 1568 1244 1680 Berliner Cheaterbrief.
837 1646 955 1709 Von
667 1699 1119 1797 Hermann Kienzl.
436 1770 1413 1866 Von den dreizehn Paten, die Artur Schnitz¬
357 1843 1409 1898 lers Tragikomödie Das weite Land am 14. Ok¬
358 1881 1419 1938 tober aus der Feuertaufe hoben, war einer das Berliner
356 1932 1422 2013 Lessing=Theater. Ob der äußere Erfolg etwa in einer
357 1992 1425 2046 anderen Stadt größer gewesen — die Bühne Otto
365 2038 1420 2098 Brahms hatte einen ihrer ganz großen Tage. Diese
370 2080 1421 2152 Feinheit, Abgestimmtheit und Verschlungenheit des Zu¬
369 2131 1436 2199 sammenspiels kann nicht übertroffen werden. Am Wiener
370 2183 1432 2260 Burgtheater g. B. ahnt man nichts von der Voll¬
364 2239 1425 2297 kommenheit eines solchen Ensembies, von der stillen
366 2285 1423 2350 Innerlichkeit und unbeirrbaren Natürsichkeit eines Stils,
356 2332 1433 2401 dem jeder theatralische Makei, ja fast schon der Wunsch
366 2389 1426 2447 nach lauter Resonanz im Publikum genommen zu sein
372 2438 1434 2516 scheint. Hinter der jüngsten Großtat des Lessing=Thea¬
372 2486 1439 2547 ters — sie erinnerte an glorreiche Zeiten! — schlich die
364 2537 1430 2595 Sorge: Wenn es wahr werden sollte, daß Dr. Brahm
376 2583 1427 2655 im Jahre 1914 sein Werk verläßt, so wird das Sprich¬
374 2647 1297 2708 wort lügen, daß kein Mensch unersetzlich sei.
462 2679 1426 2750 Warum gilt heute das erste Wort den Schauspielern?
371 2738 1435 2805 Weil es fast ein Wunder ist, wie sie, die dem Theater
375 2787 1435 2858 gehören, ein Stück, das seinem Wesen nach dem Thea¬
368 2837 1439 2895 tralischen so unendlich ferne ist, vor dem Theater be¬
379 2886 1434 2951 wahrten; weil die Reinheit ihrer nachempfindenden Kunst
372 2947 1436 2999 ein Dichterwerk gerettet hat, das für die Bühnen im
383 2986 1438 3057 allgemeinen verloren ist. Der Name Schnitzler oder
383 3034 1431 3092 einzelne starke Szenen mögen da oder dort einen Erfolg
383 3094 1435 3148 entschieden haben. Doch ich spreche nicht vom Beifall
384 3137 1435 3206 (der in Berlin maßvoll und einmütig war); ich spreche
379 3197 1007 3281 von der künstlerischen Rettung.
1251 150 1651 250 box 28/4
1495 1364 3248 1433 Ich liebe, ich bewundere sie, die unendlich zarte] Frau Genia scheint den Ehebruch zu#
2493 1418 3236 1482 Treue sie dem Manne entfremdet h
1425 1415 2489 1495 Hand Schnitzlers! Ihr ist, wie der Hand eines genialen
2488 1465 3249 1538 der Mann. Doch ihre Untreue erträg
1438 1480 2477 1538 Geburtshelfers (auch eines Künstiers unter Handwer¬
2489 1523 3244 1584 los=getreue Zyniker, nicht. Er schießt d
1426 1529 2481 1595 kern .....), eine feingliedrige Schlankheit und schonungs¬
2490 1566 3241 1632 rich, das Opfer fremder Herzenswir
1435 1569 2483 1638 volle Milde eigen. Diese Dichterhand dringt tastend in
2488 1615 3246 1678 Befreit ihn das gewalttätige Bekenntn
1430 1636 2487 1692 die verschlossenen Organe der Menschen ein, zu den
2492 1674 3256 1743 erst hat er sich ganz verloren und die
1425 1665 2491 1740 Geheimnissen inerster Wunden. Der Mensch weiß
2487 1721 2810 1794 Ein Bankerott.
1428 1732 2485 1788 nichts von sich selbst. „Sollte es Ihnen noch nicht
2574 1758 3247 1830 Man muß die Freunde, da ma
1433 1780 2487 1842 aufgefallen sein,“ sagt eine Person des Schauspiels,
2502 1816 3250 1877 Offenbarungsquelie des Lessing=Theaten
1430 1831 2483 1898 „was für komplizierte Subjekte wir Menschen im Grunde
2494 1866 3244 1939 auf das Buch verweisen. (Es ist bei
1430 1879 2481 1945 sind? So vieles hat zugleich Raum in uns! Wir ver¬
2496 1915 3249 1989 lin, erschienen.) Doch — auch die Fein
1428 1929 2487 1995 suchen wohl Ordnung in uns zu schaffen, so gut es
2498 1965 3250 2030 den Lesern wie unter den Zuschauern
1424 1971 2483 2055 geht, wir stellen Begriffe auf, geben Namen: Liebe
2499 2022 3251 2077 verwirrenden Fülle psychologischer Detai
1470 2030 2488 2110 — Haß — Eifersucht, aber diese Ordnung ist doch nur
2503 2073 3231 2128 trübenden Resultat gelangen: Exakt,
1427 2076 1832 2154 etwas Künstliches.“
2499 2113 3259 2176 matik ist diese Psychologie, die mit unbe
1522 2098 2492 2190 Die Reflexion, mit der Schnitzler seinem Schauspiel
2506 2165 3259 2228 arbeitet; allzu exakt, als daß sie für Leb
1436 2169 2498 2238 den Namen gibt („Die Seele ist ein weites Land,“ setzt
2494 2215 3253 2278 das immer unlogisch ist. Ersonnen aus
1440 2225 2479 2290 jener Dolmetsch noch hinzu), vergröbert schon den psy¬
2492 2258 3259 2344 nicht erlebt, ist das Schauspiel, ob e
1433 2277 2485 2339 chischen Naturalismus der Tichtung. Wie es an an¬
2494 2321 3254 2386 zelnen Teilen von Leben strotzt. Schnitzl
1442 2328 2497 2386 derer Stelle heißt: „Ich sagte es dir offen und deut¬
2499 2367 3260 2436 Hang war stärker als sein Herzschlag
1434 2344 2507 2451 lich, so deutlich, daß es beinahe schon wieder nicht
2509 2421 3262 2483 schwächer als die kunstvolle Auflösung
1431 2430 1924 2506 wahr geworden ist ....“
2498 2479 3239 2536 die Technik dieses Dramas, das die
1523 2470 2496 2537 Die deutlichste Nacherzählung der Schnitzlerschen
2500 2513 3262 2582 Wiener Westens in überaus zahlreichen
1441 2529 2483 2588 Tragikomödie wäre die unwahrste. Man muß sich an¬
2511 2565 3259 2629 Luxusweibchen, Hahnreie, Halbjungfrau
1434 2575 2491 2636 zudeuten begnügen, an welchen Exempein Schnitzler
2512 2616 3258 2681 steller, Sporttrotieln, Lebekünstler un
1451 2621 2501 2695 seine Einsicht bewährt, daß der Mensch, sofern er
2505 2668 3255 2734 zillenträger der Dekadenz alle heißen. Sie
1439 2676 2486 2738 nicht die glückliche Primitivität einer Kraftnatur besitzt,
2505 2716 3269 2790 nicht um ihrer selbst willen, doch dank den
1436 2724 2500 2786 weniger dem Willen seines Herzens als einem Willen
2507 2776 3266 2842 Sarkasmus ihres Dichters. In der Gen
1442 2775 2503 2836 der Triebe unterworfen ist. Volkstümlich gesagt: Die
2518 2819 3257 2895 chologischen Präparate erinnert Schni
1441 2820 2502 2890 Leichtbeweglichen handeln gegen ihren Willen. Ein
2508 2877 3275 2945 Nur — die Menschen Ibsens und ihr
1446 2877 2502 2944 Mann, eine Frau. Der Mann liebt nur diese Frau,
2511 2923 3102 2988 von anderer Wichtigkeit....
1438 2936 2493 2987 die Frau nur diesen Mann. Und müssen beide sich be¬
2596 2974 3269 3038 Die Meisterspieler einzeln zu nenn
1448 2979 2509 3036 trügen und zugrunde richten. An den Schemen körper¬
2514 3011 3275 3070 Gesamtheit den Ruhm entziehen. Do
1456 3031 2495 3090 licher Tugend glaubt weder er, noch eigentlich sie; doch
2521 3065 3271 3130 höheren Ansprüchen ihrer Rollen seien
1439 3073 2508 3136 sind sie nicht stark genug, das Gefühl gegen die Tücke
2509 3115 3260 3183 Irene Triesch (Genia), wundervoll
1445 3120 2491 3188 der Sinne stolz aufrecht zu halten. Sind es wirklich
1429 3156 3270 3249 nur die Sinne? as Wort fälscht wohl schon wieder, und leisen Distinktionen, Hilde Herte
