3344 4352
587 201 646 259 W
160 179 1140 303 24. Das veite Land
44 1263 1051 1368 haumweisthandels kunmehl nur brei nach dem
44 1365 1043 1452 ms. Er spielt in der Halle eines erstklassigen
44 1409 1043 1508 ptels am Völser Weiher in den Dolomiten.
44 1463 1048 1563 n buntes Leben und Treiben entwickelt sich
44 1515 1055 1613 er, eine Reihe origineller und ausgezeichnet
32 1554 1045 1652 obachteter Typen wird uns vorgeführt. Da
33 1608 1036 1695 hen wir außer dem schon erwähnten Dr. v.
36 1662 1047 1762 gner den herablassend freundlichen Portier
39 1715 1040 1814 bsenstock, den Schnitzler direkt vom Südbahn¬
32 1764 1038 1861 tel am Semmering auf die Bühne gestellt hat,
54 1814 1034 1900 1 boshaften Dichter Rhon, den affektierten
35 1858 1034 1954 stl, ###nas unähnlichen Bruder, den räsonie¬
26 1908 1035 1999 hden Preußen, der auf seine Wäsche warten
34 1961 1025 2053 uß u. s. w. Aber das alles hat mit der Hand¬
32 2005 1024 2092 ig oder, sagen wir, mit dem Thema des
32 2054 1025 2148 ückes wenig oder gar nichts zu tun, ist nur ein
33 2104 1011 2193 ungener Aufputz. Das große Publikum frei¬
28 2155 1025 2235 h, ermüdet durch die Anforderungen, welche
33 2215 1021 2291 anderen Teile des Spieles an seine Aufmerk¬
27 2257 1024 2338 ikeit und geistige Mitarbeit stellen, wird sich
32 2304 848 2380 sonders an diese Erfrischung halten.
26 2353 1014 2446 Die Aufführung einer so pointierten und ab¬
29 2403 1009 2476 könten Komödie bietet große Schwierigkeiten.
33 2457 1008 2543 selben Rätsel, die hier vorliegen, hat natür¬
45 2519 1005 2588 zunächst, und zwar viel präziser, der Dar¬
27 2556 1017 2642 ller zu lösen. Wie bei Ibsen, ist die Rede fast
24 2605 1008 2688 mer zweideutig oder es schwingt wenigstens
30 2662 1005 2737 leiser Unterton mit, den der Schauspieler
15 2706 1009 2788 ausfühlen und herauskriegen muß. Auch die
20 2750 1012 2823 guren selbst, die so sehr zur Karikatur reizen
10 2805 1007 2884 d so gar nicht karikiert werden dürfen, der
10 2851 1009 2937 kufige Zwang, dem gesunden Empfinden zu¬
17 2901 999 2988 der zu handeln, sind starke Hindernisse. Dem¬
16 2955 1007 3038 genüber muß anerkannt werden, daß es dem
15 3007 990 3086 ielleiter Schramm gelang, eine bei den ver¬
8 3048 1003 3136 hbaren Kräften überraschend gute Vorstellung
12 3101 1003 3184 stande zu bringen. Ihm selbst fiel die Haupt¬
4 3148 1000 3238 le des Hofreiter zu und er hat die doppelt
2 3196 1020 3289 were Aufgabe, uns glaubhaft zu machen, daß
1279 207 1726 311 box 29/2
1899 1253 2139 1332 — —.
2905 1274 3188 1396 —
1106 1338 3195 1450 diesem Vierziger noch alle Frauen auf den Leim ler eine „Tragikomödie“ geschrieben hat, d. h.
1105 1398 3189 1509 gehen und uns durch seine Chärmeurkünste mit wie es Hugo Wittmann einmal trefflich aus¬
1103 1438 3186 1536 seinen unsympathischen Handlungen zu ver= gedrückt hat: „Ein Musikstück, das in fröhlichem
1099 1484 3185 1576 söhnen, ausgezeichnet gelöst. Das Wiener Aristo= Rhythmus dahinhüpft, dessen Melodie aber aus
1106 1544 3190 1649 kratendeutsch liegt ihm trefflich (freilich sticht er Moll geht.“ Auf diesen Ton, der ja freilich un¬
1107 1588 2129 1677 dadurch von den anderen Darstellern zu sehr
2139 1616 3200 1696 gewohnt klingen mag, wäre die ganze Auffüh¬
1094 1635 2136 1724 ab) und man hat das beruhigende Bewußtsein,
2135 1675 3195 1747 rung und insbesondere die Genia noch abzustim¬
1141 1691 2131 1761 aß hier wirklich jede Pointe des Dialoges ver¬
2140 1716 3192 1807 men. Es ist z. B. verfehlt, wenn sie im letzten
1103 1737 2128 1807 standen wurde. Manches noch ein wenig sorgfäl¬
2138 1757 3188 1846 Akte das „Ich bin nur ... klug ...“ von vorn¬
1109 1793 2133 1872 tiger herausgearbeitet, noch mehr von innen
2132 1811 3188 1888 herein weinend sagt, erst plötzlich, beim zweiten¬
1102 1833 3194 1940 kommende Kraft in den Bewegungen und wir mal übermannt sie der Schmerz. Demgegenüber
1106 1891 2133 1960 werden es in den folgenden Aufführungentmit
2125 1913 3188 1990 aber stehen ganz prachtvoll gespielte Szenen und
1094 1940 2128 2008 einer Glanzleistung zu tun haben. Irene Bribn
2122 1954 3185 2023 wir haben die Überzeugung, daß auch die Genial
1091 1978 2123 2066 war als Erna liebenswürdig wie immer und
2136 2008 3186 2087 noch „werden“ kann. Es ist in dem Stücke jede
1094 2029 2127 2103 bewährte neuerdings ihren Ruf als beste Spre¬
2129 2060 3182 2139 kleinste Figur so wichtig, daß wir viele Seiten
1089 2089 2137 2145 cherin unserer Bühne; die gefährliche Szene im
2127 2105 3183 2204 füllen müßten, wollten wir uns mit jeder ein¬
1078 2127 3182 2201 dritten Akte war mit überzeugendem Tempera=zelnen beschäftigen. Wollen wir nur erwähnen,
1093 2177 3198 2302 ment gespielt. Im ganzen aber denke ich mir die daß Baumgarth den Dr. Maurer recht treu¬
1087 2225 3188 2336 willensstarte Erna sicherer und fester im Auf=Pherzig gab, wenn er sich auch im Kostüme ver¬
1083 2278 3172 2343 treten; sie, die behauptet: „Zittern ist nicht griffen hatte; daß Karl Krois, der es auch ver¬
1080 2327 3171 2434 meine Art!“ muß auch gegen den Schluß hin, steht, sich ausgezeichnete Masken zu machen, mit
1088 2376 3180 2490 noch dazu der Frau ihres Liebhabers gegenüber, dem Dichter Rhon eine köstliche Charge schuf.
1089 2434 3174 2533 mehr Haltung bewahren. Das gleiche gilt auch Auch Giblhauser und Roché, Hedwig May und
1081 2480 2110 2564 von Claire Wolf (Genia), die übrigens sichtliche
2109 2491 3162 2590 Helena Norman seien mit Anerkennung be¬
1067 2533 2110 2611 Fortschritte macht. Es ist zu bedenken, daß wir
2110 2552 3179 2638 dacht; Walter Capell war sehr natürlich, Spiegl
1081 2590 3165 2700 es hier mit Leuten zu tun haben, die gewohnt störte nicht. Ganz versagt haben nur wenige, die
1086 2624 2113 2714 sind, auch bei den schwersten inneren Kämpfen
2113 2652 2480 2734 aber gründlich.
2920 2665 3121 2752 Dr. L.
1079 2678 2117 2778 sich vollständig zu beherrschen, und daß Schnitz¬
2726 4126 2880 4230 —
