3248 4384
1269 172 1715 262 box 29/3
149 147 1113 266 24. Dasbeite-Land
481 831 960 926 Ausschnitt aus:
659 906 1388 1030 20. JUli 131.3 %, Wie
481 924 662 1000 vom:
657 964 726 1053 S
478 1038 1597 1120 * □ T1lIi i    7IA„ „ „ 4
1520 1088 2306 1173 n
1413 1164 2376 1229 stellerin, Fräulein Hofteufel, nicht zu erreichen,
548 1133 1330 1258 Theater und Kunst.
1414 1208 2381 1273 sie blieb zu spitz, zu naiv=verderbt; man glaubte
1416 1249 2378 1322 ihr die innere Sicherheit nicht. Sehr gut warm
529 1223 1405 1332 Burgtheater. Sechs Neubesetzungen tragen¬
1414 1298 2386 1357 und vornehm=einfach war Herr Marr als Dr. 1
428 1267 2375 1399 der oder doch bedeutsamer Rollen in Schmi#Mauer; er hat einen knorrigen Paulsen-Ton.
426 1319 1407 1416 lers „Das weite Land“ haben gestern
1411 1384 2374 1447 Fräulein Mayer bot als Schauspielerin
419 1374 1403 1460 zum erstenmal in dieser Tragikomödie vom
1412 1428 2375 1498 Meinhold=Aigner eine einwandfreie Leistung,
420 1424 1399 1494 weiten Land der Seele, in dem das Chaos das
1413 1469 2377 1559 der aber die Größe und das rührende Pathos
427 1470 1402 1550 Natürliche ist, den Ton angegeben. Es war ein
1412 1517 2367 1578 gänzlich mangelten, die diese Gestalt bei Frau
418 1510 1400 1592 wienerisches Chaos, in dem die Brutalität der
1412 1560 2372 1629 Bleibtreu gewonnen hatte. Herr Romberg
430 1552 1397 1629 Geschlechtsmoral etwas weichlich, rundlich,
1409 1611 2374 1682 als Schriftsteller Rhon (früher Herr Treßler)
416 1582 1398 1670 liebenswürdig Verschlamptes hatte — so lange
429 1646 627 1702 es sich
1403 1650 2363 1719 und Fräulein Schopf als dessen Gattin (frü¬
663 1656 1400 1734 n der Arbeitsstube des Dichters zu
1413 1694 2366 1759 her Fräulein. Gerzhofer) waren herzlich unbe¬
418 1691 1407 1769 theatralischer Wirksamkeit ordnen ließ. Schon
1408 1744 2299 1800 deutend. Von den alten sind Heine, D
417 1737 1394 1807 bei der Erstaufführung verließ die tüchtige,
1413 1782 2368 1858 prient, Gerasch und Zeska am besten.
416 1776 1399 1864 kluge aber durchaus unwienerische Leistung des
1410 1823 2096 1893 Das Haus war voll und dankbar.
410 1819 1397 1901 Fräuleins Marberg die heimischen Gefilde und
418 1863 1396 1947 Frückte von den Modellen Schnitzlers ab Jetzt
424 1910 1397 1994 aber, da Korff durch Walden, Fräulein Hof¬
416 1967 1402 2045 teufel durch Fräulein Mayen, Frau Bleibtren
422 1999 1408 2073 durch Fräulein Mayer und Herr Paulsen!
1899 2005 2711 2123 Gesitpangabesohendewährs ug. Wien
419 2040 1409 2124 durch Herrn Marr ersetzt sind, wirkt die Villa
1600 2074 2555 2199 Ausschnitt aus: (kleine Ausgabe)
416 2098 1405 2158 in Baden wie ein Regiefehler, so tapfer und
425 2125 1400 2209 Josgeherisch Herr Höbling auch die Fahne des
1602 2172 1765 2234 vom:
425 2182 1409 2255 Wienertums hochhält und schwenkt. Die Schnitz¬
419 2228 1396 2305 erische Psychologie und Tragik, wie der Schnitz¬
416 2275 1398 2347 lerische Humor sind abei gerade hier so boden¬
406 2318 1415 2411 ständig, daß sie sich nicht ohn schwere Schädigung
1720 2265 2609 2406 Theater und Kunst.
412 2355 1391 2425 in einen anderen Dialekt übertragen lassen —
1734 2382 2678 2472 Burgtheater. Artur Schnitzlerspikant
405 2408 1394 2479 nicht einmal in reines Hochdeutsch. Die Auf¬
1646 2441 2673 2529 geistvolle Tragikomödie „Das weite Land“ hat¬
404 2452 1380 2510 führung ist auch jetzt sehr gut, die alte ge¬
1646 2490 2670 2560 auch in der Neubesetzung die herausfordernd
402 2495 1381 2570 wissenhaft aufgefrischte Regie sogar ganz vor¬
1647 2523 2677 2597 spannende Wirkung getan, die dem Stuck einen be¬
410 2539 1387 2622 trefflich und von liebevollster Fülle in Ton,
1651 2567 2659 2652 sonderen Gesellschaftserfolg erwarb. Weil aber in
400 2589 1380 2656 Farbengebung und Bühnenseinfühligkeit, aber
1579 2595 1871 2696 „. der Tra¬
1800 2626 2674 2697 aaikomödie sozusagen mit gutem Recht alles
410 2633 1384 2691 sie hat doch an Fühlung mit dem Werk und dem
403 2671 1375 2745 Dichter verloren. Herr Walden war als Fabri¬
400 2721 1387 2789 kant Hofreiter ganz ausgezeichnet, solange die
1578 2733 2595 2792 anders kommt und anders spricht, als nach der
408 2761 1381 2835 Umrisse der Figur, die Schärfe und Trefssicher¬
1565 2778 2590 2863 Theaterregel zu erwarten wäre, haben die Darsteller
398 2814 1374 2885 heit in der Dialogführung genügten; schon der
1569 2828 2597 2887 großte Freiheit, sie können sich die Rollen anpassen
404 2845 1387 2931 Abschied von der Gattin am Ende des zweiten
1566 2858 2591 2938 nach Persönlichkeit und Geschmack. Herr Walden
396 2886 1387 2963 Aktes aber lag ihm nicht, und im letzten Akt
1571 2908 2593 2978 als Hofreiter hat von diesem Rechte guten Gebrauch
392 2939 1382 3022 ging die Tragik des Mordes an der Jugend
1577 2950 2590 3028 gemacht. Weniger weltmännisch, auch weniger
398 2983 1375 3042 (die an das Solneß=Motiv anklingt, das übri¬
1568 2991 2583 3061 kaustisch vielleicht, als sein Vorgänger Herr
397 3032 1376 3101 gens auch in der Figur Dr. v. Aigners ange¬
1570 3040 2588 3119 Korff, hat er die Gestalt mehr in das Leben
392 3076 1371 3144 schlagen wird) verloren; hier versagte der Künst¬
1565 3084 2580 3156 eingeführt, zum glaubwürdig Menschlichen gerundet,
394 3105 1358 3176 ler, hier triumphierte die Erinnerung an Korff.
1571 3121 2587 3206 schließlich aus der Niederung des Tragikomischen
382 3160 1379 3248 Auch Fräulein Mayen vermochte die erste Dar¬
1570 3173 2579 3250 fast in die Höhe des Tragischen gehoben. Fräulein
1569 3208 2572 3294 Mayer zeichnet die Partie der alten Schau¬
1565 3256 2583 3335 spielerin Anna Meinhold mit zarteren Strichen als
1561 3299 2572 3381 es die starke Hand der Frau Bleibtren getan, ist
1564 3351 2579 3421 aber angemessen und spricht klar, verständlich. Die
1552 3389 2577 3461 Erna, das etwas angelaufene Produkt überweib¬
1552 3426 2565 3507 licher Modernität, wird vor Fräukin Mayen
1563 3473 2572 3555 in ein schwer genießbares Backsischtum zurück¬
1552 3519 1769 3579 gewendet.
1818 3514 1972 3581 Wozu
2006 3528 2100 3591 ihr
2133 3534 2264 3587 auch
2288 3536 2571 3594 eine ihr
1553 3560 2579 3636 so wesensfremde Aufgabe zumuten? Der Doktor
1544 3598 2569 3688 Maurer des Herrn Marr und der Rhon des
1554 3652 2565 3728 Herrn Romberg wurden mit Wohlgefallen zur
1543 3695 2569 3768 Kenntnis genommen. Die anderen, fast durchaus
1549 3747 2584 3811 eigenartigen Partien waren den früheren Eignern
1548 3783 2589 3854 verblieben und werden noch in freundlicher Erinne=—
1552 3826 2577 3893 rung der Hörerschaft sein. Die Stimmung des
1546 3872 2019 3947 Abends war angeregt.
2297 3884 2529 3959 U B—t.
