3392 4320
301 199 654 284 24. Das
712 207 784 269 10
1413 207 1882 292 box 28/4
582 219 1281 309 Seite and
856 1218 1761 1365 General Ans. Elbfeld. Barmen
604 1239 864 1336 Zeitung:
599 1344 785 1429 Datum:
947 1347 1283 1469 73. Okt. 1977
570 1536 1795 1593 Berliner Premieren. Im „Lessingtheater“ gibt Ar¬
1793 1552 3104 1635 alles ist unbedingt besser gedacht als gemacht. Schnitzler ist zu
493 1580 798 1638 tur Schnitz
925 1576 1796 1649 fünfaktige Tragikomödie „Das weite
1798 1608 3109 1674 reich, um künstlerisch Maß zu halten: und die Sehnsucht, nicht nur
498 1630 1794 1689 Landvermtlich weit ernsthafteren literarischen Absichten, un¬
1806 1648 3107 1714 einen Konflikt, sondern ein Weltbild zu geben, das Satzgefüge sei¬
496 1663 1792 1731 willkürlich ein Pendant zu der Groteske aus Berlin W/W. — ich
1802 1682 3094 1758 ner Idee unaufhörlich mit frischen Gestalten, Aphorismen, Bezie¬
493 1714 1785 1773 bitte, diese Abkürzung recht zu verstehen — die vor wenigen Ta¬
1800 1722 3108 1783 hungen und Wahrnehmungen zu interpungieren, läßt ihn da im¬
490 1737 1786 1810 gen auf der Weltthegterbühne einen Sensationserfolg hatte. Leicht
1804 1760 3108 1834 mer neue Ornamente anheften, wo er klarstellen, da verzieren, wo
492 1782 1796 1855 kaschiertes Metternich=Milien, mit der graziösen, halb tändelnden,
1790 1813 3105 1868 er einfach bleiben sollte. Auch hier, ganz wie in seinem ersten
488 1835 1789 1890 halb soppenden Tonart der Wiener Gesellschaft ausgestattet. „Sen¬
1798 1838 3101 1920 Gesellschaftsstück vom „einsamen Weg“, läßt sich der Dichter von
496 1866 1792 1925 timenial sind wir nicht“, ist der Wahlspruch. Diese Ehepaare sind
1794 1878 3095 1969 den Wellen seiner Eingebungen gar zu lässig treiben. Zwischen
484 1903 1790 1968 nicht mehr in den „Hundstagen“, sondern bereits in den Herbst¬
1791 1922 3097 1990 jenen Dialogen, die man nur in den Dämmerstunden sprechen sollte,
493 1951 1790 2008 tagen ihres legitimen Glückes, das vielleicht nie eines gewesen ist:
1802 1958 3096 2012 die der Träne und dem Lächeln gleich nahe stehen und sich gewöhn¬
485 1985 1791 2050 nicht mehr beim „Zwischenspiel“ dessen muntere Takte Schnitzler
1790 2000 3094 2064 lich vom Sentiment mit einer Grimasse abwenden. Zwischen einem
492 2021 1788 2083 schon einmal auf seiner Ehebühne anklingen und verklingen ließ,
1801 2038 3098 2114 jäh aufsteigenden Anfangsakt und einem in sich sehr ergötzlichen
486 2067 1792 2131 sondern bei einem erheblich melancholischeren Nachspiel. Man ist
1794 2084 3096 2144 Mittelakt — Weiße=Rößl=Stimmung —, der indessen mit seinen
495 2106 1791 2164 von einer Brutalität, die auch durch das Gewebe der gewähltesten
1794 2114 3103 2196 Vorgängern und Nachfolgern nur noch durch eine einzige, flam¬
490 2135 1786 2202 Ausdrucksweise hindurchschimmert: von einer Toleranz, die dem
1792 2156 3095 2225 mende Schlußszene verbunden ist. So wütet Schnitzler gegen sein
486 2188 1795 2259 natürlich gänzlich veralteten, anständigen Menschen die Schamröte
1798 2199 3102 2276 eigenes Fleisch: und wenn sich die große Menge durch das Laby¬
493 2223 1789 2294 ins Gesicht treibt. Es ist nicht mehr schick, die Eheirru. zu ver¬
1790 2234 3109 2316 rinth dieser Ein= und Ausfälle nicht den Weg bahnen kann, wenn
484 2264 1775 2327 schleiern, in Ton und Benehmen die Form zu wahren. Nen: man
1796 2275 3103 2356 sie müde wird zwischen dem wenigen Körperlichen und dem vie¬
479 2302 1787 2364 leistet einander zynische Ohrenbeichten, klopft, wie der Muster¬
1789 2316 3102 2396 len Geistigen, zwischen dem Wundervollen und dem nur Spitzfin¬
490 2349 1779 2402 ehemann, den sich die Ofsenbachsche Moral vorstellt, vorm Eintre¬
1789 2355 3091 2440 digen, so muß er seine eigene Darstellungsmethode zur Verant¬
478 2385 1779 2446 ten vorsichtig an die Türe an, zerstört immer weiter die Brücke,
1792 2394 3089 2472 wortung ziehen. Bei „Liebelei“ und „Freiwild“ las man's an¬
486 2420 1780 2487 die vom „Gatten“ des alten Schlages zur Gattin führte. Auf die
1788 2432 1925 2495 ders
1981 2442 3103 2524 Die Aufführung kann ich mir besser denken, als sie im
475 2463 1784 2531 Personen des Schnitzlerschen Stückes angewendet: der Fabrikant
1796 2474 3092 2538 „Lessingtheater“ gezeigt wurde. Zumal Heinz Monnard
489 2506 1776 2565 Friedrich Hofreiter nimmt sich ein heißblütiges Mädel aus den
1789 2519 3086 2581 nicht der Mann ist für die Verkörperung morbider Nervensysteme
486 2543 1785 2608 besten Kreisen: Frau Genia hält sich, nach redlichem Bemühen, sich
1784 2551 3086 2639 (derjenige, dem solche gebrochenen, etwas schrillen Töne glatt zu
476 2567 1780 2648 den eigenen Mann zurückzuerobern, an einem kleinen Marinefähn¬
1785 2596 3088 2676 Gebote stehen, Albert Bassermann, saß im Zuschauerraum): Frau
477 2618 1783 2688 rich schadlos. An diesem Punkte aber bekommt der Zynismus die¬
1782 2633 3093 2719 Triesch war ausgezeichnet in der Befangenheit einer „guten
486 2657 1780 2717 ser seelisch festgepanzerten Gesellschaftsschicht jene Abfuhr, die ihm
1794 2671 3082 2756 Frau“, die eine leichtsinnige Frau werden muß: Fräulein Herte¬
482 2707 1781 2768 Schnitzler zugedacht hat. Denn als der Mann zum ersten Male
1792 2713 3098 2813 rich in dem flackernden, werbenden Blick, mit dem sie dem Manne
490 2739 1779 2790 sehenden Auges dem Faktum gegenübersteht, mit dem seine leicht¬
1789 2751 3085 2815 ihrer Wahl ihre sehnsüchtige Jugend in die Arme legte. Herr
487 2782 1774 2849 fertige Rede schon häufig spielte, da greift er, der „Moderne“ doch
1786 2792 3092 2867 Froböse als Ehemann, der, wenn ein Liebhaber seiner Frau
481 2796 1780 2886 sauf Hebbels antiquiertes Schlagwort zurück. Mit dem Gedanken:
1784 2840 3093 2910 zugegen, die Türe sorgsam — zuhält, Fräulein Grüning als
491 2850 1774 2925 „Darüber kann kein Mann hinweg“, schießt er den Nebenbuhler
1791 2867 3082 2954 fabelhaft naturalistisch gestaltete, „betamte“ Wiener Jüdin, Herr
463 2905 1774 2959 sganz nach veralteter Methode zusammen. Damit zerstört er freilich
1788 2913 3096 3009 Forest als Raunzer (mit der Peter Altenberg=Maske) und Poet
480 2939 1784 3014 auch das eigene Lebensgebäude. Denn hier löst das vergossene
1779 2955 3100 3045 dazu waren die „lustigen Personen“ .. Aber das Publikum
479 2983 2416 3058 Blut, statt zu binden: und Genia geht von ihm . ... Das wollte nicht recht warm werden.
2850 3019 2997 3079 W. T
