3344 4608
1224 134 1574 231 box 28
519 164 587 226 1
828 143 1118 256 Land
103 153 935 274 24. Das Jeite 1.a
318 1148 3233 1300 geistiges und sinnliches Mädchen eine Voilnatur, und  die Chöre! In König Odipus riß uns die wilde Woge besuchter Spirchabend der Ortsg uppch
2471 1198 3231 1283 österreichischen Postbeamtenvereines sta
1396 1222 2477 1308 der Menge hin; in der Braut von Messina erhielten
2477 1248 3227 1336 gegenständ der Verhandlungen bilde di
336 1260 1405 1348 Heinz Monnard (der Gatte), der Zynismus und
1412 1277 2474 1366 vertraute Dichterworte eine neue Wirkung; in der Orestie
2476 1284 3234 1382 zu der am 5. d. dem Abgeordnetenha#
337 1307 1411 1402 Innerlichkeit, Kälte und Leidenschaft vorzüglich mischte.
1410 1324 2484 1420 jedoch hatte es unser Ohr nicht leicht, immer den Sinn
2485 1338 3235 1430 Gesetzesvorlage, betreffend die Erhöhun
1406 1380 2481 1465 hinter dem Tonfall zu erhaschen und Melos stritt mit
2477 1394 3234 1480 zulagen. Der Obmann Postkontrollor
421 1401 1404 1489 Nun haben auch wir Berliner, ein paar Neu¬
1413 1424 2483 1507 dem Drama .... Die tragische Maske der Athener
2478 1442 3236 1532 seiner Freude über den zahlreichen
330 1455 1415 1559 monde später als die Münchener, die Reinhardtsche
1408 1472 2482 1557 kam außerdem nicht überali zu ihrem Rechte. Aschylos
2487 1503 3233 1583 die Einigkeit der Postbeamtenschaft wer
342 1506 1420 1610 Orestie empfangen. Ja: zu Max Reinhardt, nicht
1418 1521 2484 1613 hat der Klytämnestra nicht die wenig königlichen Züge der
2485 1542 3231 1631 zend dokumentiert. Er besprach dann
330 1564 1419 1649 zu Urvater Aschylos strömten die Tausende, die im
1419 1574 2496 1660 Frau Feldhammer gegeben, die aus der Rächerin
2489 1595 3232 1674 Aktivitätszulagenerhöhung, welche nicht
349 1619 1426 1695 Dunkel des Zirkus Schumann untertauchten — dort,
1418 1628 2502 1728 ihrer Tochter Iphigenie eine sehr gewöhnliche Megäre
2491 1647 3245 1727 entwürdigendes Almosen bedeute, ind
342 1660 1424 1753 wo die Manege zur Szene sich verwandelt hatte, wo
1412 1671 2494 1766 machte. Den von Troja heimkehrenden Agamemnon
2487 1693 3237 1783 amtenschaft eine tägliche Aufbesserung
339 1708 1428 1806 düstere violette und drohende rote Lichter fluteten, selt¬
1421 1718 2496 1816 empfing sie mit so wüstem Gezetter, daß der Held taub
2492 1748 3238 1829 30 bis 35 H. bringe. (Stürmische R
356 1763 1423 1863 same Gestalten, in ihren Umrissen zuweilen kaum wahr¬
1427 1777 2491 1871 oder dumm war, als er sich trotzdem in Gefahr be¬
2491 1797 3244 1877 das Zeitavancement!) Wir Postbeam
357 1814 1427 1903 nehmbar, wogten, sich zu Hauf ballten gespenstisch flohen:
1417 1824 2494 1925 gab! Der dunkle Gianz einzelner Schönheiten der Auf¬
2489 1842 3246 1937 der unbedingten Einbringung einer
355 1864 1418 1946 die Chöre der Greise, der Krioger, der gefangenen Tro¬
1434 1878 2501 1965 führung wird sehr überstrahlt von der Erinnerung an
2502 1900 3241 1975 rechten Grundsätzen aufgebauten Gesetz
354 1910 1429 2010 janerinnen. Es halite der schauerliche Wehlaut der
1419 1946 2011 2029 den Reinhardtschen Odipus.
2508 1950 3240 2026 fend das Zeitavancement und die Deen
361 1957 1435 2057 Kassandra (Mary Dietrich), es tönten im schön¬
2503 1984 3249 2075 die Regelung der Aktivitätszulagen
356 2011 1440 2094 sten Wohllaut, als kämen sie von hellenischen Lippen,
1508 1992 2513 2119 Arno Holz, der Titanide des Naturalismus
2502 2045 3220 2137 sätzen des Militärzinstarifes. Diese
354 2047 1450 2151 die schickfalschweren Worte des Muttermörders Orest
1432 2073 2506 2158 von 1889, war theaterklug geworden, als er 1904 mit
2503 2097 3249 2185 erhöhung müssen wir entschieden zurück
366 2101 1444 2208 (Alexander Moissi). Die Luft erzitterte im Jammer¬
1438 2128 2512 2214 dem Straßburger Rechtsanwalt Oskar Jerschke den
2518 2138 3254 2225 wenn sie bloß als Notstandsaktion ge
369 2156 1433 2258 schrei der Opfer, als (im ersten Teise) Agamemnon
1430 2174 2515 2273 Traumulus schrieb, ein Stück fürs liebe Publikum. Die
2504 2210 3253 2270 lich werden unsere Volksvertreter ein
356 2212 1441 2312 von seiner Gattin und (im zweiten Teile) Kiytämnestra
1445 2235 2507 2317 Kompanie warf nun die letzte üterarische Scheu ab und
2513 2241 3256 2324 haben als die Regierung und dafür
359 2249 1450 2356 von ihrem Sohne geschlachtet wurde. Entsetzt wendete sich
1435 2272 2512 2356 machte eine Posse. Alberne Prüderie! Weshalb sollten
2508 2284 3263 2384 wenn schon dem Volke neue Steuern
369 2301 1452 2399 unser Auge ab von der grausenvollen Mordjagd. Und
1443 2327 2512 2411 ernste Dichter nicht einmal lustig sein? Aber dem Stücke
2511 2350 3254 2437 Millionen verausgabt werden, keine H
373 2357 1451 2453 doch — Hand aufs Herz! waren diese barbarischen Ek¬
1435 2376 2513 2468 Büxl, anmaßend eine Komödie genannt und im Neuen
2516 2399 3267 2480 fen werden. Der Soldat kann im Feld
377 2411 1441 2505 stasen das Einzige, was hier aus der antiken Tra¬
1445 2428 2516 2525 Schauspielhause mit einem gewiß bald verrauchten
2518 2449 3253 2520 Mann stellen, wenn seine Magenf#
379 2467 1446 2560 gödie unmittelbar an unsere Nerven und Herzen griff,
1441 2478 2518 2553 Schnelifeuer=Erfolg aufgeführt, fehlt zu einer guten
2516 2503 3247 2582 Darum stellen auch wir uns auf den
373 2511 1445 2621 nach Ablauf einer kurzen Frist, die schon genügt hatte,
1447 2528 2518 2619 Posse im ersten Akt die Harmlosigkeit (über einen rich¬
2517 2548 3235 2634 ein gedeihliches Wirken zum Wohle
377 2561 1455 2657 uns mit den Stimmungen des „Neutöners“ lyrisch zu
1448 2576 2518 2674 tigen (Mord läßt sich nicht behaglich ulken) und im
2518 2596 3254 2670 des Volkes nur dann möglich ist, wer
377 2613 1451 2693 sättigen. Mit gutem Grunde sagte ich: die Rein¬
1441 2621 2522 2739 dritten Akt der Zwirn der Einfälie. Bleibt die gelun¬
2514 2650 3257 2728 beamtenschaft von der Sorge um #
378 2668 1448 2754 hardtsche Orestie; denn nicht dem griechischen Dich¬
1444 2677 2521 2778 gene Situation des zweiten Altes: der zum Tode ver¬
2520 2694 3252 2785 befreit. Ein Postbeamter verwies d
390 2715 1446 2808 ter und nicht dem deutschen Übersetzer (Vollmoel¬
1451 2725 2532 2831 urteilte Verbrecher ist knapp vor seiner Hinrichtung aus¬
2527 2746 3259 2823 die Zeitvorrückung nach der von der
381 2768 1454 2848 ler) ist der Versuch zuzuschreiben, uns mit ausdauern¬
1451 2777 2528 2870 gebrochen und hat sich in der Felsenburg des Prinzen
2520 2800 3252 2886 aufgestellten Berechnung viereinviertel
384 2831 1458 2902 der Wortmusik und magischem Lichterspiel an den ge¬
1454 2824 2528 2922 sestgesetzt. Bei aufgezogener Zugbrücke spottet er der
2528 2842 3263 2920 und unter Anrechnung der Gesamtdien
376 2861 1455 2970 waltigen und rauhen Zykiopensels des blutigen Dramas
1459 2873 2530 2957 Belagerer. Schade, daß die Verfasser nicht wußten, wie
2531 2893 3258 2977 Kronen kostet; die Regierung verlan
395 2900 1469 3013 zu fesseln. Wer wollte die feinfühlige, unendliche Mühe
1467 2925 2532 3012 dieser tripolitanische Krieg mit einigem Geschmack zu
2527 2938 3264 3020 besserung der Aktivitätszulagen, von
387 2961 1465 3064 des Regisseurs, den Rhythmus seiner szenischen Dich¬
1472 2978 2535 3076 beendigen wäre. Der letzte Akt ist schiechte Operette.
2507 2998 3272 3100 beamten 30 bis 35 H. täglich erhalten!
390 3012 1464 3105 tung, den (nur allzu üppigen) Reiz der wohlgestimm¬
398 3055 1480 3159 ten Polyphonie seiner Chöre verkennen? Doch gerade
