3248 4384
1517 134 2042 196 ungen der eine ee een
1536 184 2267 254 gefallen zu sein, „a Chip from the old
1540 228 1683 283 Block“
1560 251 2280 343 Dieser Schluß kommt überraschend, er
1524 329 2266 388 wirkt aber nicht überzeugend. Es ist ein
1518 374 2271 452 echter Schnitzler=Schluß — ein Schluß
1529 418 2088 486 nach der Willkür des Verfassers.
968 425 1096 493 ANR GLRR SA
1546 462 2274 540 Die Willkür des Verfassers. — Schnitz¬
1512 525 2267 586 ler hat es, da seine handelnden Figuren
919 540 991 587 8
1515 571 2263 631 in den jetzt üblichen 3 Akten nicht im
1520 609 2270 683 Stande sind, alle ihnen in den Mund geleg¬
1520 670 2270 729 ten Geistreichigkeiten anzubringen, „ge¬
1516 715 2264 779 wagt", fünf Akte zu schreiben. — Ein
1528 766 2272 839 Schnitzler darf sich das erlauben, auch
1519 818 2273 889 wenn die Vorstellung dadurch ungebührlich
1520 864 2264 931 verlängert wird — es war nach Mitter¬
791 842 889 947 1
1524 911 2282 977 nacht, ehe der Vorhang sich zum letzten
998 945 1311 1014 Arnold Korff,
1533 959 1786 1026 Male senkte.
936 993 1353 1085 k. k. Hofschauspieler.
1556 1006 2282 1084 Arnold Korff findet als „Friedrich Hof¬
1532 1054 2285 1129 reiter“ Gelegenheit, alle Register zu
811 1073 1516 1142 Korff, der vergötterte Liebling des Wie¬
1531 1104 2281 1177 ziehen. Hofreiter ist einer jener Schwere¬
777 1117 1510 1195 Iner Publikums hat seine Stellung an der
1523 1172 2268 1226 nöther, denen Niemand auf die Dauer
774 1167 1506 1252 Hofburg aufgegeben, weil ihm die Kaba¬
1520 1213 2261 1280 Gram sein kann. — Er bekommt mit sei¬
783 1221 1517 1282 ler auf die Nerven gingen. Es ist daher
1522 1260 2291 1342 ner Suade, mit seiner Liebenswürdigkeit,
778 1270 1520 1341 ausgeschlossen, daß er im hiesigen Musen¬
1531 1310 2270 1389 mit seiner animalischen Vitalität, mit sei¬
777 1322 1517 1387 tempel Kabalen anstiften wird. — Das
1533 1362 2266 1426 ner Geistreichigkeit, mit seiner Philosophie,
775 1366 1513 1431 widerliche Intriquenspiel gegen die Direk¬
1525 1412 2276 1473 mit seiner Lebenslust, mit seiner körper¬
781 1425 1520 1481 tion, das sich während der letzten Saison
1526 1452 2285 1523 lichen und geistigen Gewandtheit, mit sei¬
766 1444 1511 1537 hinter den Koulissen abspielte und sich bis
1531 1507 2271 1561 ner Phantasie, mit seinem Glauben an sich
762 1519 1510 1583 in die Privathäuser der Mitglieder des
1511 1558 2263 1615 selbst, seiner Selbsttäuschung, durch die
766 1559 1515 1630 Theatervereins erstreckte, diesem Intriguen¬
779 1606 2262 1664 spiel, dem sogar künstlerische Leistungen ge=ser im Augenblick glaubt, was er sagt, und
1528 1652 2224 1715 mit seiner unglaublichen Ungenirtheit —
762 1648 1521 1737 opfert wurden, wird jetzt hoffentlich ein
1528 1695 2226 1762 man kann es auch Frechheit nennen —
757 1705 1513 1795 Ende gemacht sein, denn Korff ist für der¬
1525 1750 2279 1817 Männlein und Weiblein immer wieder auf
775 1764 1322 1825 artiges einfach nicht zu haben.
1521 1791 1753 1867 seine Seite.
806 1810 1513 1884 Arnold Korff hat sich nicht nur als Dar¬
1556 1835 2275 1918 Derartige Schwerenöther=Rollen gehör¬
776 1847 1515 1927 steller, sondern auch als Regisseur in be¬
1517 1896 2264 1967 ten früher in das Fach des stets so belieb¬
774 1922 1503 1984 ster Weise eingeführt. — Seine Inszeni¬
1527 1946 2260 2015 ten, jetzt fast ausgestorbenen Bonvivants,
768 1966 1507 2030 rung von Schnitzler's „Weite Welt“ war
1523 1995 2271 2064 aber ein Schnitzer schreibt natürlich keine
768 2020 1506 2074 ganz vortrefflich. Regisseur und Haupt¬
1521 2042 2272 2110 Bonvivant=Rolle nach dem Schema F. Der
769 2066 1510 2130 darsteller in einer Schnitzler'schen Tragi¬
1523 2093 2271 2162 Hofreiter ist ist eben ein moderner
774 2108 1507 2180 lomödie zu sein, das bedeutet gar viel, fast
1511 2125 2273 2227 Bonvivant — mit, verzeihen Sie das harte
774 2169 1454 2238 möchte man sagen unmöglich viel. —
1514 2181 2256 2260 Wori, Schnitzler=philosophischen „Im¬
807 2206 1509 2275 Schnitzler stellt keine leichten Aufgaben.
1525 2221 2286 2313 provements“. — Die Tragiekomödie eines
820 2272 1501 2330 * Dem geistreichen Wiener Causeur liegt
1518 2267 2270 2354 alternden Bonvivants, der zwar nicht
781 2320 1501 2387 wenig daran, ein Drama nach den „Re¬
1517 2341 2265 2406 „um seine verlorene Jugend trauert“, aber
775 2360 1503 2433 geln der Kunst“ zu zimmern. — Noch
1526 2383 2267 2455 darum, daß die Jugend beim Menschen
783 2411 1509 2468 weniger kümmert er sich darum, ob er den
1519 2437 2269 2506 nicht mit 40 Jahren beginnt. Diese Klage
778 2464 1509 2526 Wünschen des Publikums, das meistens
1525 2482 2262 2548 ist nicht neu, sie ist nur von Schnitzler in
763 2509 1511 2576 nach einem befriedigenden Schluß aus¬
1519 2540 2267 2591 einer so geistreichen neun Form behandelt
768 2562 1505 2622 schaut, gerecht wird. — Im „Weiten Land“
1511 2587 2255 2650 worden, daß sie „so gut wie neu“ erscheint.
749 2638 2254 2690 [Wirthe werden zumachen müs: Jeder junge Mann hat wohl schon von
750 2694 2252 2763 sen — da die Licenz um dreihunberteinem älteren Genossen gehört: „Junge,
1522 2712 2264 2791 wenn ich Deine Jugend und Du meine
756 2738 1508 2815 Dollars gestiegen... Bedankt Euch bei
1517 2761 2266 2836 Erfahrung hättest!“ — Freilich, Hofreiter
764 2810 2252 2888 der Reform. Sie beginnt immer hat es nicht nöthig, um „verpaßte Gelegen¬
761 2834 1503 2898 damit, daß sie „Demon Rum“ besteuert.
1513 2868 2258 2937 heiten“ zu trauern, er hat jede Gelegen¬
754 2889 1504 2969 Endlich sollten's die Interessenten doch
752 2936 1020 3019 auch wissen.
1617 2953 2142 3012 (Fortsetzung auf der 7. Seite.)
1536 2996 2289 3097 ilt eilchenct drer sener best gstacg,
1546 3080 2295 3161 daß er sich Gelegenheiten für sein Liebes¬
1537 3130 1978 3196 spiel selber verschafffte.
1564 3166 2227 3245 Eine solche Persönlichkeit, die
1533 3224 2298 3298 Grunde grade nicht zu den wünschens¬
1531 3274 2284 3341 werthen Bekanntschaften des Lebens ge¬
1525 3321 2278 3399 hört, auf der Bühne so darzustellen, daß
1522 3383 2288 3444 auch die Zuschauer unwillkürlich auf die
1525 3426 2271 3482 Seite des Don Juans gezögen werden,
1533 3465 2271 3539 daß sie ihm ebensowenig Gram sein kön¬
1523 3521 2283 3590 nen, wie seine Freunde auf der Bühne,
1524 3567 2286 3633 daß ist eine schwierige Aufgabe; aber eine
1528 3621 2283 3701 Aufgabe, die grade einen Korff reizen
1529 3664 1679 3722 muß. —
1557 3688 2272 3781 Man pflegt gern einen Neuen schleunigst
1512 3764 2266 3835 zu „rubriziren"; nun denn, wenn ich
1517 3808 2280 3887 Korff in eine Klasse setzen soll, so müßte
1523 3866 2267 3943 es eine „eigene Klasse“ sein: „Er ist
1524 3904 2283 3994 der natürlichste Schauspieler,
1513 3949 2087 4027 den ich je gesehen habe. ——
1552 3990 2278 4069 Auf der Bühne ist alles Kunst;
1516 4057 2260 4127 Natur genügt nicht, um über, die künst¬
1512 4099 2278 4194 liche Beleuchtung, d. h. die Rampenlichter
1506 4140 2267 4221 Z zu gelangen. Wenn die Kunst so weit
