3248 4384
177 194 1237 314 24. Das weite Land
1285 210 1738 306 box 29/2
868 1059 996 1114 606
1604 1069 1829 1141 Umschau
870 1169 1705 1262 Aber sympathisieren wir mit ihnen? Ist
1800 1203 2568 1272 Josef Dannegger hatte das weite Land
864 1252 1711 1315 dieser Hofreiter verständlich? Aus welchem
1724 1265 2562 1328 der ziemlich fahrig geführten Konver¬
867 1297 1708 1359 Motive erwächst diesem Abgebrühten die
1723 1324 2566 1378 sation stark mit roten Strichen durchpflügt
870 1359 1708 1423 heroische Gebärde? Was will Schnitzler
1728 1369 2555 1430 und viel getan, um dem Werke auf die
864 1401 1693 1471 mit dieser Figur? Man hat den Gesamt¬
1720 1430 2556 1499 Beine zu helfen; aber es war im ganzen
865 1467 1703 1532 eindruck eines Kerls, wenn man an den
1720 1476 2164 1544 doch verlorene Mühe.
871 1507 1705 1577 sehnigen Sportsmann denkt, wenn man
1800 1537 2552 1589 Herr Marx und Fräulein Reiter¬
862 1579 1696 1641 daran denkt, daß dieser eiskalte Betrüger
1719 1584 2547 1638 Forst gaben vortrefflich das Ehepaar Hof¬
865 1619 1692 1684 ruhig in den Pistolenlauf seines Gegners
1713 1650 2558 1709 reiter. Herr Nevy charakterisierte den
860 1685 1697 1743 hineinsehen kann. Seine heroische Maske
1727 1694 2546 1764 Bankier Natter schlagend, und Herr
868 1733 1702 1813 wirkt aber wie ein Bluff, wie eine Laune,
1713 1746 2551 1817 Prasch, der in modernen Uniformen sehr
860 1784 1688 1855 sie wirkt ärgerlich und komisch zugleich.
1705 1803 2547 1873 gute Figur macht, stellte einen sympathi¬
858 1854 1690 1911 Daran liegt es, daß man unbefriedigt das
1707 1855 2429 1920 schen Marineoffizier auf die Bretter.
859 1892 1697 1962 Theater verläßt. Die Mischung in diesem
1715 1907 2022 1970 (Schluß folgt.)
2194 1911 2551 1983 C. F. Wiegand
859 1943 1693 2018 Charakter ist direktionslos; diese Mischung
1783 1968 2545 2039 Basler Theater. Schauspiel. Wie
855 1998 1679 2074 von tönender Weitherzigkeit, Menschlich¬
1701 2021 2535 2073 ich schon in meiner letzten Besprechung er¬
859 2060 1680 2123 keit, Phrase, Eitelkeit und Bestie ergibt
1701 2085 2538 2140 wähnte, führt das Schauspiel in unserer
854 2100 1683 2180 keinen Kristall, keinen Zusammenschluß. Nicht
1704 2135 2533 2183 guten Stadt ein ziemlich klägliches Leben.
856 2160 1688 2234 nur die Welt, in der er lebt, ist durch die¬
1703 2181 2536 2252 Immer mehr scheint die Theaterleitung in
848 2221 1684 2277 sen Hofreiter genarrt, sondern auch der Zu¬
1708 2235 2533 2309 ihm eine lästige Unterbrechung des Opern¬
855 2265 1691 2337 schauer. Und dies läßt sich das Publikum
1706 2297 2541 2353 repertoires zu erblicken, die man auf ein
848 2327 1681 2383 nicht gefallen, auch wenn es die skrupellose
1704 2338 2525 2408 Mindestmaß beschränken muß. Zwei Auf¬
852 2379 1683 2430 sittliche Verwirrung, die „weanerische Ge¬
1705 2395 2532 2451 führungen des „Egmont“, eine des „Kauf¬
851 2435 1679 2485 mütlichkeit“ in allem Sittlichen (nicht Mora¬
1704 2461 2527 2516 manns von Venedig“ — das ist alles, was
843 2489 1678 2550 lischen!) als gegeben anzunehmen bereit ist.
1691 2504 2527 2572 uns dieser Monat an ernst zu nehmenden
929 2545 1676 2603 Eine wesentlich tiefer und scharf ge¬
1697 2558 2537 2627 Kunstgenüssen auf diesem Gebiet brachte.
847 2596 1681 2648 sehene Gestalt als Hofreiter ist der Bankier
1694 2618 2534 2666 Daneben gab's noch zwei Vorstellungen der
838 2646 1676 2717 Natter, dessen Frau jener verführte und
1693 2671 2524 2724 „fünf Frankfurter", einer zwar nicht bedeu¬
839 2706 1676 2774 dann, wie alle ihres Geschlechtes, zur Seite
1691 2730 2529 2789 tenden, aber ganz netten neuen Komödie. Sie
843 2757 1675 2826 stellte. Natter, der das Verhältnis Hof¬
1694 2769 2528 2846 führt uns in die Judengasse in Frankfurt,
835 2807 1685 2880 reiters zu seiner Frau kennt, bleibt der
1685 2832 2525 2889 in das Haus Rotschild, in dem die alte
832 2862 1675 2938 gute Bekannte Hofreiters, um seine glü¬
1686 2886 2519 2952 Frau Gudula, die Mutter der fünf Brüder,
838 2917 1673 2987 hend geliebte Frau nicht zu verlieren, rich¬
1683 2938 2526 3003 in altgewohnter Schlichtheit lebt. Aber in
836 2980 1677 3042 tet aber kaltblütig den Ruf Hofreiters in
1684 2987 2527 3047 den Brüdern, namentlich in Salomon, dem
829 3032 1670 3090 der Öffentlichkeit zugrunde. Im übrigen
1683 3039 2510 3110 unternehmendsten, hat der Reichtum ehr¬
832 3084 1661 3144 bieten die Figuren des Werks keine charak¬
1686 3101 2521 3169 geizige Pläne gezeitigt. Er will seine Toch¬
838 3142 1665 3194 teristischen Neuwerte. Nur eine neuartige
1681 3158 2518 3211 ter an den Herzog von Taunus, einen jun¬
841 3195 1667 3258 Situation bietet „Das weite Land“, im letz¬
1679 3210 2511 3266 gen, verschuldeten Lebemann und Duodez¬
830 3241 1664 3311 #ten Akte nämlich, wenn Hofreiter, der vom
1690 3263 2457 3330 fürsten, verheiraten. Der junge Fürst
834 3298 1659 3365 Zweikampf heimkommt, der ahnungslosen
1677 3325 2516 3374 teils aus Geldverlegenheit, teils aus einer
823 3359 1652 3419 Mutter des von ihm erschossenen Gegners
1683 3372 2523 3437 gewissen Freude an der Unverfrorenheit
826 3409 1660 3476 in einem konventionell geführten Gespräch
1675 3431 2514 3490 des Juden — geht darauf ein; aber nicht
831 3452 1159 3520 die Hand reicht.
1683 3469 2524 3558 so die Tochter Salomons, Charlotte. Sie
