3344 4608
1287 168 1738 263 box 28/4
175 191 1146 290 24. Das veite-Land
101 1009 1634 1110 o schürzt den Schick=1 strieren sich exempelhaft. Man täuscht sich nicht, daß dies
505 1050 1640 1132 des Veispiels, der Produzierung nachdenklicher Lebenssachen
97 1091 484 1147 irgshotel ein leiden¬
496 1096 1646 1161 wegen geschieht, daß die handelnden Personen als typische
101 1131 488 1199 jährigen, und Genia
493 1136 1641 1211 Repräsentanten erscheinen und nicht, was dichterisch wert¬
99 1176 352 1235 ne=Fähnrich.
502 1167 1648 1251 voller, aus dem Selbstzweck heraus, höchst persönliches Er¬
107 1194 494 1270 sen beiden Parallel¬
509 1243 909 1302 lebnis zu vermitteln.
102 1246 488 1305 und überläßt moti¬
579 1233 1651 1319 So wendet sich zunächst hier alles an den Kopf, nicht
108 1281 499 1350 rem Einfühlen. Wir
510 1292 1647 1370 zuletzt auch der kluge, einfallfunkelnde Dialog, den die Um¬
126 1326 489 1385 Genia liegt es so,
514 1348 1635 1411 welt=Staffage zur Illuminierung des Bühnenbildes aufführt,
99 1362 483 1434 hmer nur den glatten
553 1357 1653 1440 besonders beweglich in dem flüssigen dritten Akt auf dem
111 1403 495 1464 durch diesen Selbst¬
501 1409 1642 1486 dankbaren Situations=Schauplatz einer mondänen Alpenhotel¬
106 1446 497 1505 gefühlsverwirrt ge¬
516 1440 1652 1526 Hall. Auf dem Umweg über den Kopf, gedanklich übertragen,
121 1479 493 1542 Vorstellungen ihrer
518 1490 1646 1577 trifft diese Spiegelung dann aber auch unser Gefühl, unseres
99 1510 498 1584 och vorhandenen neu
576 1534 1642 1597 die Stendhal lieben und den Fürsten Pinkler und die
123 1562 493 1619 Beute einer Stunde,
508 1549 1657 1642 Liaisons dangereuses die mit Anatol jung waren und mit
107 1600 504 1658 de ist gar nicht die
511 1619 1645 1681 Herrn von Sala wissend lächelnd an der Lebenswende vor¬
101 1637 497 1703 mmte Sehnsucht nach
512 1644 1650 1726 und rückwärts blickten, die es nicht lassen können, an den
120 1685 490 1738 die früher nie an
514 1679 1640 1767 Küsten zu stehen, zu schauen, wie alles gleitet und vorüber¬
113 1714 500 1773 mmt. Heikler liegt
515 1728 1653 1798 rinnt und die sich trotzdem immer wieder von neuer Welle
115 1766 499 1814 ebenshungrige natur¬
518 1763 1657 1842 zu bunten Trugbildern tragen lassen. Für andere aber
323 1794 507 1850 sich ihm
111 1804 281 1853 Langels
526 1826 1089 1896 hat Schnitzler nie geschrieben.
109 1835 504 1903 öhenrausch der Dolo¬
593 1843 1673 1908 Man hätte dem Werk Bassermanns faszinierende Phy¬
123 1878 501 1934 erklärt zu werden.
980 1874 1651 1942 Monnards Hofreiter war zu
528 1899 985 1960 siognomie gewünscht.
123 1914 508 1970 dem Fluidum und
524 1902 1665 1991 trocken, zu voluminos, die Angeln seines Wesens kuarrten.
130 1951 507 2014 Favoris für junge
526 1954 1669 2036 Ueberzeugend schien die Genia der Triesch und die Hal¬
1464 1996 1515 2048 F
122 1996 511 2051 Einrichtung. Nach¬
522 2003 1321 2094 tung, die Stieler dem Fähnrich gab.
122 2032 517 2088 d, der von Schnitzler
113 2072 510 2127 ng ausgeliefert wird.
126 2107 515 2166 ftlich begehrten Nacht
119 2151 529 2205 Fiterscheinungen über¬
130 2193 520 2236 Glück auszukosten.
119 2219 533 2277 fück, entdeckt das Ver¬
128 2262 533 2316 ich im Duell. Und
116 2305 520 2365 ffallen. Diese Rache
114 2337 529 2412 ag gewiß im Spiel
117 2381 528 2432 as sagen Hofreiters
127 2425 534 2481 nüberstehen Auge in
127 2459 526 2519 Haß des Alternden,
121 2501 525 2558 laus dem frischen un¬
144 2540 530 2596 Gequers herausfor¬
166 2581 526 2641 Besiegte bleibt er
123 2622 536 2680 ksammen. Er wehrt
138 2653 523 2712 zwanzig, Du gehörst
220 2698 533 2748 Und man kann
141 2731 524 2795 )einmal sagt: „Ich
149 2782 520 2829 weiter Entfernung
126 2811 535 2870 her verhallend: „Ich
125 2857 535 2910 thur Schnitzler auch
132 2888 530 2952 geht uns im tiefsten
144 2933 534 2994 nicht geringer, wenn
143 2969 545 3027 s geschieht, mehr er¬
147 3003 522 3065 ematisch den Stoff
153 3052 526 3111 Miterlebens schafft.
161 3090 522 3143 d’amour unser Ge¬
157 3127 545 3201 Erkenmtnisse demon¬
1938 556 2369 656 Kölnische Zeitun
2135 743 2453 872 17 10. 1910
2008 901 2085 960 e
2068 952 2830 1069 Theater und Musik.
1990 1039 2874 1123 Das weite Land von Arthur Schnitzler.
1852 1106 3057 1181 2 Berlin. Eine fünfaktige Tragödie von Arthur Schnitzler: Das
1819 1155 3057 1235 weite Land ist am Samstag in einer ganzen Reihe von Theatern, darunter
1814 1192 3063 1257 auch im Berliner Lessingtheater aufgeführt worden. Das weite
1817 1226 3055 1295 Land bedeutet die menschliche Seele, die auch vom stärksten Gefühl nie so
1821 1294 3063 1339 vollständig ausgefüllt wird, daß nicht Raum bliebe für gefährliche Neben¬
1820 1287 3066 1377 gefühlchen. Der Vergleich ist nicht sehr plastisch; zutreffender wäre der
1814 1344 3066 1430 Titel: Der weite Magen — mit der Nutzanwendung, daß das unvorsichtige!
1823 1388 3063 1470 Knabbern von Süßigkeiten außerhalb der Hauptmahlzeiten Indigestionen
1820 1420 3064 1503 zur Folge hat. Mit „weitem Land“ verbindet man unwillkürlich den Be¬
1833 1462 3072 1542 griff des frei dahinstürmenden Windes; in Schnitzlers Stück aber weht
1836 1524 3068 1581 muffige Boudoirluft und süßlich faules Parfüm, untermischt mit dem Ge¬
1827 1539 3071 1610 ##ruch beizend scharfer Desinfektionsmittel. Daß der Dialog die Handlung
1829 1581 3069 1660 überwuchert, drängt sich um so eher als Fehler auf, als uns die Personen
1838 1616 3073 1691 mit ihrem marklosen Sybaritentum und seichten Lebensweisheit bald herz¬
1831 1662 3075 1736 lich gleichgültig sind und selbst die tragische Schießerei am Schluß nicht mehr
1833 1701 3071 1778 zu lebendiger Teilnahme aufrüttelt. Dazu ist die Hauptperson mit einer ge¬
1837 1741 3087 1816 zierten, müden Spitzfindigkeit so überfein gezeichnet, daß ihr Innenleben uns #
1827 1778 3071 1853 trotz gelegentlicher taktloser Offenherzigkeiten bis zum Ende ein Rätsel bleibt.
1841 1814 3073 1899 Friedrich Hofreiter, ein Wiener Industrieller, tragt — allmählich dämmert
1843 1856 3073 1931 uns das auf — im tiefen Herzen eine sublime Liebe zu seiner Frau, und
1850 1893 3075 1971 seine Frau liebt ihn. Aber die Ehe ist kalt und unbefriedigend. Hofreiter
1841 1935 3078 2006 liebelt mit einer lockern Bankiersfrau, dann mit einem jungen Mädchen,
1846 1989 3076 2048 das zuerst modern starkgeistig auftritt und sich später als lüsternes Gäns¬
1852 2023 3080 2089 chen entpuppt. Er gibt sich keine Mühe, seine Untreue zu verbergen, er
1845 2050 3081 2125 stellt sich sogar, als wenn er auch seiner Frau eine vergnügliche Abschwei¬
1854 2090 3074 2173 fung von der langweiligen Chaussee der Pflicht keineswegs verübeln würde.
1846 2113 3086 2214 So bedauert er wortreich einen Künstler, der sich aus unerwiderter Liebe
1844 2165 3082 2247 zu seiner, Hofreiters, Frau erschossen hat, und macht ihr kaum verhüllte
1850 2231 3088 2285 Vorwürse, daß sie ein hoffnungsreiches junges Leben durch ihre Unbarm¬
1840 2225 3093 2314 herzigkeit geknickt habe. Erst später ahnen wir, daß Hofreiter unter dem
1849 2276 3088 2363 Gewand des frivolen Skeptikers sich mit schmerzendem Dolch zersetzt,
1851 2343 3095 2398 daß jener Künstler infolge eines amerikanischen Duells mit Hofreiter Hand,
1858 2365 3081 2437 an sich gelegt hat. Vergeblich schmachtet seine Frau, die nur aus Liebe zu
1855 2391 3091 2478 ihrem Gatten den verführerischen Anbeter zurückgewiesen hat, nach einem
1858 2433 3097 2520 herzlichen Wort; aufs tiefste gekränkt und entmutigt rächt sie sich, indem
1852 2481 3088 2558 sie dem Beispiel der andern folgt und sich einem blutjungen Marinefähnrich
1857 2529 3095 2601 in die Arme wirft. Hofreiter beobachtet, wie der Fähnrich nächtlicherweile
1858 2552 3102 2635 aus dem Fenster des Schlafzimmers seiner Frau steigt. Einem Freund
1860 2594 3094 2686 gegenüber spöttelt er über die Hörner, die ihm aufgesetzt worden sind, bricht
1862 2636 3096 2716 dann aber mit dem Fähnrich einen Streit vom Zaun, der zum Duell führen
1857 2679 3101 2744 muß, nicht etwa, weil er die beleidigte Gattenehre reinwaschen will — viel
1853 2711 3097 2786 Ehrgefühl steckt nicht in den schlaffen Seelen — sondern aus wildem Grimm
1855 2742 3101 2840 gegen den begünstigten Nebenbuhler. Im Zweikampf schießt Hofreiter den
1858 2779 3106 2877 Gegner nieder. Seine Frau sagt sich von ihm los wegen seiner erbar¬
1857 2840 3105 2906 mungslosen Brutalität, der Tod des Jünglings, der doch nur ein Lücken¬
1864 2874 3100 2946 büßer war, geht ihr nicht sehr zu Herzen; Hofreiter selbst weist das schon
1871 2907 3105 2996 erwähnte Mädchen, das ihm überall hin folgen will, schroff zurück, und
1868 2950 3120 3033 der Vorhang fällt, während draußen die jauchzende Stimme des eben
1861 2994 3109 3069 aus der Pension zurückkehrenden Sohnes des unglücklichen Ehepaars er¬
1868 3030 3105 3104 klingt. Dem Falle Hofreiter sind ähnliche Fälle gegenübergestellt. Als
1863 3058 3106 3156 einziger aufrechter, gesunder Mensch, der von „Herzensschlampereien“.
1865 3109 3106 3179 nichts wissen will, bleibt nur ein leider recht lederner Arzt übrig. Das
1870 3143 3107 3222 Stück, das in Baden bei Wien, während eines Aktes in einem Dolomiten¬
1867 3169 3109 3251 hotel spielt, bringt dann noch eine Reihe unterhaltender Typen: einen un¬
1870 3214 3106 3301 säglich faden Lawn=Tennis=Gecken, einen Nachtcafé=Dichter, einen schön¬
1875 3248 3113 3342 geistig wissenschaftlerischen Zierbengel, eine einfältig plappermäulige alte
1880 3299 3107 3385 Dame der Gesellschaft, einige komische Touristen. Am Schluß hat der Zu¬
1876 3343 3108 3428 schauer das Gefühl: Wozu alle die endlosen Redereien, wozu das Pistolen¬
1965 3371 3113 3472 19? Was gehen mich die Mollusken an, die da ihre weichen, schlei¬
2084 3413 3110 3502 #r durcheinander flechten? Für solche Milieuschilderungen und
2222 3454 3120 3531 der Roman da, auf der Bühne zerfließen sie zu Brei.
2319 3494 3124 3564 12 Heinz Monnard gab die schwierige, wider¬
2359 3530 3122 3590 Hofreiter; als Frau Hofreiter vermied Irene
2379 3572 3142 3636 zern, ihrem Talent ebenbürtigen Aufgaben
2384 3608 3117 3675 intes Wesen. Emanuel Reicher spielte den
2390 3641 3123 3709 Don Juan. Dem Beifall, den das Publikum
2406 3674 3119 3751 erzeugung; er galt mehr andern, bessern
2405 3739 2650 3799 Darstellern.
