3392 4256
731 219 778 269 U
305 198 1269 322 24. Das ite Land
1433 230 1871 325 box 29/5
1714 1301 2647 1352 peratur und mit dem bewußten Ausschluß der
1719 1348 2654 1396 Leidenschaft dramatisch in Bewegung setzt. Das
1719 1383 2654 1439 ist alles unendlich kultiviert, ästhetisch soigniert,
1710 1421 2650 1477 kaum daß sich ein Naturlaut in diese Welt ver###
1709 1461 2654 1501 irrt. Es ist, wie wenn immer in dem Augenblig,
1717 1504 2650 1554 wo man das Hervorbrechen eines solchen Laute
1706 1536 2653 1598 erwartet, das gesellschaftliche Gewässer ihn weg
1713 1577 2655 1636 schwemmte, das Tennisspiel oder sonst etwas.
1708 1615 2651 1669 Man muß wohl Wien ganz kennen, um diese
1714 1657 2646 1715 gewiß typische Wiener Art ganz zu würdigen.
1744 1694 2656 1736 Die Aufführung im Schauspielhaus war arg
1711 1737 2647 1787 gedehnt. Dadurch wurde aus der gedämpften
1710 1772 2648 1826 Stimmung gelegentlich Langeweile. Forster
1716 1816 2652 1866 Larrinaga hat das Stück inszeniert und, wie
1718 1852 2646 1911 man annehmen muß, auch die saubern und hüb¬
1724 1888 2645 1935 schen Bühnenbilder veranlaßt. Er spielte den
1717 1931 2647 1976 Fabrikanten Hofreiter und stellte nicht uneben
1708 1971 2645 2021 den in der Zwickmühle gesellschaftlicher Laxheit
1720 2011 2648 2055 und natürlichen Ehrgefühls hin= und hergescho¬
1720 2047 2647 2101 benen Gatten dar. Ja, das Duell! Es ist halt
1718 2080 2649 2142 doch ein recht brauchbares dramatisches Requi¬
1712 2128 2649 2165 sit. Von den übrigen Darstellern möchte ich den
1710 2167 2645 2228 Doktor von Aigner Otto Framers besonders
2496 2206 2648 2255 durch
1713 2205 2498 2253 hervorheben. Framer steht heute
1711 2241 2645 2295 die Klarheit, Festigkeit und Prägnanz seines
1715 2287 2660 2338 Spiels in der ersten Reihe. Im übrigen wurde
2480 2321 2607 2373 T. K.
1711 2322 2355 2380 einer welkenden Welt ihr Recht.
1745 2367 2640 2424 Bs. Wilhelm Kienzls achtes Bühnenwerk, die
1718 2401 2633 2462 Spieloper Hassan, der Schwärmer, Text
1711 2452 2648 2506 nach einem Märchenstoff aus Tausend und eine
532 2481 1528 2560 Münchener Neueste Nachrichten
1717 2488 2657 2547 Nacht von Kienzls Frau Henny Bauer, ist im
1719 2520 2656 2582 Grazer Opernhaus mit großem Erfolg
1719 2574 2655 2633 aufgeführt worden. Die Musik entwirft ein
820 2569 1200 2678 20 Ans 4926
1715 2612 2656 2667 romantisch gefärbtes, klangschönes Tongemälde,
1720 2648 2656 2710 dessen Höhepunkt ein Ballett im zweiten Akt ist.
1716 2690 2650 2734 Das Ehepaar Kienzl miußte viele Male vor der
801 2690 1704 2752 Münchner Schauspielhaus. Das weite
1728 2728 2654 2785 Rampe erscheinen, um für den starken Beifall zu
758 2734 1696 2784 Land. Tragikomödie von Arthur Schnitzler.
1714 2768 1883 2830 danken.
759 2781 1699 2826 Erste Aufführung. Schnitzlers Werk ist vor dem
775 2826 1698 2863 Weltkrieg entstanden. Die Atmosphäre seiner
1750 2812 2658 2886 Die Junge Bühne in Berlin brachte gestern
775 2859 1702 2912 Entstehung wie die so mancher andern Dichtung
1717 2859 2653 2908 eine Uraufführung der bayerischen Dichterin
770 2893 1695 2939 jener Zeit ist zerblasen. Zwischen den Tagen, als
1722 2905 2652 2956 Maria Luise Fleißer. Das Stück heißt
771 2932 1695 2983 man von dem Wiener Dichterkreis das Wort
1903 2943 2658 3000 euer in Ingolstadt. Die
775 2969 1703 3026 hörte: „wir sitzen im Schatten und sterben" und
1721 2957 2668 3024 Blätter rühmen der Verfasserin unverkennbare
773 2999 1701 3068 dem heutigen Tage liegt das ungeheure Erleben
1722 3016 2652 3077 novellistische Begabung nach, vermissen aber
766 3054 1698 3099 einer Evoche. Dennoch ist etwas von dem Reiz
1713 3056 2648 3105 einen richtigen Aufbau des Dramas. Die Cha¬
777 3099 1697 3143 geblieben, den eine feine und leichte Hand aus¬
1710 3087 2651 3143 raktere seien fein gezeichnet, so daß das Stück
775 3134 1696 3181 übt, wenn sie die Irrungen und Wirrungen
1719 3135 2672 3206 gute Rollen enthalte. Die Aufführung verlief
770 3170 2019 3226 menschlicher Herzen unter einer mäßigen Tem= sehr anregend.
