3392 4096
320 82 461 162 24
731 102 850 157 We
459 80 1278 198 DasLand
1444 95 1869 191 box 29/6
1004 907 2417 967 [Wir geben im folgenden die letzte Szene des vierten Aktes und den
961 963 2402 1035 Schlußakt aus Schnitzlers neuem Werk wieder. So verschlungen die Fäden
966 1017 2413 1084 sind, welche sich in der Dichtung von Person zu Person spinnen, es spricht
960 1065 2411 1128 doch das Wesentliche der Geschehnisse auch aus dem Bruchstück; selbst die
958 1108 2408 1180 starke Spannung, welche sich in der Beleidigung hier löst, wird man nach
964 1166 2402 1231 wenigen Worten fühlen können. — Dr. Mauer, der in der folgenden
958 1208 2410 1261 Szene mit Frau Genia Hofreiter spricht, ist ein alter Freund Hofreiters,
956 1254 2399 1311 ihres Mannes; er will aber nun sich von diesem Kreis zurückziehen, da
950 1302 2403 1379 Hofreiter (im 3. Akt) mit der jungen Erna Wahl ein sehr leidenschaft¬
951 1355 2402 1429 liches Liebeverhältnis angefangen hat, derselben Erna, deren Liebe Mauer
952 1414 2397 1481 zu gewinnen hoffte. Diese heimliche Eifersucht ist es, welche Mauer „von
951 1462 2400 1528 hier forttreibt". Während Hofreiter, der früher mit Frau Natter intime
952 1502 2402 1574 Beziehungen hatte, am Völser Weiher im Gebirge das neue Verhältnis
953 1562 2403 1612 mit Erna Wahl fand, hat seine Frau Genia, die sich lange von aller Lüge
949 1612 2398 1668 freigehalten hat, endlich auch des Fähnrichs Otto von Aigner Liebe
956 1662 2397 1712 gewonnen und ihn an sich gefesselt. Diesen zwingt nun Hofreiter zum
948 1703 2393 1776 Duell. Warum? „Man will nicht der Hopf sein.“ Das leicht klingende
956 1759 2386 1818 Wort hat schwerstes Gewicht. Ein Drang heraus aus dem Wirrnis
944 1795 2389 1860 liegt darin, ein Moment tiefster Erbitterung. Aber es ist besser, solche
945 1849 2386 1917 Worte klingen, in sich wirken zu lassen, als sie zu deuten. Frau und
954 1915 2397 1954 Geliebte Hofreiters stehen stumm und hören das krasse Wort, und über
950 1951 1588 2018 allem liegt es wie ein Fatum.
997 2009 2387 2076 Im fünften Akt vollendet sich das Spiel. Erna, die Hofreiter mit
947 2050 2395 2128 voller Hingabe der ersten Liebe liebt, tritt noch ganz sicher auf; ganz
938 2104 2397 2162 aus der Bahn geworfen Frau Genia. Da kündigt das Telegramm die
950 2157 2394 2212 Ankunft ihres Sohnes Percy an. Hofreiter hat ihn — wohl in dem
948 2205 2391 2256 Instinkt, ihn dem zerrissenen Leben seines Hauses entziehen zu müssen —
949 2265 2394 2323 nach England zur Erziehung gegeben. Er sollte schon längst zurück sein
941 2312 2393 2354 zum Ferienbesuch. Vieles wäre dann vielleicht anders, denn gerade um
948 2355 2393 2406 ihr Verhältnis mit dem Fähnrich leichter geheim halten zu können, hat
952 2402 2388 2475 seine Mutter Genia ihn noch ferngehalten. Nun trifft er ein mutter¬
937 2460 2393 2523 loses Heim, und seine frohe Stimme zerbricht zuletzt allen Halt in der
941 2508 2386 2561 Seele seines Vaters. Frau Meinhold, die einzige unangetastete Frauen¬
945 2557 2393 2613 gestalt der Dichtung, die stolz und gütig lebt, ist auch die einzige, die
939 2608 2391 2672 im Allertiefsten getroffen wird. Sie verliert mit Otto von Aigner,
943 2653 2388 2703 ihrem Sohn aus geschiedener Ehe, alles was das Leben für sie noch hatte.
943 2703 2387 2755 Noch lebt sie in dem Irrtum, er sei nur abgereist, und kommt aus
943 2743 2381 2822 ihrer ungewohnten Einsamkeit zu der Frau, die sie gern hat und die
944 2794 2269 2868 ihrem Sohn lieb war. Da tritt der ein, der ihn erschossen hat.
979 2853 2383 2922 Das „weite Land“ ist im Verlag von S. Fischer in Berlin erschienen.]
1449 2914 1857 2994 Das weite Land
1384 2985 1928 3053 Vierter Akt, Schlußszene
986 3021 1937 3086 Mauer: Ich muß leider fort, gnädige Frau.
987 3088 2373 3150 Genia: Und es ist wohl anzunehmen, daß man Sie in der nächsten
931 3140 1549 3204 Zeit hier nicht sehn wird ...
984 3180 1941 3254 Mauer: Es ist anzunehmen, gnädige Frau.
980 3230 2378 3284 Genia (sieht ihn an): Es tut mir leid, daß ich einen Freund ver¬
924 3282 2373 3340 loren habe. Auch ich, die wahrhaftig ohne Schuld ist, wenigstens gegen
924 3341 2380 3393 Sie. Warum antworten Sie mir nicht, Doktor? Ich will mich nicht in
899 3421 1393 3500 2. Novemberheft 1911
2219 3400 2346 3489 29
