3344 4352
1355 162 1812 249 box 28/4
233 157 1217 258 24. Das weite Land
433 1371 1628 1452 Ausschnitt ausfeneralanzeiger für Düsseldorf
1019 1436 1338 1515 Düsseldorf
674 1471 947 1550 27 10.191
432 1514 610 1574 vom:
591 1525 652 1606 1
3172 1658 3219 1710 W
500 1616 1271 1771 Sudermann und Verwandtes.
1398 1705 2315 1768 Die Grenzen seiner Persönlichkeit läßt der Dichter
2324 1728 3297 1810 gestellten Gattin Lykons und Pflegevater von Lykons
1353 1735 2316 1814 freilich auch hier, gerade hier erkennen, indem er seinen
376 1732 1350 1830 (Zu den Uraufführungen von Sudermann
2321 1774 3292 1841 adelig geratenen zwei Kindern. Nichtsdestoweniger hat
1367 1778 2312 1844 Feldherrn viel vom Sieg im mehr oder minder äußeren
694 1798 982 1839 und Schni#!
2325 1806 3293 1885 Arratos — töricht=raffiniert! — jede Nennung von
907 1805 1090 1877 ebesnpenhetneg
1361 1817 2307 1890 Sinn reden, jedoch wenig von innerer Fülle offenbaren
433 1811 1344 1910 Aus Berlii Erganzung unserer Draht¬
2317 1842 3273 1916 Lykons Namen strengstens verboten! Da, gerade am
1365 1854 2298 1922 läßt. Ja, das Werk ist geradezu aufgebaut auf heißer
372 1860 1310 1945 meldung über Sudermanns jüngstes Werk geschrieben:
2317 1886 3271 1959 zehnten Jahrestag jenes angeblich von Arratos errun¬
1354 1891 2297 1962 Sehnsucht nach weltlichem Erfolg, auf heftiger Angst vor
443 1913 1351 1988 Trotz allem, was seit mehr als einem Jahrzehnt an
2319 1928 3263 1996 genen Siegs, der gleichbedeutend ist mit des Arratos
1364 1931 2308 2003 dem Vergessenwerden, Sudermann erfindet im ersten
390 1951 1348 2018 Sudermann genörgelt ward, sind die Sudermann¬
2320 1962 3268 2037 Regierungs=Antritt — gerade da taucht in Syrakus ein
1362 1968 2301 2043 der sechs Akte, im „Vorspiel“, eine allegorische Flügel¬
389 1979 1349 2061 Premieren in Berlin doch immer noch „große Abende“
2305 2010 3265 2073 elender, geschundener, blinder Bettler auf, der da be¬
1347 2014 2300 2081 gestalt, die mit der Keule auf schlafende Krieger hinweist
3261 2025 3312 2073 37
386 2026 1346 2097 der Spielzeit. Allerdings sind sie aus künstlerischen Er¬
2311 2039 3262 2109 hauptet, Kunde zu bringen von Lykons letzten Schick¬
1347 2047 2300 2113 und sich als einen bösartigen Bruder des Todes bekennt:
376 2068 1164 2134 eignissen allgemach gesellschaftliche geworden.
2305 2080 3306 2154 salen. Der Bettler ist Lykon oder vielmehr sein schlechter= w
1346 2093 2297 2157 als den radikalsten Auslöscher menschlichen Lebens, als
436 2110 1346 2169 Die anspruchsvollsten Kenner und Liebhaber der dra¬
2305 2113 3029 2184 dings nicht wiederzuerkennender Schatten.
1353 2123 2302 2192 den Bringer des Vergessenwerdens. Und der dramatisch¬
379 2128 1339 2218 matischen Muse, die dem durchschnittsmäßigen Theaterge¬
2343 2153 3263 2223 Der blinde Bettler bringt nun mit ätzender Rede
1345 2162 2294 2233 theatralische Kampf der folgenden fünf Akte empfängt seine
3258 2169 3304 2233 vi
368 2176 1340 2250 triebe fernbleiben und nur bei literarisch vielversprechen¬
2306 2188 3255 2268 Leben ins politische Leben von Syrakus. Erk gewinnt
1348 2201 2295 2287 Nahrung aus der Rache des Helden an dem, der ihn in
372 2219 1341 2288 den Erstaufführungen im Zuschauerraum auftauchen, sie
1344 2239 1687 2294 Vergessenheit stieß.
2296 2232 3253 2308 die Bettler, die eigenen Kinder (ohne daß sie den Vater
373 2256 1348 2334 kommen schon längst nicht mehr zu Sudermann (soweit
2294 2266 3266 2344 erkennen), die Bürger, die Söldner. Er verhindert den
1392 2273 2292 2345 Welch bedenkliche überschätzung des armen fragwür¬
378 2297 1334 2371 sie nicht etwa als gewerbsmäßige Nörgler der Presse dazu
2294 2306 3269 2389 drohenden überfall von Seiten der karthagischen Flotte.
1344 2307 2293 2395 digen Dings, das man Nachrühm nennt! Das Untiefe
369 2339 1331 2411 verpflichtet sind). Sie erwarten sich von ihm keine über¬
2293 2348 3287 2430 Dabei wird er schwer verwundet, behält aber doch das h
1337 2357 2288 2429 dieses Grundgedankens muß auf das ganze Werk ver¬
360 2375 1335 2444 raschungen, keinen Fortschritt mehr. Dafür aber drängt
2300 2386 3282 2473 letzte Wort; der falsche Freund Arratos vergiftet sich,
1341 2391 2280 2469 flachend wirken und etliche schiefe Konstruktion zur Folge
368 2415 1331 2488 das wohlhabende Berlin W., das so viel Zeit totzu¬
2299 2433 3278 2503 und des Lykon Sohn wird die Herrschaft antreten. Sein)e
1342 2432 2286 2508 haben. Doch soll dem Dichter nicht vergessen werden, daß
367 2455 1329 2526 schlagen hat und soviel Themen für die Soupergespräche
2297 2465 3246 2538 anderes Kind aber, die kaum erblühte Jungfrau, ahnt
1330 2463 2275 2543 er den Gedanken in seinem Helden entschlossen durch¬
368 2487 1319 2561 des Winters braucht, um so unermüdlicher zu den Suder¬
2295 2503 3249 2592 unmittelbar nach des Bettlers Tod: „Das kann nur Einer
1335 2510 2286 2584 führt: sein Feldherr rächt sich für den Sturz ins große
368 2529 1326 2602 mann=Abenden. Der erfolgreiche Autor darf sich auf alle
2292 2544 2622 2598 gewesen sein ...“
1338 2550 2294 2630 Dunkel, allein er selber tritt auch wirklich nicht mehr aus
359 2561 1325 2636 Fälle des Bewußtseins freuen, daß er mindestens eine ge¬
1328 2584 1810 2652 dem Vergessensein hervor.
2318 2586 3246 2654 Man sieht, Sudermann hat sichs nicht geringe Mühe
360 2607 1340 2698 sellschaftliche Macht ist und bleibt, bis etwa eine siegreiche
2281 2596 3236 2695 kosten lassen, eine Tragödie großen Stils zu ersinnen.
1369 2628 2279 2713 Die Vorgeschichte ist etwas unklar. Soviel steht jeden¬
353 2645 1324 2729 „süngere Mode seine Werke aus der Öffentlichkeit ver¬
2289 2657 3240 2729 (Die gelegentliche Ahnlichkeit mit dem Motiv des heim¬
358 2687 501 2740 treibt.
1331 2664 2265 2749 falls fest: der Held, Lykon, Feldherr der Syrakusaner,
2286 2699 3228 2771 kehrenden Odysseus kann ihm nicht zum Vorwurf gemacht
1322 2713 2271 2784 hat einen falschen Freund mit Namen Arratos, der im
400 2723 1317 2797 Soweit aber ists mit Hermann Sudermann keines¬
2285 2736 3226 2813 werden.) Er hat fast das gesamte Solistentum des König¬
1330 2757 2275 2828 verräterischen Bündnis mit dem Karthagerfeldhauptmann
353 2762 1317 2833 wegs gekommen. Und nach dem Gesamteindruck des
2284 2774 3233 2838 lichen Schauspielhauses auf die Bühne gerufen, hat alle
1329 2792 2268 2865 ihn bei einer Schlacht in der Quellenschlucht beseitigen
341 2803 1316 2874 gestrigen Abends wird ers auch in absehbaren Zeiten
2279 2811 3237 2883 Mittel des Theaters zu Hilfe genommen: ergreifende
1327 2833 2263 2899 will, um selbst die Herrschaft über Syrakus zu ergreifen.
346 2841 1319 2916 nicht dahin kommen lassen. Sein neuestes Werk, „Der
2279 2851 3237 2911 Zwiesprachen und wildbewegte Massenszenen, Symposion
1324 2871 2271 2934 Der Plan gelingt nicht völlig. Durch des Lykon Helden¬
352 2880 1308 2949 Bettler von Syrakus“ zeigt einen sehr entschie¬
2277 2895 3228 2965 mit Hetärengelächter und Revolution mit frischem Blut¬
1315 2919 2265 2978 mut wird ein Sieg erfochten, wobei Lykon nicht getötet,
345 2914 1315 2991 denen und sehr achtungswerten Willen, alle Kraft zu¬
2271 2937 3220 3000 geruch. Und die Hauptrolle gibt Gelegenheit zu einer
1317 2947 2263 3021 sondern bloß verwundet, von den Karthagern geblendet
339 2958 1309 3029 sammenzufassen und mit ehrlichen Mitteln den Erfolg zu
2273 2967 3233 3046 großen schauspielerischen Leistung. Daß die Handlung
1321 2990 2257 3056 und eingekerkert wird. Dies ereignet sich zwischen dem
337 2998 1299 3064 erzwingen. Im Vorspiel vernimmt man sogar ein Paar
2274 3011 3225 3078 noch durch die Verquickung mit völlig entbehrlichen
1320 3023 2261 3099 Vorspiel und der eigentlichen Tragödie, die zehn Jahre
332 3035 1312 3099 Herzenstöne des Helden, die wohl als Bekenntnisworte
2273 3044 3217 3114 karthagischen Geschichten verbreitert und verwirrt wurde,
1311 3062 2262 3133 nach der verhängnisvollen Schlacht einsetzt. Allzu kunstvoll
335 3065 1301 3138 des Dichters gedeutet werden könnten. Es klingt an
2279 3081 3225 3163 läßt sich wohl nur aus der Absicht erklären, daß das Bild
1311 3103 2257 3168 in Brocken und Bröckchen verteilt, werden die entscheiden¬
331 3109 1301 3183 Hauptmanns Selbstgespräche in der „Versunkenen Glocke“
2265 3120 3046 3195 äußerst bunt und figurenreich werden sollte.
1308 3141 2258 3225 den Vorgänge von damals nun während der ersten Tra¬
325 3145 1310 3225 an (nicht im Sinne einer Nachahmung!), wenn hier
2308 3165 3225 3234 Schaut aus solcherlei Zügen, wie auch namentlich aus
1317 3176 1742 3236 gödienakte nachberichtet.
336 3182 1314 3276 der Feldherr ungefähr klagt, daß er, der doch auszog,
2251 3194 3214 3271 der unausgegorenen Fabulierung der Heldengattin und
1344 3220 2257 3281 Der falsche „leishinwandelnde“ Arratos, ein wachs¬
337 3227 1297 3297 das Hohe oder die Hohen zu ehren, so viel Schimpf und
2269 3246 3217 3314 des verräterischen Leisetreters der Theatraliker deutlich
1311 3256 2257 3330 weicher Tyrann und durchsichtiger Intrigant, ist nun seit
336 3275 1305 3354 Spott ernte; wenn er die Götter aufleht, ihm redliche
2270 3283 3217 3347 hervor, so fehlt es doch auf der anderen Seite diesmal
1312 3296 2246 3363 zehn Jahren Herr von Syrakus und überraschender¬
321 3306 884 3381 Kraft zum Sieg zu verleihen.
2262 3322 3229 3381 nicht an ernstlichen Versuchen, gediegene Charakteristik!
1303 3338 3242 3437 weise auch Gemahl der im Vorspiel überaus ideal dar= zu geben und grobe Kulisseneffekte zu meiden. „Der
2884 4091 2954 4162 4
3245 2769 3311 2821 rech
3235 2965 3309 3019 ver
3235 3034 3303 3091 wan
3232 3076 3315 3127 zwei
3237 3117 3309 3164 Irr
3229 3197 3295 3237 nati
3226 3274 3302 3317 ure
3221 3311 3310 3362 inn
