3344 4320
246 111 1193 210 24. basLand
1364 99 1806 185 box 28/4
2231 86 3103 149 der Lösung auf, um sie lächelnd gegen einander ab¬
2228 136 3104 180 zuwägen und achselzuckend sein ignorabimus zu
2232 173 3100 235 sprechen. Was soll man tun, wenn die Fundamente
2229 225 3104 265 einer Ehe zu bersten beginnen? Man kann es
2231 264 3098 321 machen wie der etwas affektierte Dr. von Aigner,
2227 311 3099 361 der jetzt Hoteldirektor in den Dolomiten ist und einst
2223 346 3107 392 das schwere Verbrechen begangen hat, vor dem
2221 392 3094 445 einer meiner Freunde einmal mit dem tiessinnigen
2217 439 3101 489 Gebot gewarnt hat: „Laß dich nie auf einer Wahr¬
2219 484 3099 538 heit ertappen!“ Er hat es seiner Frau gestanden,
2223 531 3095 587 vielleicht aus Eitelkeit, und die Folge war
2220 574 3091 627 eine Trennung von Jahrzehnten, weil Madame die
2220 610 3093 662 Wahrheit nicht ertrug, sondern ihn verabschiedete.
2213 655 3094 718 Vielleicht ist vies die stärkste Form der Liebe? Oder
2217 702 3101 760 die andere, die der Bankier Natter anwendet, der sich
2209 753 3096 808 unheimlich, daß er, der Vierziger, sich durch
2216 794 3088 841 Niederträchtigkeiten gegen ihre Liebhaber rächt? Oder
2215 836 3102 896 die der armen Frau Genia, die einen Don Juan
2208 873 3092 929 zum Gatten hat und ausharrt? Doch ihre Tugend,
2219 922 3091 963 um derentwillen sich ein schwärmerischer Musiker er¬
2219 963 3096 1012 schießt, wird dem Herrn Gemahl nur unheimlich. So
2221 1012 3097 1069 unheimlich, daß er, der Vierziger sich durch
2211 1054 3100 1114 die Verführung eines jungen Mädchens erholen
2219 1086 3092 1150 wirft sich einem schlanken Fähnrich in die Arme. Aber
2208 1139 3103 1200 wirft sich einem schlanken Fähnrich in die Arme,ss Aber
2211 1183 3089 1244 da kracht die ganze morsche Gesellschaft wie mit
2208 1219 3095 1294 Donnergepolter in sich zusammen. Aus dem frivolen
2217 1275 3094 1333 Spiel wird durch allerlei Zufälle schrecklicher Ernst:
2210 1324 3093 1374 es kommt zu einem Duell, das ohne Haß, ohne Liebe,
2209 1363 3093 1419 ohne Wut, nur weil es so Sitte ist und der Ehemann
2205 1411 3100 1463 nicht gern „als der Dumme“ dastehen möchte, aus¬
2215 1461 3095 1514 gefochten wird, und bei dem der arme Fähnrich als
2218 1489 2440 1545 Opfer fällt.
2269 1545 3078 1605 Diese Vorgänge, von einem unvergleichlich ge¬
2203 1583 3084 1643 wandten Schachspieler durcheinander geschoben, wer¬
2211 1626 3090 1693 den von einer Kette der liebenswürdigsten und geist¬
2211 1673 3093 1741 reichsten Dialoge geschmückt. Schnitzler ist einer der
2211 1722 3081 1778 wenigen Weltmänner, die die deutsche Bühne von
2208 1759 3083 1821 jeher besessen hat, und er weiß, von
2210 1805 3090 1874 festem Wiener Boden aus, die gesellschaftliche
2199 1845 3086 1910 Atmosphäre seiner Menschen wunderbar zu treffen.
2190 1899 3074 1949 Er käme darin wie in der graziösen Entschlossenheit
2185 1939 3078 2001 der Problemstellung den Franzosen der Dumaszeit
2195 1985 3071 2044 nahe, wenn er nicht durch ein etwas ibsenhaftes
2191 2013 3081 2081 Spiel mit Symbolen der Alltäglichkeit — eine Auto¬
2191 2072 3078 2125 fahrt „ins Dunkle“, Felsen, die man einst erklettert
2183 2111 3077 2168 und nun nicht mehr besteigen kann, Tennismatchs
2193 2162 3081 2216 durch die „endlich das Verhältnis klar gestellt werden
2185 2208 3078 2264 muß“ usw. — zu einer tieferen Deutung strebte, die
2185 2238 3072 2308 freilich weder nötig wäre noch recht verfängt und
2194 2295 3073 2339 namentlich durch ein Fragezeichen, mit dem er uns
2198 2331 3075 2391 am Schluß entläßt, der Klarheit seines seinen Spiels
2186 2374 3068 2439 schadet. Dafür gelang ihm auf diese Weise der
2195 2417 3071 2487 Umschwung zum Tragischen. Wir haben selbst erst
2183 2462 3064 2524 in den letzten Wochen in Berlin erlebt, wie die
2192 2517 3073 2584 Spielereien einer entarteten Gesellschaftsschicht zu
2187 2557 2687 2606 einer Trgödie führen können.
2237 2594 3071 2655 Es fehlt mir leider an Raum, diese meisterhafte
2172 2645 3061 2706 Kunst zu würdigen, mit der das Lessing=Theater
2184 2687 3058 2748 dies leichte und doch reiche Schauspiel lebendig
2195 2730 3058 2788 machte. Nur mit einem Worte kann ich Herrn
2194 2773 3063 2835 Monnard und Frau Triesch als Trägern der
2192 2821 3065 2878 Hauptrollen danken und die Damen Sussin,
2191 2854 3054 2917 Herterich, Grüning, die Herren Marr,
2183 2895 3062 2965 Stieler, Reicher, Ziener, Froböse
2178 2943 2702 3000 nennen, die ihnen sekundierten.
2842 2952 3023 3008 M. O.
2227 3045 3060 3095 Schnitzlers Werk wurde gestern auch an mehreren
2187 3096 3060 3148 a##e,en großen Bühnen gleichzeitig aufgeführt. Ueber
2185 3138 3065 3194 die Aufnahme des Stückes gehen uns folgende Tele¬
2174 3183 2937 3242 gramme unserer Korrespondenten zu:
2227 3235 3057 3284 Im Münchener Residenz=Theater
2184 3268 3054 3317 bereitete das Publikum Schnitzlers Traggikkomödie, die
2179 3318 3054 3373 durch eine vorzügliche Darstellung unterstützt wurde,
2176 3357 3062 3419 eine warme Aufnahme, nur nach dem letzten Akte
2173 3400 3049 3462 stellte sich leiser Widerspruch ein. — Am Prager
2179 3448 3049 3502 Neuen Deutschen Theater sand „Das weite
2168 3481 2710 3546 Land“ einen vollen Erfolg. —
2718 3492 3048 3549 Am Leipziger
2171 3533 3055 3599 Stadt=Theater begegnete Schnitzlers Drama
2171 3583 3047 3639 vielem Interesse, das jedoch gegen Schluß erheblich
2171 3633 3044 3682 abflaute. Der Beifall galt zum großen Teile der
2161 3667 2645 3725 ausgezeichneten Darstellung.
2742 3671 3045 3722 Am Wiener
2167 3714 3048 3772 Burgtheater erzielte Schnitzler einen
2160 3760 3044 3806 großen, von Akt zu Akt sich steigernden Er¬
2165 3796 3036 3866 folg. Die Darstellung (Arnold Korff als Hofreiter.
2153 3844 3035 3905 Lilly Marberg als Genia und Marie Hofteufel als
2151 3877 3074 3960 Erna Wahl) leistete Hervorragendes. Nach dem ersten
