3344 4608
1231 161 1690 260 box 28/4
530 187 620 255 W
115 187 1091 293 24. Das seite Land
1727 1103 1864 1187 M
1857 1150 3114 1237 keit bleiben können. Dasplötzlich wirft der tieferregte Mann dem
624 1173 1856 1263 vorgestern begegnet dem Ehebrecher von heute. Was jener damals
1861 1198 3116 1279 Liebhaber vor aller Welt eine Beleidigung ins Gesicht und tötet ihn
351 1204 611 1299 0
626 1221 1854 1309 erlebte, erlebt dieser jetzt. Beide lieben nur allein die eigene Frau;
60 1225 373 1321 Land.“
1852 1254 3117 1330 im Duell. Dazu treibt ihn nicht der konventionelle Ehrenkodex, nicht
629 1264 1853 1346 aber weil wir Menschen „komplizierte Subjekte“ sind, ist ihnen die
1869 1283 3119 1362 einmal das verletzte Ehrgefühl, sondern nur die elementarste Liebes¬
40 1309 575 1385 n Arthur Schnitzler.
632 1303 1856 1383 wahre Liebe nicht zugleich ein Grund zur Treue. Die Liebe beider
1854 1312 3116 1406 leidenschaft. Neben ihm darf der andere nicht leben; nicht weil die
627 1356 1869 1438 Männer wird durchkreuzt von Liebeleien. Die Liebe zur Frau ist
34 1361 355 1436 essingtheater.)
1867 1354 3110 1451 Frau, die jener besessen, seine angetraute Gemahlin, die Mutter
627 1387 1870 1458 unendlich", ist „Anbetung"; trotzdem geht der Mann zu anderen
31 1399 627 1489 ieses Stück nicht gerade über¬
1867 1404 3114 1490 seines Kindes ist, sondern weil sie das von ihm heimlich angebetete
626 1429 1874 1514 Weibchen und Mädchen. Im früheren Falle hatte sich die geliebte
38 1452 625 1516 doch nach leisen gelegentlichen
1873 1442 3123 1531 Weid ist. Deshalb mußte schon jener Künstler, deshalb muß nun
632 1468 1881 1558 Frau vom ungetreuen Gatten losgesagt. Sie hatte Ersatz in einem
38 1493 634 1562 ünschte zum Schluß dem Dichter
1877 1484 3120 1573 dieser arme Junge in den Tod. Der Rächer seiner Liebe bleibt mit
621 1502 1876 1596 künstlerischen Beruf gesucht und ihren Sohn zu einem tüchtigen. ar¬
41 1542 633 1611 rektor Brahm und entschuldigte
1876 1522 3119 1617 sich allein. Die Frau sagt sich los von ihm, wie jene ältere. Das
625 1547 1876 1640 beitenden Menschen erzogen. Wie sich im jetzigen Falle die Frau
39 1580 633 1649 1 daß er zur Uraufführung des¬
1870 1559 3126 1664 Mädchen, das sich an ihn hängen will, schüttelt er ab. Und während
634 1592 1875 1688 zum Betruge des liebenden Gatten stellt, ist schon komplizierter und
29 1619 636 1699 druck blieb fast nach allen fünf
1863 1615 3128 1706 alles aus ist, ertönt die Stimme des heimkehrenden Knaben, der in
635 1629 1875 1726 wird deshalb Gegenstand des Dramas. Sie hat keinen Beruf, wie
56 1659 632 1725 am meisten der mittelste, weil
1866 1671 3130 1739 einem einzigen Jubelgruß die zwei Worte zusammenfaßt, die dem Kinde
627 1678 1867 1766 jene Andere. Auch ihr Söhnchen ist fern. Sie ist bloß eine Dame
31 1685 639 1775 oßen Dolomitenhotels während
1874 1699 3119 1781 noch zusammengehören, die Worte: „Mutter! Vater!“ Der Knabe
643 1713 1886 1809 mitten in der Gesellschaft und eine vereinsamte Frau. Rings um sie
52 1749 631 1813 n Hauptpersonen einige belusti¬
1880 1744 3130 1823 ist erst dreizehn Jahre alt. Noch dreizehn Jahre, und er liegt viel¬
641 1760 1877 1847 her die parfümierte Wiener Cottagewelt mit ihren Typen des Faden,
48 1782 648 1851 rassen Effekte der beiden Schluß¬
1877 1779 3120 1872 leicht auch totgeschossen da, weil er sich mit der geliebten Frau eines
637 1801 1875 1892 des Blöden, des Geistreichen, des Molligen, des Verderbten und Ueber¬
55 1827 647 1900 dtödlicher Ausgang, hätten noch
1872 1830 3123 1904 geliebten Mannes einließ. Das ist die tragikomische Perspektive,
635 1855 1867 1933 seinerten, des Luges und des Truges. Kreuz und quer wird durch¬
42 1872 645 1943 ommen wären. Das Publikum
1868 1880 2502 1955 der Ausblick in das weite Land.
647 1886 1875 1975 einandergeliebelt, und der Mann, trotz der Junendlichen“, „anbeten¬
52 1920 647 1981 s Dialogs übermüdet, die man
1919 1909 3131 1993 Das Problem ist tadellos gestellt und tadellos gelöst. Vielleicht
635 1929 1882 2010 den“ Liebe zur eigenen Frau, liebelt hin und her, die Kreuz und die
49 1955 645 2028 darf. Dabei waren gerade die
1882 1973 3137 2050 geht das Exempel allzu mathematisch richtig auf. Man stimmt zu,
637 1971 1879 2063 Quere: zuerst ist es das wogende Bankiersweib, dann ist es das
40 1993 643 2068 enen leider am unlebendigsten,
1869 2002 3140 2090 aber man wird nicht warm. Dieser Mangel an Wärme, an Liebe zu
648 2014 1883 2103 moderne Mädchen, das nur noch die physische Unschuld an ihn zu ver¬
69 2044 648 2110 n Wesen der Menschen erzeugt,
1872 2046 3145 2129 seinen Menschen überrascht gerade bei Schnitzler. Sonst würde man,
44 2072 659 2145 tgang des Publikums erschwert
640 2082 907 2154 lieren hat.
1884 2087 3127 2174 wenn man nicht wüßte, wer der Verfasser ist, ihn am frischen, herzi¬
695 2098 1884 2182 Alles das sieht, hört, fühlt, weiß die Frau, die ihren treulosen
54 2119 649 2190 ch noch nachhelfen. Es ist doch
1890 2129 3138 2219 gen Plausch, an der Wiener Sciroccoatmosphäre und an der humo¬
649 2139 1884 2228 Mann ebenso intensiv liebt wie er sie. Auch vor ihr steht als
45 2157 657 2231 in dem so wenig Treue gehalten
1886 2178 2810 2262 ristischen Lebendigkeit von Nebenfiguren erkennen.
646 2188 1878 2272 Spiegelbild aus jener älteren Ehe deren weibliche Hälfte. Wie die
59 2210 651 2278 e hin dem Titel treu bleibt.
1931 2202 3140 2297 Diese Nebenfiguren hatten auch in der vortrefflichen Darstellung
638 2230 1896 2326 zwei Männer, so haben auch die zwei Frauen darüber ihr Raisonne¬
71 2257 643 2319 Land“ — es soll die mensch¬
1883 2272 3114 2351 das dankbarere Teil erwählt. Fräulein Grüning als „verteppte“
653 2260 1896 2359 ment. Von der älteren erfährt die jüngere, daß nicht einmal ein
54 2300 652 2367 Prama der Vorzeit hätte diesen
1895 2296 3142 2392 Salonmutter, Herr Forest als Kaffeehauspoet in Schlangenwindung.
646 2306 1884 2401 Kind den verlorenen Mann, den man liebt, zu ersetzen vermag, daß
53 2347 656 2411 akespeares „Hamlet", Goethes
1895 2346 3134 2433 ein Peter Altenberg, dem die Haare wieder gewachsen sind, Herr
650 2338 1889 2439 solch ein Verlust unvergeßlich ist, und daß die größte Liebe die¬
43 2379 654 2450 arzers „Jüdin“ — ich erwähne
1882 2390 3144 2467 [Rickelt als erschöpfter Hochtourist, Herr Ziener als Tennis¬
656 2384 1895 2488 jenige ist, die niemals verzeihen kann. Aus diesen inneren, gefühlten
55 2415 655 2487 sen könnte man alles so nennen.
1889 2426 3140 2519 dauerspieler, Herr Loos als halbasiatischer Oberleutnant boten die
651 2420 1894 2519 und durchlittenen Erfahrungen springt auch ihr eine Tat, eine Schuld
52 2460 652 2533 ieße sich auch vom Standpunkte
655 2474 1897 2562 hervor. Ihre noble Erscheinung, ihr seelischer Adel, ihre schein¬
1894 2481 3144 2561 wünschenswerteste Zerstreuung. Daneben zeigten sich an bescheidene¬
55 2506 663 2575 ktane hätte seinen tiefsten Roman
647 2526 1886 2611 bare Ruhe, und doch der unverkennbare Zug des Entbehrens — die
1897 2519 3148 2602 rem Platze nicht ungefällig zwei neue Erscheinungen, Herr Walter
47 2543 658 2628 er er wählte für sein Aushänge¬
660 2551 1899 2647 Gigerln, die faden Alfreds, die Leute vom Café Größenwahn gehen
1886 2579 2341 2659 und Fräulein Busch.
57 2580 661 2661 nte ihn „Essi Briest“; alle diese
654 2598 1894 2689 daran vorbei; aber gerade auf tiefere, seinere Mannesnaturen macht
1901 2590 3144 2685 Sie alle hatten es leicht. Am schwersten hingegen hatten es die
57 2636 656 2716 Auge auf, wie ein weites Feld
1904 2642 3147 2727 Darsteller jenes wiederspiegelnden Ehepaares. Herr Reicher und
656 2646 1895 2728 das Eindruck. Ein befreundeter Arzt bleibt nicht gleichgültig, doch
652 2681 1899 2774 da er „kein Freund von Herzensschlampereien“ ist. so entstebt nichts
1895 2690 3142 2771 Fräulein Sussin. Obwohl der Mann wirklich so eine Art von Alpen¬
43 2704 658 2789 der Wiener Schnitzler schon ge¬
659 2737 1902 2814 daraus. Ein Künstler erschießt sich ihretwegen. Zuletzt erhört oder
1896 2728 3149 2812 könig ist und die herrliche Dolomitengegend durch Hotels und
67 2761 666 2833 schon manches Drama mit glei¬
661 2765 1904 2852 verführt die gereifte Frau einen netten jungen Burschen, eben den
1905 2770 3143 2851 Kunststraßen kultiviert, obwohl ein lebendiges oder wenigstens erst
63 2802 662 2868 s für den weiten Titel innerlich
1904 2812 3147 2892 seit kurzem verstorbenes „berühmtes Muster“ kaum zu verkennen ist,
663 2810 1528 2901 Sohn jenes älteren gegenbildlichen Ehepaares.
59 2829 662 2910 tikett von außen in ein erklären¬
707 2827 1905 2927 Der Mann weiß alles, so wie sie von ihm alles weiß. Nur das
1899 2854 3154 2938 so hat ihn doch der Dichter gar nicht individualisiert und nur ein
56 2885 671 2956 ichter stellt seinem — wenn man
669 2876 1905 2974 eine weiß sie nicht, daß er von ihrer „Revanche“ weiß, und daß er
59 2922 665 2998 elbild entgegen, etwa wie Rai¬
71 2908 3160 3059 ge begegnet ein Ehebrecher von sie wahrhaft, daß er sie allein liebt. Alles hätte in der Heimlich= zweibeiniges „postto, ich setze den Fall“ aus ihm gemacht. Herrn
