3392 4256
287 89 1277 231 24. Das weite Land
1409 118 1869 225 box 29/3
399 1313 3326 1465 Auf meiner letzten Karpathenfahrt hatte! improvisierte Lagerstätten ihre Frachten sungszwischenstelle eines nahe operierenden“
297 1401 1313 1506 rentestigen uid serensisen Mese Gie stn ur
1303 1408 2309 1524 beschen unt Sermng un une in sesen, jonl
298 1469 1302 1541 an, wieder menschlich nah zu sein. Wir leben wie¬
2388 1437 3325 1566 Genter Ligef Gilie bern dad in einem
1305 1488 2314 1584 es geht, aber diese Ordnung ist doch etwas künst¬
2319 1508 3017 1604 Spiel? List oder Spaß heißt es da.
298 1507 1299 1590 der sozusagen — auf demselben Stern.“ Trotz alle¬
1306 1532 2311 1618 liches... Das Natürliche ist das Chaos.
304 1563 1309 1646 dem stellt Hofreiter unmittelbar darauf den jungen
2381 1560 3274 1656 Mauer: Spiel —?] Ja, wenn es so wärel..
1306 1600 2069 1678 Ja mein guter Hofreiter, die Seele.
2101 1608 2309 1692 ist ein
306 1616 1303 1707 Marineoffizier in brutaler Weise und schießt ihn am
2301 1606 3303 1699 Ich versichere Sie Genia, nicht das geringste hätt'
1305 1635 1676 1712 weites Land .. .“
300 1672 1004 1742 nächsten Morgen über den Haufen.
2312 1664 3305 1749 ich einzuwenden gegen eine Welt, in der die Liebe
1391 1684 2303 1775 Den sittlichen Standpunkt dagegen vertritt Dr.
374 1715 1307 1780 Das ist mit wenigen Strichen gezeichnet die
2302 1714 3301 1797 wirklich nichts anderes wär' als ein köstliches Spiel..
1296 1717 2301 1839 Mauer in einer Unterredung mit Genig über
293 1757 1309 1849 Hauptlinie der Handlung der Tragikomödie „Das
2303 1769 3304 1844 Aber dann ... dann ehrlich bitte! Ehrlich bis
1314 1796 2071 1877 Schnitzler Lieblingsthema, die Liebelei:
304 1813 1302 1893 weite Land“. Eine Reihe anderer zum Teil ebenso
2305 1818 3307 1897 zur Orgie ... Das ließ ich gelten. Aber dieses In¬
1376 1856 2302 1941 Genia: „Es wäre lächerlich, wenn Sie, ein
303 1868 1297 1938 psychologisch unwahrer wie monströser Charakter grup¬
2299 1875 3312 1954 einander von Zurückhaltung und Frechheit, von feiger
1302 1890 2300 1988 Mensch, der das Leben von seiner ernsteften Seite
300 1916 1308 1996 piert sich um das Ehepaar Hofreiter — ein wenig
2308 1913 3299 1993 Eifersucht und erlogenem Gleichmut — von rasender
1297 1945 2294 2036 kennt, vergleichen Spielerei und Spiel wichtig
293 1954 1293 2039 sympathisches Bild der Wiener Gesellschaft, das uns
2294 1955 3308 2040 Leidenschaft und leerer Lust, wie ich es hier sehe,
1300 2008 2297 2091 nähmen. Liebessachen sind nichts anderes, Doktor
301 2024 1302 2072 Schnitzler hier vor Augen führt. Der von dem
2299 2004 3307 2091 das find' ich trübselig und grauenhaft —
1297 2061 2291 2135 glauben Sie mir. Und wenn man erst drauf kom¬
294 2059 1291 2140 Dichter gern verwendete Räsoneur erscheint diesmal
2298 2058 3303 2143 Der Freiheit, die sich hier brüstet, der fehlt es am
1303 2106 2304 2201 men ist, sehr lustig anzusehen — und mitzuneh¬
302 2118 1292 2183 in doppelter Gestalt: Das eine mal als der geschie¬
2311 2109 3297 2198 Glauben an sich selbst. Darum gelingt ihr die heitere
1288 2150 1524 2224 men..
291 2153 1292 2226 dene Gatte einer Schauspielerin, der als Direktor
2297 2149 3297 2229 Mine nicht, die sie so gerne annehmen möchte....
2293 2206 3150 2275 Darum grinst sie .. . wo sie lachen will.“
301 2205 1301 2285 eines Berghotels daselbst eine verwegene Art von
1378 2189 2253 2292 Maurer: Wenn man drauf kommen ist .
287 2244 1295 2333 Philosophie verzapft. Ihm hat Schnitzler das folgen¬
2369 2263 3294 2340 Es ist die einzige Stimme, die gegen die schran¬
1368 2261 2283 2352 Genia: Werden Sie auch, lieber Freund. Die
294 2304 1000 2376 de Bekenntnis in den Mund gelegt:
2291 2275 3302 2400 kenlose Ichsucht, gegen die falsch verstandene Freiheit
1302 2318 2293 2405 dummen schweren Worte, die Ihnen durch
2289 2337 3298 2437 des Individuums und die damit getriebene Heu¬
368 2350 1283 2437 Zu Hofreiter: „Sollte es Ihnen noch nicht auf¬
1291 2363 2296 2452 den Sinn gehen, die blasen Sie nur gefälligst in
2289 2399 3289 2498 chelei laut wird. Und darum hinterläßt das Werk
291 2392 1285 2481 gefallen sein, was für komplizierte Subjekte wir
1299 2420 2286 2503 die Luft. Und Sie werden sehen, wie leicht Sie ei¬
2293 2455 3288 2530 des Dichters, trotz der großen Vorzüge seines geist¬
291 2463 1285 2540 Menschen im Grunde sind? So vieles hat zugleich
1300 2469 2291 2548 gentlich sind. Sie fliegen ... alle . .. sie verwehn,
291 2505 1295 2581 Raum in uns — Liebe und Trug ... Treue und
2281 2498 3293 2585 vollen und lebendigen Dialogs, seiner eigenartig
1299 2510 1802 2587 diese schweren Worte ..
2296 2554 3289 2638 schwermütigen Stimmungen und trotz einer Reihe
295 2548 1299 2639 Treulosigkeit ... Anbetung für die eine und Ver¬
1360 2565 2284 2666 Mauer: Es gibt vielleicht wirklich nur ein
2289 2600 3301 2695 starker Theatereffekte einen wenig erfreulichen, am
295 2602 2177 2708 langen nach einer anderen oder nach mehreren. Wir  schweres auf der Welt — und das heißt Lüge.
2282 2647 3303 2758 allerwenigsten einen versöhnenden Eindruck. Das
