<?xml version="1.0" encoding="UTF-8" standalone="yes"?>
<PcGts xmlns="http://schema.primaresearch.org/PAGE/gts/pagecontent/2013-07-15" xmlns:xsi="http://www.w3.org/2001/XMLSchema-instance" xsi:schemaLocation="http://schema.primaresearch.org/PAGE/gts/pagecontent/2013-07-15 http://schema.primaresearch.org/PAGE/gts/pagecontent/2013-07-15/pagecontent.xsd">
    <Metadata>
        <Creator>prov=University of Rostock/Institute of Mathematics/CITlab/Gundram Leifert/gundram.leifert@uni-rostock.de:name=ONB_Newseye_GT_M1+(htr_id=10810)::::v=2.4.2
prov=University of Rostock/Institute of Mathematics/CITlab/Tobias Gruening/tobias.gruening@uni-rostock.de:name=de.uros.citlab.module.baseline2polygon.B2PSeamMultiOriented:v=2.4.2
prov=University of Rostock/Institute of Mathematics/CITlab/Tobias Gruening/tobias.gruening@uni-rostock.de:name=/mnt/transkribus/LA/DEA/URO/LA_news_onb_att.pb:de.uros.citlab.segmentation.CITlab_LA_ML:v=2.4.2
Transkribus</Creator>
        <Created>2019-10-07T11:15:59.347+02:00</Created>
        <LastChange>2019-10-08T07:30:50.735+02:00</LastChange>
        <TranskribusMetadata docId="223964" pageId="9498586" pageNr="804" tsid="16506077" status="IN_PROGRESS" userId="40391" imgUrl="https://files.transkribus.eu/Get?id=PFVKHKJRXFYKNUPVVXDFGZLZ&amp;fileType=view" xmlUrl="https://files.transkribus.eu/Get?id=QNVZBISRQQOUMOYXFHYAIINB" imageId="6188808"/>
    </Metadata>
    <Page imageFilename="223964_0804.jpeg" imageWidth="3484" imageHeight="4224">
        <ReadingOrder>
            <OrderedGroup id="ro_1711442093118" caption="Regions reading order">
                <RegionRefIndexed index="0" regionRef="r1"/>
            </OrderedGroup>
        </ReadingOrder>
        <TextRegion orientation="0.0" id="r1" custom="readingOrder {index:0;}">
            <Coords points="332,150 332,3366 2480,3366 2480,150"/>
            <TextLine id="r1l1" custom="readingOrder {index:0;}">
                <Coords points="1039,195 1124,204 1153,199 1198,205 1206,199 1240,206 1241,140 1228,138 1208,155 1187,147 1169,156 1144,146 1098,155 1079,137 1040,146"/>
                <Baseline points="1048,193 1074,194 1100,195 1126,196 1152,197 1178,197 1204,196 1230,195"/>
                <TextEquiv>
                    <Unicode>Land</Unicode>
                </TextEquiv>
            </TextLine>
            <TextLine id="r1l2" custom="readingOrder {index:1;}">
                <Coords points="322,179 1277,249 1279,192 1050,196 884,126 725,164 575,124 490,161 420,116 324,142"/>
                <Baseline points="332,170 378,176 425,182 472,187 519,191 566,195 612,199 659,202 706,205 753,207 800,209 846,211 893,212 940,213 987,214 1034,214 1080,215 1127,215 1174,215 1221,215 1268,215"/>
                <TextEquiv>
                    <Unicode>24. Das weite—</Unicode>
                </TextEquiv>
            </TextLine>
            <TextLine id="r1l3" custom="readingOrder {index:2;}">
                <Coords points="1437,217 1578,226 1639,206 1673,235 1691,220 1850,229 1885,219 1887,159 1680,152 1638,175 1594,150 1501,163 1472,138 1439,161"/>
                <Baseline points="1446,203 1471,204 1496,205 1521,205 1547,206 1572,207 1597,208 1623,210 1648,210 1673,212 1698,213 1724,214 1749,215 1774,215 1800,216 1825,216 1850,216 1876,215"/>
                <TextEquiv>
                    <Unicode>box 29/6</Unicode>
                </TextEquiv>
            </TextLine>
            <TextLine id="r1l4" custom="readingOrder {index:3;}">
                <Coords points="1498,908 1667,915 1728,935 1756,918 1798,939 1925,930 1926,891 1834,863 1775,878 1713,861 1697,876 1647,878 1550,859 1522,886 1499,881"/>
                <Baseline points="1508,902 1533,902 1559,903 1584,903 1610,904 1635,905 1661,906 1686,907 1712,908 1737,908 1763,910 1788,910 1814,911 1839,912 1865,913 1890,913 1916,914"/>
                <TextEquiv>
                    <Unicode>Dr. Carl Furtmüller,</Unicode>
                </TextEquiv>
            </TextLine>
            <TextLine id="r1l5" custom="readingOrder {index:4;}">
                <Coords points="940,1011 2484,1036 2474,968 941,964"/>
                <Baseline points="951,992 1027,994 1103,996 1179,998 1255,999 1332,1001 1408,1003 1484,1004 1560,1006 1636,1007 1713,1009 1789,1010 1865,1012 1941,1013 2017,1014 2094,1016 2170,1018 2246,1019 2322,1021 2398,1022 2475,1024"/>
                <TextEquiv>
                    <Unicode>Künstlers abgesehen hat. Der andere Standpunkt ist der, dass der Psycho¬</Unicode>
                </TextEquiv>
            </TextLine>
            <TextLine id="r1l6" custom="readingOrder {index:5;}">
                <Coords points="937,1040 2227,1086 2467,1078 2482,1036 938,1019"/>
                <Baseline points="946,1039 1022,1042 1098,1045 1174,1047 1251,1049 1327,1051 1403,1052 1480,1053 1556,1055 1632,1056 1709,1057 1785,1058 1861,1059 1937,1060 2014,1061 2090,1063 2166,1064 2243,1066 2319,1068 2395,1070 2472,1073"/>
                <TextEquiv>
                    <Unicode>analytiker icht dem Dichter, sondern den Gestalten der Dich¬</Unicode>
                </TextEquiv>
            </TextLine>
            <TextLine id="r1l7" custom="readingOrder {index:6;}">
                <Coords points="938,1103 2480,1123 2351,1071 938,1060"/>
                <Baseline points="947,1089 1023,1092 1099,1094 1175,1096 1251,1098 1328,1100 1404,1102 1480,1103 1556,1104 1632,1105 1709,1106 1785,1107 1861,1108 1937,1109 2013,1110 2090,1111 2166,1113 2242,1114 2318,1115 2394,1117 2471,1119"/>
                <TextEquiv>
                    <Unicode>tung sein Augenmerk zuwendet, dass er ihre vom Dichter uns einzeln</Unicode>
                </TextEquiv>
            </TextLine>
            <TextLine id="r1l8" custom="readingOrder {index:7;}">
                <Coords points="940,1137 2357,1186 2475,1128 940,1104"/>
                <Baseline points="949,1137 1024,1141 1100,1143 1176,1145 1252,1148 1327,1150 1403,1152 1479,1154 1555,1155 1630,1157 1706,1158 1782,1159 1858,1160 1933,1161 2009,1162 2085,1163 2161,1164 2236,1165 2312,1165 2388,1166 2464,1167"/>
                <TextEquiv>
                    <Unicode>vorgeführten Handlungen, Reden und Gedanken auf Grund seiner psycho¬</Unicode>
                </TextEquiv>
            </TextLine>
            <TextLine id="r1l9" custom="readingOrder {index:8;}">
                <Coords points="943,1192 2396,1234 2484,1187 944,1163"/>
                <Baseline points="953,1189 1029,1190 1105,1191 1181,1193 1257,1195 1333,1196 1409,1198 1485,1200 1561,1202 1637,1203 1713,1205 1789,1206 1865,1208 1941,1209 2017,1211 2093,1212 2169,1213 2245,1214 2321,1215 2397,1216 2473,1216"/>
                <TextEquiv>
                    <Unicode>logischen Erkenntnisse zu einem einheitlichen Gesamtbilde zu vereinen</Unicode>
                </TextEquiv>
            </TextLine>
            <TextLine id="r1l10" custom="readingOrder {index:9;}">
                <Coords points="938,1235 2315,1278 2481,1232 939,1210"/>
                <Baseline points="947,1239 1023,1240 1099,1241 1175,1242 1251,1243 1328,1244 1404,1245 1480,1247 1556,1248 1632,1250 1709,1251 1785,1253 1861,1254 1937,1256 2013,1258 2090,1260 2166,1261 2242,1263 2318,1265 2394,1266 2471,1268"/>
                <TextEquiv>
                    <Unicode>und auf ihre innersten Triebfedern zurückzuführen sucht. Als Methode</Unicode>
                </TextEquiv>
            </TextLine>
            <TextLine id="r1l11" custom="readingOrder {index:10;}">
                <Coords points="937,1287 2159,1327 2452,1323 2488,1283 938,1235"/>
                <Baseline points="947,1285 1023,1287 1100,1288 1176,1289 1253,1290 1329,1292 1406,1293 1482,1294 1559,1296 1635,1297 1712,1298 1788,1300 1865,1301 1941,1302 2018,1304 2094,1306 2171,1308 2247,1310 2324,1312 2400,1314 2477,1317"/>
                <TextEquiv>
                    <Unicode>der Psychologie wird dieses Verfahren freilich von sehr beschränktem</Unicode>
                </TextEquiv>
            </TextLine>
            <TextLine id="r1l12" custom="readingOrder {index:11;}">
                <Coords points="939,1332 2487,1376 2447,1321 940,1289"/>
                <Baseline points="949,1333 1025,1335 1101,1336 1178,1337 1254,1339 1331,1340 1407,1341 1483,1342 1560,1343 1636,1345 1713,1346 1789,1347 1865,1348 1942,1349 2018,1351 2095,1353 2171,1354 2247,1356 2324,1357 2400,1359 2477,1361"/>
                <TextEquiv>
                    <Unicode>Werte sein. Sind schon die Personen der Dichtung Phantasiegestalten,</Unicode>
                </TextEquiv>
            </TextLine>
            <TextLine id="r1l13" custom="readingOrder {index:12;}">
                <Coords points="940,1398 2483,1408 2317,1362 941,1354"/>
                <Baseline points="951,1380 1027,1381 1103,1382 1179,1384 1255,1385 1331,1387 1407,1388 1483,1390 1559,1392 1635,1394 1712,1396 1788,1398 1864,1400 1940,1401 2016,1403 2092,1404 2168,1405 2244,1406 2320,1406 2396,1406 2473,1406"/>
                <TextEquiv>
                    <Unicode>s0 müssen Schlüsse, aus einer Analyse gezogen, die diese Phantasie¬</Unicode>
                </TextEquiv>
            </TextLine>
            <TextLine id="r1l14" custom="readingOrder {index:13;}">
                <Coords points="932,1449 2422,1471 2473,1415 933,1403"/>
                <Baseline points="942,1432 1018,1432 1094,1433 1170,1434 1246,1435 1322,1436 1398,1437 1474,1438 1550,1440 1626,1441 1702,1442 1778,1444 1854,1446 1930,1447 2006,1449 2082,1451 2158,1452 2234,1454 2310,1455 2386,1457 2463,1458"/>
                <TextEquiv>
                    <Unicode>gebilde wie reale Personen behandelt, ein noch luftigeres Gebäude er¬</Unicode>
                </TextEquiv>
            </TextLine>
            <TextLine id="r1l15" custom="readingOrder {index:14;}">
                <Coords points="940,1484 2456,1531 2471,1479 940,1449"/>
                <Baseline points="950,1477 1025,1478 1101,1479 1176,1481 1252,1482 1327,1484 1403,1486 1478,1487 1554,1489 1629,1491 1705,1492 1781,1494 1856,1496 1932,1497 2007,1499 2083,1500 2158,1502 2234,1503 2309,1504 2385,1505 2461,1506"/>
                <TextEquiv>
                    <Unicode>geben. Was dieses Verfahren leisten könnte, wäre nur, für auf anderein</Unicode>
                </TextEquiv>
            </TextLine>
            <TextLine id="r1l16" custom="readingOrder {index:15;}">
                <Coords points="940,1522 2473,1547 2274,1502 941,1484"/>
                <Baseline points="949,1525 1024,1526 1100,1527 1175,1528 1251,1530 1327,1531 1402,1532 1478,1534 1554,1535 1629,1536 1705,1538 1781,1539 1856,1541 1932,1543 2008,1544 2083,1546 2159,1547 2235,1549 2310,1551 2386,1553 2462,1555"/>
                <TextEquiv>
                    <Unicode>Weg gewonnene Erkenntnisse ein allgemein zugängliches Anschauungs¬</Unicode>
                </TextEquiv>
            </TextLine>
            <TextLine id="r1l17" custom="readingOrder {index:16;}">
                <Coords points="927,1579 2388,1618 2480,1577 928,1546"/>
                <Baseline points="937,1573 1013,1574 1090,1576 1166,1577 1243,1578 1320,1580 1396,1581 1473,1583 1550,1584 1626,1586 1703,1588 1780,1589 1856,1591 1933,1592 2010,1593 2086,1595 2163,1596 2240,1597 2316,1598 2393,1599 2470,1599"/>
                <TextEquiv>
                    <Unicode>und Erläuterungsmaterial zu liefern, Ihre volle Bedeutung aber kann</Unicode>
                </TextEquiv>
            </TextLine>
            <TextLine id="r1l18" custom="readingOrder {index:17;}">
                <Coords points="933,1614 2490,1652 2486,1605 934,1593"/>
                <Baseline points="943,1622 1019,1623 1096,1624 1173,1625 1250,1627 1327,1628 1404,1630 1480,1631 1557,1633 1634,1635 1711,1636 1788,1638 1865,1640 1942,1642 2018,1644 2095,1645 2172,1647 2249,1648 2326,1649 2403,1650 2480,1651"/>
                <TextEquiv>
                    <Unicode>dliese Methode, glaube ich, nur dort bekommen, wo man nicht die Dichtung</Unicode>
                </TextEquiv>
            </TextLine>
            <TextLine id="r1l19" custom="readingOrder {index:18;}">
                <Coords points="935,1681 2461,1716 2480,1675 936,1635"/>
                <Baseline points="945,1671 1021,1672 1097,1674 1173,1675 1250,1676 1326,1678 1402,1679 1478,1680 1555,1681 1631,1683 1707,1684 1783,1685 1860,1687 1936,1688 2012,1690 2088,1692 2165,1694 2241,1696 2317,1698 2393,1700 2470,1703"/>
                <TextEquiv>
                    <Unicode>in den Dienst der Psychoanalyse stellen will, sondern wo umgekehrt die</Unicode>
                </TextEquiv>
            </TextLine>
            <TextLine id="r1l20" custom="readingOrder {index:19;}">
                <Coords points="932,1715 2361,1763 2467,1705 932,1680"/>
                <Baseline points="941,1719 1016,1721 1092,1722 1168,1723 1244,1724 1320,1726 1395,1727 1471,1729 1547,1730 1623,1731 1699,1733 1774,1734 1850,1736 1926,1737 2002,1739 2078,1740 2153,1742 2229,1744 2305,1747 2381,1749 2457,1751"/>
                <TextEquiv>
                    <Unicode>Psychoanalyse sich in den Dienst der Dichtung stellt. Mit ihrer Hilfe</Unicode>
                </TextEquiv>
            </TextLine>
            <TextLine id="r1l21" custom="readingOrder {index:20;}">
                <Coords points="938,1768 2340,1812 2470,1805 2471,1751 938,1729"/>
                <Baseline points="947,1766 1022,1767 1098,1769 1173,1771 1249,1772 1325,1774 1400,1776 1476,1777 1552,1779 1627,1780 1703,1782 1779,1784 1854,1785 1930,1787 2006,1788 2081,1790 2157,1791 2233,1793 2308,1794 2384,1795 2460,1796"/>
                <TextEquiv>
                    <Unicode>wird man den Komplex von Einzelzügen, die der Dichter intuitiv als</Unicode>
                </TextEquiv>
            </TextLine>
            <TextLine id="r1l22" custom="readingOrder {index:21;}">
                <Coords points="921,1825 2441,1866 2478,1800 922,1778"/>
                <Baseline points="931,1814 1007,1816 1084,1817 1161,1819 1238,1821 1315,1822 1391,1824 1468,1825 1545,1827 1622,1828 1699,1830 1775,1831 1852,1833 1929,1834 2006,1836 2083,1838 2159,1840 2236,1842 2313,1844 2390,1847 2467,1850"/>
                <TextEquiv>
                    <Unicode>zusanmnengehörig und gegenseitig bedingt gefühlt hat und die ihm in</Unicode>
                </TextEquiv>
            </TextLine>
            <TextLine id="r1l23" custom="readingOrder {index:22;}">
                <Coords points="917,1866 2465,1914 2390,1852 918,1827"/>
                <Baseline points="927,1864 1003,1866 1079,1867 1156,1868 1232,1870 1309,1871 1385,1872 1462,1873 1538,1875 1615,1876 1691,1878 1767,1879 1844,1881 1920,1882 1997,1884 2073,1886 2150,1887 2226,1890 2303,1891 2379,1894 2456,1896"/>
                <TextEquiv>
                    <Unicode>ihrer Gesamtheit das Wesen einer Gestalt zu erschöpfen schienen, aus¬</Unicode>
                </TextEquiv>
            </TextLine>
            <TextLine id="r1l24" custom="readingOrder {index:23;}">
                <Coords points="925,1909 2475,1945 2475,1906 2134,1887 926,1878"/>
                <Baseline points="934,1911 1010,1912 1087,1913 1163,1915 1240,1916 1316,1917 1393,1919 1469,1920 1546,1922 1622,1924 1699,1925 1776,1927 1852,1928 1929,1930 2005,1932 2082,1934 2158,1935 2235,1937 2311,1938 2388,1940 2465,1942"/>
                <TextEquiv>
                    <Unicode>einanderlegen, die einzelnen Züge auf ihre psychologische Tragweite prüfen</Unicode>
                </TextEquiv>
            </TextLine>
            <TextLine id="r1l25" custom="readingOrder {index:24;}">
                <Coords points="922,1957 2460,1998 2461,1957 2297,1942 923,1930"/>
                <Baseline points="933,1960 1008,1961 1084,1962 1160,1963 1236,1965 1312,1966 1388,1968 1463,1970 1539,1972 1615,1974 1691,1975 1767,1977 1843,1980 1919,1981 1994,1983 2070,1985 2146,1986 2222,1988 2298,1989 2374,1990 2450,1991"/>
                <TextEquiv>
                    <Unicode>und dann die Einheit der Persönlichkeit, die der Dichter intuitiv vor</Unicode>
                </TextEquiv>
            </TextLine>
            <TextLine id="r1l26" custom="readingOrder {index:25;}">
                <Coords points="926,2019 2400,2055 2454,2002 927,1978"/>
                <Baseline points="937,2007 1012,2009 1087,2010 1162,2012 1238,2013 1313,2015 1388,2016 1464,2018 1539,2019 1614,2021 1690,2023 1765,2024 1840,2026 1915,2028 1991,2030 2066,2031 2141,2033 2217,2035 2292,2036 2367,2038 2443,2040"/>
                <TextEquiv>
                    <Unicode>uns hingestellt hat, diskursiv nachzeichnen können. So kann psycho¬</Unicode>
                </TextEquiv>
            </TextLine>
            <TextLine id="r1l27" custom="readingOrder {index:26;}">
                <Coords points="922,2072 2317,2106 2461,2096 2462,2053 923,2033"/>
                <Baseline points="933,2058 1008,2059 1084,2059 1160,2060 1236,2061 1312,2062 1388,2064 1464,2065 1540,2067 1616,2068 1692,2070 1767,2072 1843,2074 1919,2076 1995,2078 2071,2080 2147,2082 2223,2084 2299,2086 2375,2088 2451,2090"/>
                <TextEquiv>
                    <Unicode>analytische Durchleuchtung uns zu einem vertieften ästhetischen Verständ¬</Unicode>
                </TextEquiv>
            </TextLine>
            <TextLine id="r1l28" custom="readingOrder {index:27;}">
                <Coords points="924,2116 2422,2153 2464,2105 925,2080"/>
                <Baseline points="935,2103 1014,2104 1094,2106 1174,2107 1254,2109 1334,2111 1414,2113 1494,2114 1574,2116 1654,2118 1734,2120 1814,2122 1894,2125 1974,2127 2054,2129 2134,2130 2214,2133 2294,2135 2374,2137 2454,2139"/>
                <TextEquiv>
                    <Unicode>nis des Kunstwerkes verhelfen. Auf zwei Einwände bin ich hier gefasst.</Unicode>
                </TextEquiv>
            </TextLine>
            <TextLine id="r1l29" custom="readingOrder {index:28;}">
                <Coords points="923,2158 2265,2198 2430,2192 2460,2140 924,2118"/>
                <Baseline points="933,2150 1008,2152 1084,2155 1160,2157 1236,2159 1312,2160 1387,2162 1463,2164 1539,2166 1615,2167 1691,2169 1766,2170 1842,2172 1918,2174 1994,2175 2070,2177 2145,2179 2221,2181 2297,2184 2373,2186 2449,2189"/>
                <TextEquiv>
                    <Unicode>Der eine wäre der, dass hier das Verständnis des Kunstwerkes gewisser¬</Unicode>
                </TextEquiv>
            </TextLine>
            <TextLine id="r1l30" custom="readingOrder {index:29;}">
                <Coords points="924,2203 2472,2229 2389,2189 924,2170"/>
                <Baseline points="933,2202 1009,2204 1085,2205 1162,2206 1238,2208 1315,2209 1391,2211 1467,2212 1544,2213 1620,2215 1697,2217 1773,2218 1849,2220 1926,2221 2002,2223 2079,2225 2155,2227 2231,2229 2308,2231 2384,2233 2461,2235"/>
                <TextEquiv>
                    <Unicode>massen als eine wissenschaftliche Aufgabe aufgefasst werde, statt als</Unicode>
                </TextEquiv>
            </TextLine>
            <TextLine id="r1l31" custom="readingOrder {index:30;}">
                <Coords points="919,2260 2340,2301 2471,2257 920,2220"/>
                <Baseline points="929,2250 1005,2251 1082,2252 1158,2253 1235,2255 1311,2256 1388,2258 1464,2259 1541,2261 1617,2263 1694,2265 1771,2266 1847,2268 1924,2270 2000,2272 2077,2274 2153,2276 2230,2278 2306,2280 2383,2282 2460,2284"/>
                <TextEquiv>
                    <Unicode>eine Sache des gefühlsmässigen Mit- und Nacherlebens. Nichts liegt mir</Unicode>
                </TextEquiv>
            </TextLine>
            <TextLine id="r1l32" custom="readingOrder {index:31;}">
                <Coords points="915,2309 2469,2345 2470,2304 2367,2286 916,2280"/>
                <Baseline points="925,2297 1001,2298 1078,2300 1155,2301 1232,2303 1308,2305 1385,2307 1462,2309 1539,2311 1615,2313 1692,2315 1769,2317 1846,2319 1922,2321 1999,2323 2076,2325 2153,2326 2229,2328 2306,2330 2383,2332 2460,2333"/>
                <TextEquiv>
                    <Unicode>ferner, als das Kunst-Erleben durch das Kunst-Verstehen ersetzen</Unicode>
                </TextEquiv>
            </TextLine>
            <TextLine id="r1l33" custom="readingOrder {index:32;}">
                <Coords points="913,2362 2404,2399 2456,2354 914,2321"/>
                <Baseline points="922,2344 998,2346 1074,2348 1150,2349 1226,2351 1303,2352 1379,2354 1455,2355 1531,2357 1607,2359 1684,2360 1760,2362 1836,2364 1912,2366 1988,2368 2065,2370 2141,2372 2217,2374 2293,2376 2369,2379 2446,2381"/>
                <TextEquiv>
                    <Unicode>zu wollen. Doch ist dieses ästhetische Erleben an intellektuelle Voraus¬</Unicode>
                </TextEquiv>
            </TextLine>
            <TextLine id="r1l34" custom="readingOrder {index:33;}">
                <Coords points="911,2410 2462,2425 2209,2379 913,2364"/>
                <Baseline points="922,2392 998,2395 1075,2396 1151,2399 1228,2400 1304,2402 1381,2404 1457,2406 1534,2408 1610,2410 1687,2412 1763,2414 1840,2416 1916,2418 1993,2420 2069,2421 2146,2422 2222,2424 2299,2425 2375,2426 2452,2427"/>
                <TextEquiv>
                    <Unicode>setzungen geknüpft, und das Ziel jeder fruchtbaren Literaturbetrachtung</Unicode>
                </TextEquiv>
            </TextLine>
            <TextLine id="r1l35" custom="readingOrder {index:34;}">
                <Coords points="910,2445 2309,2506 2481,2458 910,2420"/>
                <Baseline points="919,2442 996,2444 1074,2446 1151,2447 1229,2449 1306,2451 1384,2453 1461,2455 1539,2457 1616,2458 1694,2460 1772,2463 1849,2464 1927,2467 2004,2469 2082,2471 2159,2473 2237,2475 2314,2477 2392,2480 2470,2482"/>
                <TextEquiv>
                    <Unicode>und Literaturkritik ist es, diese intellektuellen Voraussetzungen zu schaffen</Unicode>
                </TextEquiv>
            </TextLine>
            <TextLine id="r1l36" custom="readingOrder {index:35;}">
                <Coords points="909,2490 948,2504 1039,2496 1178,2528 1250,2506 1365,2511 1365,2461 1317,2450 1220,2472 1191,2454 1160,2465 1133,2451 1107,2464 1003,2464 985,2450 910,2459"/>
                <Baseline points="918,2487 943,2488 969,2489 995,2489 1021,2490 1046,2490 1072,2491 1098,2491 1124,2491 1149,2491 1175,2492 1201,2492 1227,2492 1252,2493 1278,2494 1304,2495 1330,2495 1356,2497"/>
                <TextEquiv>
                    <Unicode>oder zu verbessern.</Unicode>
                </TextEquiv>
            </TextLine>
            <TextLine id="r1l37" custom="readingOrder {index:36;}">
                <Coords points="1034,2559 2405,2608 2459,2557 1036,2513"/>
                <Baseline points="1044,2553 1114,2556 1184,2558 1254,2560 1324,2562 1395,2564 1465,2565 1535,2567 1605,2569 1675,2570 1746,2572 1816,2573 1886,2575 1956,2576 2026,2578 2097,2580 2167,2581 2237,2583 2307,2585 2377,2588 2448,2590"/>
                <TextEquiv>
                    <Unicode>Der zweite Einwurf, den ich erwarte, ist: Ich sähe im Dichter vor</Unicode>
                </TextEquiv>
            </TextLine>
            <TextLine id="r1l38" custom="readingOrder {index:37;}">
                <Coords points="909,2608 2416,2653 2456,2607 910,2577"/>
                <Baseline points="919,2598 995,2601 1071,2603 1148,2605 1224,2607 1300,2609 1377,2611 1453,2612 1529,2614 1606,2616 1682,2618 1758,2619 1835,2621 1911,2622 1987,2624 2064,2626 2140,2628 2216,2629 2293,2632 2369,2634 2446,2636"/>
                <TextEquiv>
                    <Unicode>allem den Psychologen und unterläge da einer unkünstlerischen,</Unicode>
                </TextEquiv>
            </TextLine>
            <TextLine id="r1l39" custom="readingOrder {index:38;}">
                <Coords points="912,2657 2295,2704 2455,2655 913,2612"/>
                <Baseline points="922,2643 998,2647 1074,2649 1150,2652 1226,2654 1302,2656 1378,2658 1454,2660 1530,2662 1606,2665 1683,2666 1759,2668 1835,2670 1911,2672 1987,2673 2063,2675 2139,2677 2215,2678 2291,2680 2367,2682 2444,2684"/>
                <TextEquiv>
                    <Unicode>intellektualistischen Zeitströmung. Dem hätte ich entgegenzuhalten, dass</Unicode>
                </TextEquiv>
            </TextLine>
            <TextLine id="r1l40" custom="readingOrder {index:39;}">
                <Coords points="902,2719 2417,2747 2453,2684 903,2649"/>
                <Baseline points="912,2695 988,2697 1065,2699 1141,2701 1218,2703 1294,2705 1371,2707 1447,2709 1524,2711 1600,2713 1677,2715 1753,2717 1830,2719 1906,2720 1983,2722 2059,2724 2136,2725 2212,2727 2289,2728 2365,2729 2442,2730"/>
                <TextEquiv>
                    <Unicode>für die hier vorgeschlagene Literaturbetrachtung der Künstler wohl gerade</Unicode>
                </TextEquiv>
            </TextLine>
            <TextLine id="r1l41" custom="readingOrder {index:40;}">
                <Coords points="901,2738 2441,2779 2376,2737 901,2714"/>
                <Baseline points="910,2745 986,2747 1062,2749 1138,2751 1214,2753 1290,2755 1366,2757 1442,2759 1518,2761 1594,2763 1670,2764 1746,2766 1822,2768 1898,2770 1974,2771 2050,2773 2126,2774 2202,2776 2278,2777 2354,2779 2431,2780"/>
                <TextEquiv>
                    <Unicode>um so interessanter sein wird, je weniger er Psychologe sein will. Der</Unicode>
                </TextEquiv>
            </TextLine>
            <TextLine id="r1l42" custom="readingOrder {index:41;}">
                <Coords points="899,2797 2439,2845 2421,2792 2223,2776 900,2760"/>
                <Baseline points="908,2795 984,2796 1060,2798 1136,2800 1212,2802 1288,2804 1364,2805 1440,2807 1516,2809 1592,2811 1669,2812 1745,2814 1821,2817 1897,2818 1973,2820 2049,2822 2125,2824 2201,2825 2277,2828 2353,2829 2430,2831"/>
                <TextEquiv>
                    <Unicode>Dichter, der, bevor er ans Werk ging, die Lehrbücher der Psychologie</Unicode>
                </TextEquiv>
            </TextLine>
            <TextLine id="r1l43" custom="readingOrder {index:42;}">
                <Coords points="912,2844 2450,2895 2452,2829 913,2811"/>
                <Baseline points="922,2840 997,2843 1073,2845 1149,2847 1225,2850 1301,2852 1377,2854 1453,2856 1529,2858 1605,2860 1681,2862 1756,2864 1832,2866 1908,2868 1984,2869 2060,2870 2136,2872 2212,2873 2288,2875 2364,2876 2440,2877"/>
                <TextEquiv>
                    <Unicode>und Psychiatrie zu Rate gezogen hat, wird dem Psychologen nicht viel</Unicode>
                </TextEquiv>
            </TextLine>
            <TextLine id="r1l44" custom="readingOrder {index:43;}">
                <Coords points="897,2896 2388,2944 2446,2891 898,2848"/>
                <Baseline points="908,2887 984,2890 1060,2893 1137,2895 1213,2897 1289,2899 1366,2901 1442,2903 1518,2904 1595,2906 1671,2908 1747,2909 1824,2911 1900,2913 1976,2914 2053,2916 2129,2919 2205,2921 2282,2923 2358,2925 2435,2928"/>
                <TextEquiv>
                    <Unicode>zu bringen haben. Am meisten Staunen und Bewunderung werden wir</Unicode>
                </TextEquiv>
            </TextLine>
            <TextLine id="r1l45" custom="readingOrder {index:44;}">
                <Coords points="907,2954 2363,2988 2437,2982 2438,2938 908,2908"/>
                <Baseline points="918,2935 993,2938 1068,2941 1144,2943 1219,2945 1295,2948 1370,2950 1446,2951 1521,2953 1597,2955 1672,2957 1747,2958 1823,2960 1898,2962 1974,2964 2049,2966 2125,2968 2200,2970 2276,2972 2351,2975 2427,2978"/>
                <TextEquiv>
                    <Unicode>bei denen empfinden, die naiv und doch tief gesehen haben. Und bei</Unicode>
                </TextEquiv>
            </TextLine>
            <TextLine id="r1l46" custom="readingOrder {index:45;}">
                <Coords points="903,2994 2352,3047 2449,3032 2451,2980 904,2957"/>
                <Baseline points="913,2989 989,2989 1065,2990 1142,2991 1218,2992 1294,2994 1371,2996 1447,2998 1523,3000 1600,3003 1676,3005 1752,3007 1829,3010 1905,3013 1981,3016 2058,3018 2134,3021 2210,3023 2287,3026 2363,3028 2440,3030"/>
                <TextEquiv>
                    <Unicode>dem bewusst psychologischen Dichter wird unser Interesse gerade dort</Unicode>
                </TextEquiv>
            </TextLine>
            <TextLine id="r1l47" custom="readingOrder {index:46;}">
                <Coords points="897,3040 2038,3097 2182,3070 2184,3030 898,2998"/>
                <Baseline points="906,3031 969,3033 1032,3035 1095,3037 1159,3039 1222,3041 1285,3043 1349,3046 1412,3048 1475,3050 1539,3052 1602,3053 1665,3055 1728,3057 1792,3059 1855,3060 1918,3062 1982,3063 2045,3065 2108,3066 2172,3067"/>
                <TextEquiv>
                    <Unicode>erwachen, wo sein Werk ihn über sein Wissen hinausführt.</Unicode>
                </TextEquiv>
            </TextLine>
            <TextLine id="r1l48" custom="readingOrder {index:47;}">
                <Coords points="1008,3112 2438,3146 2439,3106 2245,3090 1010,3073"/>
                <Baseline points="1018,3107 1088,3108 1159,3109 1229,3111 1300,3112 1370,3114 1441,3116 1511,3118 1582,3120 1652,3122 1723,3124 1793,3126 1864,3128 1934,3131 2005,3133 2075,3135 2146,3138 2216,3140 2287,3143 2357,3145 2428,3147"/>
                <TextEquiv>
                    <Unicode>Dass ich hier zwei Gesichtspunkte der psvchologischen Literatur¬</Unicode>
                </TextEquiv>
            </TextLine>
            <TextLine id="r1l49" custom="readingOrder {index:48;}">
                <Coords points="891,3158 2351,3212 2446,3168 892,3127"/>
                <Baseline points="902,3153 978,3155 1055,3157 1132,3158 1208,3160 1285,3162 1362,3163 1438,3166 1515,3168 1592,3170 1669,3172 1745,3174 1822,3177 1899,3179 1975,3181 2052,3184 2129,3187 2205,3189 2282,3192 2359,3194 2436,3197"/>
                <TextEquiv>
                    <Unicode>betrachtung logisch scharf geschieden habe, soll natürlich nicht sagen,</Unicode>
                </TextEquiv>
            </TextLine>
            <TextLine id="r1l50" custom="readingOrder {index:49;}">
                <Coords points="885,3196 2432,3263 2443,3201 885,3177"/>
                <Baseline points="895,3196 971,3199 1048,3202 1125,3205 1202,3207 1279,3210 1356,3213 1432,3215 1509,3218 1586,3220 1663,3223 1740,3225 1817,3227 1894,3230 1970,3231 2047,3234 2124,3236 2201,3237 2278,3239 2355,3241 2432,3243"/>
                <TextEquiv>
                    <Unicode>dass sie auch praktisch voneinander völlig getrennt werden können oder</Unicode>
                </TextEquiv>
            </TextLine>
            <TextLine id="r1l51" custom="readingOrder {index:50;}">
                <Coords points="898,3252 2443,3308 2414,3248 899,3206"/>
                <Baseline points="907,3248 983,3251 1059,3253 1136,3256 1212,3258 1288,3261 1365,3263 1441,3266 1517,3269 1594,3271 1670,3274 1746,3276 1823,3279 1899,3281 1975,3283 2052,3285 2128,3286 2204,3288 2281,3289 2357,3290 2434,3290"/>
                <TextEquiv>
                    <Unicode>sollen. Im Gegenteil, wer in einer von beiden Betrachtungsweisen wird</Unicode>
                </TextEquiv>
            </TextLine>
            <TextLine id="r1l52" custom="readingOrder {index:51;}">
                <Coords points="891,3292 2427,3347 2428,3306 2248,3292 892,3257"/>
                <Baseline points="901,3297 976,3300 1052,3304 1128,3307 1204,3310 1280,3313 1355,3316 1431,3319 1507,3321 1583,3323 1659,3326 1734,3328 1810,3331 1886,3333 1962,3335 2038,3337 2113,3339 2189,3342 2265,3344 2341,3346 2417,3349"/>
                <TextEquiv>
                    <Unicode>wirklich in die Tiefe gehen wollen, wird sich der andern als Hilfe be¬</Unicode>
                </TextEquiv>
            </TextLine>
            <TextLine id="r1l53" custom="readingOrder {index:52;}">
                <Coords points="885,3364 943,3359 968,3371 1017,3357 1042,3373 1061,3361 1242,3384 1243,3330 1223,3335 1188,3315 886,3319"/>
                <Baseline points="894,3346 920,3349 946,3350 972,3352 998,3352 1024,3353 1050,3353 1076,3354 1102,3354 1128,3354 1154,3354 1180,3354 1206,3354 1233,3356"/>
                <TextEquiv>
                    <Unicode>dienen müssen.</Unicode>
                </TextEquiv>
            </TextLine>
            <TextEquiv>
                <Unicode>Land
24. Das weite—
box 29/6
Dr. Carl Furtmüller,
Künstlers abgesehen hat. Der andere Standpunkt ist der, dass der Psycho¬
analytiker icht dem Dichter, sondern den Gestalten der Dich¬
tung sein Augenmerk zuwendet, dass er ihre vom Dichter uns einzeln
vorgeführten Handlungen, Reden und Gedanken auf Grund seiner psycho¬
logischen Erkenntnisse zu einem einheitlichen Gesamtbilde zu vereinen
und auf ihre innersten Triebfedern zurückzuführen sucht. Als Methode
der Psychologie wird dieses Verfahren freilich von sehr beschränktem
Werte sein. Sind schon die Personen der Dichtung Phantasiegestalten,
s0 müssen Schlüsse, aus einer Analyse gezogen, die diese Phantasie¬
gebilde wie reale Personen behandelt, ein noch luftigeres Gebäude er¬
geben. Was dieses Verfahren leisten könnte, wäre nur, für auf anderein
Weg gewonnene Erkenntnisse ein allgemein zugängliches Anschauungs¬
und Erläuterungsmaterial zu liefern, Ihre volle Bedeutung aber kann
dliese Methode, glaube ich, nur dort bekommen, wo man nicht die Dichtung
in den Dienst der Psychoanalyse stellen will, sondern wo umgekehrt die
Psychoanalyse sich in den Dienst der Dichtung stellt. Mit ihrer Hilfe
wird man den Komplex von Einzelzügen, die der Dichter intuitiv als
zusanmnengehörig und gegenseitig bedingt gefühlt hat und die ihm in
ihrer Gesamtheit das Wesen einer Gestalt zu erschöpfen schienen, aus¬
einanderlegen, die einzelnen Züge auf ihre psychologische Tragweite prüfen
und dann die Einheit der Persönlichkeit, die der Dichter intuitiv vor
uns hingestellt hat, diskursiv nachzeichnen können. So kann psycho¬
analytische Durchleuchtung uns zu einem vertieften ästhetischen Verständ¬
nis des Kunstwerkes verhelfen. Auf zwei Einwände bin ich hier gefasst.
Der eine wäre der, dass hier das Verständnis des Kunstwerkes gewisser¬
massen als eine wissenschaftliche Aufgabe aufgefasst werde, statt als
eine Sache des gefühlsmässigen Mit- und Nacherlebens. Nichts liegt mir
ferner, als das Kunst-Erleben durch das Kunst-Verstehen ersetzen
zu wollen. Doch ist dieses ästhetische Erleben an intellektuelle Voraus¬
setzungen geknüpft, und das Ziel jeder fruchtbaren Literaturbetrachtung
und Literaturkritik ist es, diese intellektuellen Voraussetzungen zu schaffen
oder zu verbessern.
Der zweite Einwurf, den ich erwarte, ist: Ich sähe im Dichter vor
allem den Psychologen und unterläge da einer unkünstlerischen,
intellektualistischen Zeitströmung. Dem hätte ich entgegenzuhalten, dass
für die hier vorgeschlagene Literaturbetrachtung der Künstler wohl gerade
um so interessanter sein wird, je weniger er Psychologe sein will. Der
Dichter, der, bevor er ans Werk ging, die Lehrbücher der Psychologie
und Psychiatrie zu Rate gezogen hat, wird dem Psychologen nicht viel
zu bringen haben. Am meisten Staunen und Bewunderung werden wir
bei denen empfinden, die naiv und doch tief gesehen haben. Und bei
dem bewusst psychologischen Dichter wird unser Interesse gerade dort
erwachen, wo sein Werk ihn über sein Wissen hinausführt.
Dass ich hier zwei Gesichtspunkte der psvchologischen Literatur¬
betrachtung logisch scharf geschieden habe, soll natürlich nicht sagen,
dass sie auch praktisch voneinander völlig getrennt werden können oder
sollen. Im Gegenteil, wer in einer von beiden Betrachtungsweisen wird
wirklich in die Tiefe gehen wollen, wird sich der andern als Hilfe be¬
dienen müssen.</Unicode>
            </TextEquiv>
        </TextRegion>
    </Page>
</PcGts>
