3344 4320
1914 136 3262 203 der Figuren verlebendigt, dem Gespräch durch die tecke Unterbrechung
673 125 1918 226 München, 14. Oktober. Im Königlichen Residenztheater fand
576 202 3252 282 heute Schnitzlers Tragikomödie „Das weite Land“ eine namentlich den Nachhall sichert. Ein Meister der Stimmungskunst hat hinter
1900 251 3268 331 dem Spiel weicher Melodien die harten Dissonanzen des Lebens
578 263 1816 347 vom dritten Akt an sehr lebhafte und freundliche Aufnahme.
1905 314 2274 403 fühlbar gemacht.
1339 297 1887 408 Neue Freie Presse, Wien.
2759 314 3218 394 Frankfurter Zeitung.
1988 373 3269 446 Was Arthur Schnitzler auch bringt, es gibt uns immer viel
662 395 1920 475 Auf jeden Fall verdient das Werk als eines der tiefsten des Dichters
1905 431 3260 512 und geht uns im tiefsten an. Unsere Empfänglichkeit wird darum
561 468 1909 539 und als bedeutsames document humain die ernsteste Beachtung.
1918 495 3270 566 nicht geringer, wenn das Werk, wie in diesem Falle allerdings
1145 516 1888 622 Generalanzeiger für Frankfurt a. M.
1913 558 3258 624 geschieht, mehr erzählt, als dichterisch gestaltei, mehr thematisch den
1912 602 3267 686 Stoff behandelt, als die blutvolle Illusion des Miterlebens schafft.
663 582 1915 675 Ein Meister des Dialogs hat diese Eingangsakte geschrieben,
2732 666 3234 742 Wiesbadener Tagblatt.
563 663 1925 732 der, wie der moderne Maler sein Bild durch die Rahmenschneidung
1249 811 2605 1032 Arthur Schnitzler:
554 1044 3264 1151 Anatot. Fünf Szenen. (Die Frage an das Schicksal — Weihnachtseinkäufe — Abschieds¬
833 1123 1449 1237 souper — Episode —
1467 1115 2330 1239 - Anatols hochzeitsmorgen.)
681 1219 1420 1333 Angenommen, resp. aufgeführt:
840 1256 3272 1364 Berlin, Lessingtheater — Wien, deutsches Volkstheater — Frankfurt a. M., Schauspielhaus — hamburg, deutsches
838 1355 3253 1420 Schauspielhaus — Leipzig, vereinigte Schauspielhäufer — Budapest, Nationaltheater — Brünn, Stadttheater —
838 1394 3271 1467 münchen, Vereinigte Theater — Stuttgart, hoftheater — hannober, deutsches Theater — düsfeldork, Schauspiel¬
836 1465 3214 1505 haus — Wiesbaden, Residenztheater — Königsberg i. Pr., Neues Schauspielhaus — Elberfeld, Stadttheater —
833 1500 3235 1578 Breslau, Stadttheater — Nürnberg, Stadttheater — Cöln a. Rh., Deutsches Theater — Mannheim, hoftheater —
840 1535 3272 1619 Bern, Stadttheater — Teplitz, Stadttheater — Bremen, Schauspielhaus — Stockholm, Kungi. Dramatiska Teatern —
1351 1606 3224 1688 Zürich, Stadttheater — Prag, Königl. Deutsches Landestheater — Riga, Stadttheater —
837 1605 1332 1672 liegnitz, Stadttheater
831 1658 1330 1743 lübeck, Stadttheater.
562 1732 2081 1851 Das Märchen. Schaufpiel in drei Aufzügen.
561 1844 1728 1983 Liebelel. Schauspiel in drei Akten.
839 1928 2130 2025 Repertoirestück sämtlicher Bühnen des In= und Auslandes.
567 2017 1768 2128 Freiwild. Schauspiel in drei Akten.
841 2068 2527 2188 Neu aufgeführt am 23. April 1911 im Rgl. deutschen Landestheater in Prag.
570 2184 2156 2322 Das Vermächttis. Sschauspiel in drei Akten.
828 2252 2852 2370 Neu aufgeführt am 7. Oktober 1911 im Neuen Volkstheater (Neue Freie Volksbühne) Berlin.
569 2362 2225 2490 der grüne Kakadu. Groteske in einem Rkt.
550 2478 1838 2603 Paracelfus. versspiel in einem Akt.
558 2596 1993 2737 Die Gefährtin. schauspiel in einem Rkt.
562 2719 2533 2821 der Schleier der Beatrice. schauspiel in fünf nkten.
846 2814 2619 2925 Neu aufgeführt am 2. September 1911 im deutschen Schauspielhaus in hamburg.
565 2899 3268 3014 Lebendige Stunden. ein Rkt. die Frau mit dem dolche. Schauspiel in einem
824 3001 3270 3116 Akt. die letzten Masken. Schauspiel in einem Rkt. Literatur. Lustspiel in einem Akt.
560 3108 2223 3243 Der einsame Weg. Schauspiel in kunf Akten.
558 3212 1946 3326 Zwischenspiel. komödie in drei Akten.
571 3334 2301 3449 Der Ruf des Lebens. Schauspiel in drei Akten.
833 3426 3181 3527 Zuletzt mit außerordentlichem Erfolge aufgeführt am 7. Oktober 1911 im Ungarischen Theater in Budapest.
566 3507 3078 3631 Marionetten. der tapfere caffian. Ein Zkt. der Puppenspieler. Ein Akt.
827 3611 1834 3721 zum großen wurstel. Ein Akt.
569 3717 3014 3834 Komteffe mizzi oder Der Familientag. Komödte in einem Akt.
574 3806 3244 3927 Der junge medaraus. dramatische historie in einem vorspiel und fünf Aufzügen.
834 3927 2671 4011 bisher aufgeführt in wien, hofburgtheater und Prag, Kgl. deutsches Ländestheater.
1672 4048 2181 4125 LOSENTHAL & Co., BERLIN S O. HUNGESTH. 20.
