3344 4320
1415 115 1868 199 box 28/4
293 114 1266 220 24. Das weiteLand
1477 806 1944 892 Der Koland von Berlin.
2324 817 2460 889 1431
1073 937 2466 1000 In der Hofhaltung des Deutschen Kaisers ist ein seit längerer Zeit
984 997 2467 1075 erwarteter Wechsel eingetreten. Der bisherige Kommandant der Yacht
986 1051 2449 1123 „Hohenzollern“, Kapitän zur See Graf Oskar von Platen¬
988 1107 2449 1149 Hallermund, ist, an Stelle des Grafen Valentin Henckel von
979 1146 2453 1220 Donnersmarck, zum Hofmarschall des Kaisers ernannt worden
986 1195 2453 1266 und gleichzeitig als Kontreadmiral zu den Offizieren à la suite der
989 1247 2447 1321 Marine übergetreten. Graf Valentin Henckel hat von seinem Posten
989 1297 2443 1370 zurücktreten müssen infolge einer schweren Krankheit, die er sich als
981 1342 2445 1409 Adjutant des damaligen Staatssekretärs der Kolonien Dernburg in
980 1397 2448 1439 Afrika geholt hat. Die Kunst der Aerzte hat ihn nicht wiederherzustellen
980 1446 2451 1506 vermocht, und so ist ihm jetzt, nachdem der Oberküchenmeister Graf
978 1484 2447 1574 Pückler ihn längere Zeit vertrat, ein Nachfolger gegeben worden.
986 1542 2445 1597 Graf Oskar Platen, ein echter Holsteiner, groß, breitschultrig, blond¬
983 1584 2450 1667 haarig, blanäugig, ist dem Kaiserpaare seit Jahren bekannt und steht
976 1630 2444 1722 ihm auch dadurch nahe, daß er eine frühere Hofdame der Kaiserin, die
976 1691 2442 1762 Gräfin Armgard zu Stolberg=Wernigerode, eine Tochter
984 1730 2445 1813 Udo Stolbergs, des verstorbenen Reichstagspräsidenten, zur Gemahlin
979 1780 2438 1862 hat. Heutzutage ist das Amt des Hofmarschalls wesentlich komplizierter
977 1841 2437 1900 als in den Tagen des Herrn von Kalb, und namentlich der Hofmarschall
974 1872 2443 1947 des Deutschen Kaisers führt kein müßiges Leben. In seinen Händen
979 1925 2436 1988 liegen, unter der Direktive des weltklugen und in seinem Fache vorbild¬
971 1983 2439 2060 lichen Oberhofmarschalls Grafen August zu Eulenburg, die An¬
974 2033 2437 2108 ordnungen nicht nur für alle Festlichkeiten bei Hofe, sondern auch für
970 2081 2435 2156 die zahlreichen Reisen, die der Kaiser unternimmt. Der kaiserliche Hof¬
978 2135 2443 2206 marschall ist Arrangeur, Kurier, Quartiermacher in einer Person und
979 2183 2436 2261 muß mit gesunden Nerven ausgestattet sein, um den männigfaltigen
969 2233 1806 2308 Pflichten seiner Stellung zu genügen.
1057 2357 2426 2422 Im „Lessingtheater“ gibt Arthur Schnitzlers fünf¬
981 2416 2424 2499 aktige Tragikomödie „Das weite Land“ bei natürlich weit ernst¬
972 2466 2434 2515 hafteren literarischen Absichten, unwillkürlich ein Pendant zu der Gro¬
961 2519 2435 2590 teske aus Berlin „WW.“ — ich bitte, diese Abkürzung recht zu ver¬
966 2568 2436 2642 stehen —, die vor wenigen Tagen auf der Welttheaterbühne einen
973 2617 2433 2689 Sensationserfolg hatte. Leicht cachiertes Metternich=Milien, mit der
964 2655 2427 2737 graziösen, halb tändelnden, halb foppenden Tonart der Wiener Gesell¬
967 2718 2435 2778 schaft ausgestattet. „Sentimental sind wir nicht,“ ist der Wahlspruch.
964 2757 2435 2817 Diese Ehepaare sind nicht mehr in den „Hundstagen“ sondern bereits
972 2809 2420 2882 in den Herbsttagen ihres legitimen Glückes, das vielleicht nie eines ge¬
964 2857 2434 2921 wesen ist: nicht mehr beim „Zwischenspiel“, dessen muntere Takte
967 2914 2429 2962 Schnitzler schon einmal auf seiner Ehebühne anklingen und verklingen
971 2956 2427 3025 ließ, sondern bei einem erheblich melancholischeren Nachspiel. Man ist
958 3013 2425 3076 von einer Brutalität, die auch durch das Gewebe der gewähltesten Aus¬
962 3060 2436 3126 drucksweise hindurchschimmert: von einer Toleranz, die dem natürlich
1525 3193 2404 3291 bester Auer Glühkörperg
987 3235 1566 3341 Tegea.
1014 3325 2387 3406 Auergesellschaft, Berlin O. 17. stadtgeschane:  für hängendes und stehendes!
1006 3367 1693 3417 Potsdamer Str. 101 u. Kommandantenstr. 86—86.
1713 3375 2206 3457 Gasglühlicht!
