3484 4224
11 1296 66 1354 tok
7 1349 69 1404 un
-3 1400 58 1451 em
742 -19 943 45 weit
1438 -6 1878 81 box 2976
327 -6 1275 80 2 1 (5  ese aRGASTSSuSAR ARAR
188 897 512 974 haftlich weg¬
589 892 1722 1010 „Was macht Erna?“ fragte Hofreiter, und es war
188 967 1715 1047 ünfundsechzig ihm, als atmete er den Duft der Kohlröschen auf der
203 1006 497 1072 Staubsauger,
505 1016 1718 1098 Hochwiese in den Dolomiten, wo er das Mädchen einmal
230 1057 490 1122 zu Probe¬
551 1068 1457 1163 damals — in die Arme geschlossen hatte.
224 1102 496 1168 Zuweilen
580 1114 1707 1215 „Erna ist Sportlehrerin — muß sich auch recht
198 1153 489 1219 das kleinste
503 1167 1714 1267 plagen. Sie wissen, wir haben unser Geld ja früher ver¬
198 1191 484 1268 Aussicht auf
495 1218 1712 1306 loren als ihr andern. Wir sind alte Arme, wenn das ein
209 1252 481 1316 sein altes,
489 1262 1714 1362 Trost ist. Pleitokratie — nennt Erna das. Leider hat sie
184 1290 492 1367 licht um den
491 1317 1706 1409 keinen Mann und ist doch schon vierzig, Gott sei's ge¬
207 1353 1714 1460 Sie werden klagt. Von allem, was ich erlebt habe — daß ich eine un¬
206 1398 1712 1494 s hätte sein verheiratete Tochter von vierzig Jahren habe, das ist
181 1441 475 1512 st schwer, so
487 1460 1710 1547 das Schlimmste. Ich dachte immer, nach Ihrer
184 1497 473 1562 e ein müder,
482 1510 1707 1612 Scheidung von Genia würde vielleicht was zwischen
183 1537 470 1610 nd. In allem
477 1560 1139 1642 Ihnen und Erna werden...“
173 1587 485 1664 iter doch nie
581 1623 1703 1723 „Sie hätte keine sehr glänzende Partie an mir ge¬
181 1642 463 1705 zu machen;
476 1665 667 1735 macht!“
199 1691 482 1777 t zu, die das
572 1734 1698 1815 „Lieber Himmel, heut' erhalten ja fast überall die
209 1778 465 1855 Als er im
470 1744 1695 1878 Frauen ihre Männer. Trotzdem — die Ehe ist doch das
179 1814 467 1908 Dr. Mauer
475 1824 1701 1925 einzig Mögliche. Natürlich muß sie glücklich sein, und
170 1886 456 1951 eines Tages
475 1880 1690 1959 man muß Geld haben. Erna hat ja immer Freunde,
167 1937 461 1996 Frau nicht?
474 1918 1693 2019 interessante Leute, aber ich kann mich in diese freie Auf¬
183 1977 1690 2050 stehen! Ihr fassung nicht hineinfinden. Ich bin noch aus einer ver¬
158 2033 451 2104 rundlage für
462 2027 1687 2123 alteten Zeit, natürlich, Liebhaber hat's immer gegeben,
165 2084 465 2146 ete ab, aber
470 2071 1408 2142 aber doch nur für verheiratete Frauen ...“
165 2124 457 2189 deine Braut
557 2132 1685 2232 „Ich glaube, Sie werden drüben gewünscht, Mama
471 2161 630 2234 Wahl.“
158 2173 451 2242 jetzt geb' ich
160 2227 455 2294 trauf erhielt
554 2229 1686 2320 Sie stieß einen Jubelschrei aus. „Herrlich! Noch ein
175 2276 449 2342 Percy lebte
471 2276 1681 2369 alter Bekannter — Paul Kreindl! Nur näher, lieber
154 2324 451 2410 umen keinen
463 2318 1688 2428 Paul! Da ist endlich wieder unser lieber Freund Hof¬
466 2373 645 2437 reiter!“
146 2402 449 2495 reiter!“ rief
534 2437 1674 2522 Der Herr unbestimmbaren Alters, der nur durch
168 2471 442 2539 weißhaarige
456 2480 1673 2587 ein fünfeckiges Monokel bemerkenswert war, verbeugte
169 2521 444 2587 die Hand.
451 2522 1285 2610 sich steif: „Leider nicht den Vorzug...
144 2557 446 2635 jesehen. Na,
539 2575 1663 2684 „Aber lieber Paul! Wir alle waren doch tägliche
149 2619 441 2685 nd was für
452 2610 1118 2706 Gäste in der Villa Hofreiter!“
146 2667 441 2736 u Hofreiter!
523 2674 1677 2773 „Das muß eine Verwechslung sein, gnädige Frau.
135 2715 435 2798 hrem Alter
445 2706 1671 2824 Im übrigen muß ich leider um Entschuldigung
442 2775 1666 2853 bitten ..., überbeschäftigt..., Komitee für das Goethe¬
138 2798 1676 2920 zurückgeben, Jahr .... Komitee zur Haydn=Feier .... Komitee zum
137 2878 1657 2972 tbrikant und Empfang südafrikanischer Landwirte..., Komitee für
137 2923 1670 3017 inem Herzen die Salzburger Festspiele.... Es war mir eine
135 2959 440 3040 sind hier im
433 2969 669 3036 Ehre.“
525 3014 1656 3118 „Ich bin sprachlos!“ versicherte Frau Wahl, als
120 3042 430 3127 sch bitte Sie,
429 3066 1359 3146 das fünfeckige Monokel sich entfernt hatte.
186 3108 429 3171 Nein, ich
521 3132 1631 3208 „Warum? Ich bin es gewöhnt, daß mich Leute
127 3154 1646 3285 gan muß sich nicht mehr kennen, die gern und oft bei mir diniert
123 3200 624 3292 ist vorüber, haben!“
124 3243 415 3319 ken Sie, das
509 3265 1639 3365 „Dieser Idiot! Das heißt, er ist sehr schlau.
166 3308 407 3381 man auch
417 3322 1639 3407 Schnittlauch auf allen Suppen; kein Mensch weiß, wo¬
395 3389 1635 3460 von er lebt. Das heißt, er hat natürlich reich geheiratet,
1931 1021 3383 1125 die Tochter vom Bankier Natter; wissen Sie noch? Das keiner ein
1926 1078 3382 1178 Nattern=Paar, sagten wir immer, aber was red' ich, lassen, dar
1924 1130 3158 1221 Sie waren ja ... sehr befreundet mit Madame! Natter
1921 1188 3147 1271 ist seither einigemal in Ausgleich gegangen und hat
3146 1200 3368 1272 Jüngere
1913 1236 3369 1316 seiner Tochter infolgedessen eine Riesenmitgift gegeben. stöhnt, w
1921 1288 3375 1381 Aber mich ruft die Pflicht. ... Traurig für eine alte weil wir
1913 1343 3145 1409 Frau, nicht wahr? Aber wenn man mehr dabei ver¬
3233 1354 3381 1419 „Du
1923 1391 3133 1464 diente, wär's eigentlich ganz amüsant. Grüß Gott, grüß
3147 1398 3370 1463 mir das
1917 1418 3134 1529 Gott, lieber Hofreiter! Und wenn Sie einmal Bridge¬
3145 1452 3367 1526 Die Seel
1908 1472 2398 1552 sehnsucht haben ...
3229 1507 3365 1573 „Mö
2012 1533 3364 1619 „Percy!“ rief Hofreiter erfreut. Doch, indem sein kümmern
1925 1593 3138 1660 Sohn auf ihn zukam, dachte er mißbilligend: Was hat
3142 1605 3365 1670 Ich hab
1925 1637 3365 1729 der Junge? Er sieht zugleich unausgewachsen und es morge
1921 1686 3356 1754 freisenhaft aus. Hab' ich ihn dazu in einem englischen Mannes
1921 1742 3373 1822 College erziehen lassen? Unsereins hat was andres woher ich
1913 1789 3371 1866 vorgestellt mit zweiunddreißig Jahren, da war man in er zusam
1905 1833 3363 1915 der Vollblüte! ... Er schüttelte seinem Sohn die Hand gegangen
1916 1893 3364 1969 und fragte: „Was macht Mama? Wo bleibt Onkel bezeichnen
1923 1933 2160 2003 Mauer?“
3136 1946 3230 2005 es 1
3313 1950 3353 2005 6
3136 1996 3362 2059 andern l
2010 1973 3138 2070 „Mama läßt sich entschuldigen,“ sagte Percy.
3136 2046 3343 2114 sozusagen
1912 2034 3142 2125 (Wußt ich's doch, dachte Hofreiter.) „Und Onkel Mauer
1902 2094 3132 2185 ist nicht in Ordnung mit seinem Herz... wir sind recht
1900 2139 2132 2202 besorgt!“
2002 2196 3190 2276 „Der schwache Punkt der Aerzte, Briefträger und w
1896 2236 3189 2301 Agenten!“ bemerkte Hofreiter und fühlte, wie es in in
1899 2291 3189 2389 seiner linken Brust flatterte. „Er hat wohl viel zu #
1896 2340 2052 2409 tun?“
3135 2347 3199 2408 Il
3134 2396 3232 2473 blin
1994 2379 3135 2475 „Leider sehr wenig. Wer kann sich heute noch einen
1892 2431 3127 2520 Privatarzt leisten? Alles strebt zur Krankenkasse. Es
3123 2487 3334 2575 du mir
1901 2509 3115 2580 gibt Sorgen aller Art daheim. Und meine Arbeits¬
3136 2534 3347 2607 „Keine
1891 2540 2629 2614 losigkeit, die sie noch verschärft!“
3137 2597 3337 2663 rechten
2005 2605 3127 2679 „Du arbeitslos? Ich dachte, du wärst bei der
1884 2621 2138 2713 „Ostag“?“
3218 2645 3335 2713 „Ihr
3118 2689 3315 2753 weiten
1991 2689 2585 2773 „Die ist längst verkracht!“
3116 2739 3340 2808 Dereinst,
1984 2743 3120 2844 „Das ist mir bekannt..., aber die Beamten wurden
3116 2788 3335 2855 hatte Pla
1895 2805 2857 2878 doch von den Nachfolgern übernommen?“
3124 2840 3346 2905 einer Se
1992 2849 3118 2923 „Nur ganz wenige. Ich bin seit sechs Monaten
3127 2883 3346 2953 von eine
1891 2896 3117 2980 abgebaut. Mama bat, dir nichts zu sagen, du hättest
3220 2938 3330 3000 „Spi
1890 2960 3121 3035 selbst Sorgen genug. Sie hoffte immer, ich würde
3118 2973 3337 3048 „Was w
1889 3019 3101 3097 etwas andres finden. Aber ich suche und suche und
3120 3033 3333 3098 Jungen,
1890 3049 2800 3139 renne mir vergebens die Sohlen ab....“
3109 3083 3324 3152 über die
1987 3103 2668 3169 „Du auch, armer Junge...?“
3114 3129 3321 3191 und die
1995 3177 3336 3239 „Nirgends ist Platz für unsereinen!“ sagte Percy leugnet i
1882 3198 3342 3289 leidenschaftlich. „Wir leben in einem engen Lande, die noch in m
1879 3282 3329 3336 ganze Welt besteht aus engen Ländern und jedes ist mit Zeit. D
1881 3312 3329 3381 einem Stacheldrahtzaun von Gesetzen und Verord= nicht ver
1882 3364 3327 3430 nungen vom andern abgesperrt. Jede Unternehmung, wie wir
1889 3406 3324 3475 ja jedes Haus beinahe ist wie eine mittelalterliche Melodie.
1883 3459 3330 3547 Festung, die ihre Zugbrücken aufgezogen hat, damit lassen, u
2230 3965 2312 4034 S
2679 3942 2724 4031 —
