3392 4352
1358 137 1831 244 box 29/2
248 148 1234 257 24. Das weiteLand
1112 1486 3229 1565 nach außen ruhig scheinenden Ehe. Da erschießt] Frau betrog, wählt er zum Zeugen. Wider seine
380 1484 1102 1611 Feuilleton. ##
1110 1541 3212 1602 sich der Klaviervirtuose Korsakow und vorbei ist Ifrühere Absicht, den Fähnrich zu schonen — er
1110 1588 2164 1642 das freilich nur scheinbare Einvernehmen der
2154 1589 3217 1668 betrachtet ja scheinbar den ganzen Ehrenhandel
235 1569 1072 1706 (Nachdruck nur gegen Quellenangabe gestattet.) #4.
1119 1638 2152 1700 Gatten. Friedrich Hofreiter kann es nicht ver¬
2156 1648 3211 1697 nur als ein Spiel, um vor der Außenwelt nicht
352 1655 828 1750 Das weite Tand.
1118 1680 2158 1751 stehen daß Genia den Werbungen Korsakows
2144 1693 3214 1759 als Düpierter dazustehen — erschießt er denselben.
1116 1730 2159 1810 widerstanden und so diesen, allerdings unbewußt,
2148 1739 3218 1809 Die Seele ist ja ein „weiters Land“, man kann
153 1718 1118 1821 gikomödie in 5 Akten von Artur Schnitzler.
1108 1786 2152 1851 in den Tod getrieben hat. Er hätte es ver¬
2146 1797 3220 1873 sich nicht Rechenschaft geben darüber, was drinnen
158 1808 1111 1886 Erstaufführung im Jubiläums=Stadttheater in
1119 1830 2147 1904 standen, daß sie, die ja seiner Meinung nach,
226 1837 980 1928 Klagenfurt am 17. November 1911.)
1114 1877 2154 1954 zu keiner Treue verpflichtet war, einem anderen,
2194 1873 3193 1956 Das ist allerdings eine „tragische Komödie“.
154 1888 1114 1982 Die Seele ... ist ein weites Land.“ Mit
1107 1913 2151 1992 den sie noch dazu ein wenig lieb hatte, sich hin¬
2143 1920 3205 2021 in der scheinbar die gerecht=rächende Nemesis das
150 1959 1110 2020 en Worten, so glaube ich, zeigt der Dichter
1102 1963 2145 2054 gegeben hätte. Daß ein anderer ihrer ehelichen
2142 1983 3201 2057 letzte Wort spricht; das wäre das Tragische.
167 2024 1105 2081 Weg, auf welchem man den Ideen seiner
1118 2026 2161 2084 Treue, die er, der sie doch betrog, gar nicht
2150 2039 3209 2113 Daß aber dieser Akt der gerechten Vergeltung
149 2062 1117 2131 esten dramatischen Schöpfung näherzukommen
1101 2081 2149 2141 verdiente, zum Opfer fallen mußte, entfremdet
2152 2089 3215 2156 gerade von jenen Händen vollzogen wird, die
143 2110 1115 2181 nag, sie zeigen uns den Standpunkt, von dem
1111 2124 2148 2195 ihm die Gattin noch mehr. Die ganze Umgebung
2140 2124 3194 2197 eigentlich am wenigsten dazu berufen wären, das
154 2163 1107 2236 man die Entwicklung der Personen des Stük¬
1103 2168 2158 2241 drückt ihn und mit seinem Freunde Dr. Maurer
2151 2183 3202 2241 ist das — Heitere. Man könnte sich fast veran¬
142 2212 1114 2288 beurteilen kann und soll. Es wäre entschieden
1098 2215 2157 2302 zieht er in die Alpen, um zu genesen. Dr. Maurer
2142 2230 3197 2305 laßt sehen, das ganze Spiel als eine psychologische
154 2265 2147 2341 sehr schwieriges Unternehmen, aus den geist= eilt auf der Liebe Flügeln zum Völser Weiher,
2141 2279 3203 2334 Unkonsequenz, als Unmöglichkeit zu deuten, wenn
154 2311 2143 2393 hen Zwiegesprächen der einzelnen Personen weilt doch dort Erna, die stille Flamme seines
2151 2333 3202 2386 nicht ein Blick auf unser übernervöses Gesell¬
159 2363 2152 2448 aus ihrer uns zum größten Teil augenblicklich Herzens; und mit ihm geht Friedrich. Nun ersteht
2139 2381 3210 2460 schaftsleben die ausnahmsweise Möglichkeit solcher
149 2411 1102 2468 erstanden bleibenden Handlungsweise die
1107 2421 2150 2496 in Friedrich eine Leidenschaft für Erna, die er
2143 2426 2927 2494 Geschehnisse wenigstens offen ließe.
132 2458 1119 2535 ndidee, die dem Werk innewohnt, in einer
1100 2470 2155 2539 einst als Kind auf den Knien gewiegt. Am Aigner¬
2184 2462 3205 2550 Dem Ehepaar Hofreiter gegenüber steht ein
134 2509 1106 2573 en, formelartigen Definition herauszuziehen,
1101 2520 2142 2584 turm, einem der schwierigsten Felsgipfeln, finden
2142 2535 3201 2599 zweites, das Ehepaar Aigner, dessen Sohn der
153 2537 1118 2628 so schwieriger, wenn man hierbei noch dessen
1107 2567 2143 2642 sich ihre Herzen, und getreu dem Grundsatze:
2134 2573 3192 2632 vorhin genannte Marinefähnrich ist. Aigner
148 2605 1101 2673 e, abgerissene, fast nervöse und teilweise ver¬
1100 2598 2136 2690 „Alles oder nichts!“ wird sie Friedrichs Eigen.
2137 2623 3207 2700 liebt seine Gattin über alles und dennoch betrügt
130 2649 914 2716 ierte Redeweise in Betracht zieht.
1145 2671 2143 2727 Unterdessen hintergeht auch Friedrichs Frau
2139 2681 3206 2745 er sie. Und sie? Auch sie liebt ihren Mann und
138 2684 1106 2771 Die Handlung ist, wenn man von einer solchen
1099 2709 2142 2781 ihren Gemahl mit einem Marinefähnrich. Durch
2140 2728 3207 2815 gerade deshalb kann sie den Schmerz nicht ver¬
130 2746 1106 2820 khaupt spricht, sehr einfach und wird nur
1102 2769 2146 2830 Zufall belauscht der unerwartet zurückgekehrte
2145 2780 2956 2847 winden und deshalb trennen sie sich.
139 2811 1104 2871 ch die psychologische Schilderung und Ent¬
1107 2819 2147 2881 Gatte das Stelldichein. Nun könnte man meinen,
2182 2802 3203 2889 Im ganzen Stücke findet sich eine positive
138 2848 1099 2920 lung der einzelnen Menschen und eine geradezu
1096 2859 3202 2956 jetzt werde eine Annäherung beider Gatten möglichHandlung kaum vor. Erst am Schlusse des vierten
139 2902 1103 2983 treffliche Milien= und Gesellschaftsschilderung
1105 2916 2141 2987 sein, lastet doch nun auf beiden gleiche Schuld
2137 2918 3192 2998 Aktes strafft sich die Gestaltung der Dinge zu
141 2935 1022 3017 der Länge von fünf Akten ausgedehnt.
1099 2966 2139 3040 und ist die Ursache der Entfremdung doch aus
2136 2958 3202 3023 ernster Spannung, flaut aber im fünften Akte
140 2993 1097 3065 Der Fabrikant Friedrich Hofreiter lebt mit
1101 3009 2141 3078 dem Wege geräumt. Fast scheint es so, aber
2138 3009 3190 3091 der in seiner Kürze eigentlich nichts anderes als
128 3044 1100 3118 er Gattin Genia trotz seines allseits bekannten
1091 3068 2143 3126 es kommt doch anders. Friedrich provoziert den
2131 3083 3194 3153 eine Folgerung aus dem Vorhergehenden ist, so¬
134 3101 1095 3174 esverhältnisses — „Herzensschlamperei“ nennt
1094 3110 2137 3172 Fähnrich und ein Duell soll den betrügenden und
2141 3113 2514 3196 fort wieder ab.
155 3146 1063 3224 Maurer gelegentlich solche Verhältnisse —
1084 3147 2158 3227 betrogenen Gatten Genugtuung verschaffen. Und
2179 3147 3196 3233 Man muß sich eben bei Schnitzler und einem
148 3199 3199 3294 der Bankiersgattin Adele Natter, in einer seltsam, Natter, seinen Bankier, den er mit dessen großen Teil der Modernen daran gewöhner, daß
