3344 4320
652 121 754 187 WC
231 112 1217 238 24. Das „1te Land
1352 130 1796 228 box 28/5
743 1052 1213 1134 Vertretungen
1114 1098 1520 1173 tlania, enf. Kopen¬
414 1116 995 1194 in Berlin, Budapest, Gü####
426 1142 1527 1237 hagen, London, Madrid, Mähähd.SMiifneapollse riew-Vork.
1237 1200 1491 1272 Petersburg.
459 1207 1122 1277 Paris. Rom. San Francisco, St##h#
760 1205 1253 1315 (aneenangehe Akat
370 1297 820 1391 Ausschnitt aus:
596 1371 905 1464 70.11, 1311
422 1413 600 1477 vom:
2483 1502 2632 1584 S
548 1540 1522 1630 Münchener Thcaterbrief.
1579 1545 3310 1633 Entsagung von dannen, in der festen Zuversicht, daß seine] Feindschaft treiben ihr Spiel
1582 1584 3306 1677 Herrin ihn dereinst zu neuen Taten berufen wird. Die Monschen, daß ihre Urtriebe
446 1579 1601 1687 „L. St. München 26. Okt. Die hiesige Uraufführung der
1599 1633 2743 1710 Musik Wallbrunns legt ihren Schwerpunkt in die Charakte¬
2734 1642 3308 1723 mögen sie auch eine Zeitlang
439 1646 1596 1731 —musikalischen Tragikomödie „Don Quijote“ von Georg
1603 1679 2739 1749 risierung der tragischen Seite des Don Quijote=Problems.
2736 1698 3295 1767 soziale Erwägungen zurückg
439 1694 1601 1772 Fuchs, Musik von Anton Beer=Wallbrunn,, die im
1605 1722 2749 1807 Sie ist der musikolische Ausdruck eines Wahngebildes das
2744 1742 3300 1805 Chaos der Gestalten steigen
449 1731 1608 1821 Januar 1908 stattfand, stand damals unter einem wenig
1606 1764 3298 1846 sich selbst sehr ernst nimmt und auch von andern ernst ge= seine Frau Genia herauf, die
439 1765 1597 1853 günstigen Stern. Wenn schon jeder epischen Stoff der Dra¬
1602 1811 2739 1883 nommen zu werden verlangt. Die Orchesterführung ist
2717 1820 3297 1893 walt des Sturmes ankämpfen
450 1821 1605 1903 matisierung vielerlei Schwierigkeiten bietet, so wachsen diese
1595 1853 2735 1926 voller Absicht kraus und verworren gehalten, und darüber
2723 1861 3272 1935 liegen. Man braucht nur
450 1864 1603 1942 bei der drawatischen Behandlung der dem krausen Hirn des
1598 1896 2732 1969 liegt ein ganz eigenartiger Zauber wehmütig=phantastischer
2725 1909 3300 1973 dieser Art mit seiner erkünste
434 1907 1607 1978 Junkers von la Mancha entsprungenen Abenteuer ins Un¬
937 1943 992 1986 610
1590 1939 2734 2009 Melodien. Durch diese Auffassung gewinnt die Gestalt Don
2722 1954 3309 2011 mit seiner tändelnden Dialekt
432 1950 1601 2037 ermeßliche. Mit kluger Mäßigung hatte der Autor deshalb
1604 1982 2736 2053 Quijotes bedeutend stärker an Interesse als etwa in Richard
2731 2001 3297 2054 nen, mit welcher durchdringen
440 1986 1602 2079 darauf verzichtet, die verschiedenen Taten Don Quijotes an
1594 2025 2735 2094 Strauß' gleichnamiger sinfonischer Dichtung. Die Szenen
2725 2039 3295 2101 ren Dichter zeigt, Schnitzler 8
429 2022 1600 2122 uns vorüberziehen zu lassen, sondern konzentrierte sich auf
3105 2072 3172 2130 10
1592 2073 2747 2147 Sancho Pansas dagegen sind auch musikalisch von einem son¬
2726 2089 3293 2140 gepackt hat. Die Aufführung
434 2068 1595 2161 ein einziges Abenteuer, das den traurig=heiteren Wahn sei¬
1588 2109 3301 2194 nige, oft grotesken Humor umflossen, der nur stellenweise Residenztheater in letzter Zei
436 2112 1605 2198 nes Helden besonders plastisch hervortreten läßt und der
1587 2152 3297 2226 etwas nüchtern erscheint. Die Aufführung wurde dieser Auf¬ namentlich in Frau v. Hage
445 2162 1599 2233 Entwicklung einer Handlung fähig war. Doch minderte da¬
1581 2193 3301 2258 fassung des Komponisten völlig gerecht. Namentlich Fein=[rück (Hofreiter) eine völlige
440 2204 1588 2291 mals trotzdem ein zu reiches Episodenwerk, das die führen¬
1587 2240 2745 2316 hals schuf einen erschütternden Don Quijote: er erfüllte das
2728 2259 3291 2321 Im Schauspielhaus ga
423 2225 1592 2324 den Gestalten des Don Quijote und Sancho Pansa über¬
1586 2281 2730 2359 Zerrbild des Ritters von der traurigen Gestalt mit wahrer
2723 2291 3300 2361 mit ihrem Ensemble und riß
422 2283 1587 2377 wucherte, den Erfolg des Werkes, wenn schon die kraftvolle
1581 2305 2725 2402 Grandezza und überzeugte uns aufs tiefste von dem Adel,
2726 2341 3268 2402 eine gewählte Zuhörerschaft z
433 2334 1581 2421 persönliche Musik Beer-Wallbrunns hohe Anerkennung fand.
1589 2367 2726 2444 den der Wahnverblendete in seinem Innern trägt. Die
2728 2370 3287 2439 hätte Frau Després bei der A
436 2376 1591 2468 In einer neuen Bearbeitung, die kürzlich im Hoftheater zur
1577 2411 2717 2488 stimmliche Bewältigung der gesanglich recht schwierigen
2712 2421 3297 2481 und „Marionettes“) doch nich
423 2418 1584 2507 Aufführung gelangte, ist nun die Handlung noch stärker zu¬
1578 2453 2714 2534 Rolle stand auf gleicher Höhe. Das lustige Gegenspiel, des
2711 2468 3299 2533 Publikums derartig untersti
430 2461 1585 2552 sammengezogen und dadurch zu unmittelbarer Wirkung ge¬
1573 2484 2717 2576 Sancho Pansa unseres Sieglitz, wurde in derbem Kontrast
2716 2513 3304 2581 törichtste, was wohl je eine fre
432 2504 1579 2587 bracht worden. Don Quijote zieht aus, um seine Herrin
1574 2540 2711 2616 zum Don Quijote gehalten. Leider mußte das interessante
2713 2544 3290 2620 nach München brachte und nu
423 2543 1578 2633 Dulcinea von Toboso zu entzaubern. Er benutzt dazu einen
1571 2582 2726 2659 Werk gleich nach der Erstaufführung wieder vom Repertoire
2718 2591 3249 2666 baut, die die Meisterschaft
426 2592 1588 2685 Konflikts des Herzogs mit seinem Sohn Fernando, der gegen
1580 2626 2485 2700 abgesetzt werden, da Sieglitz schwer erkrankt ist.
2707 2629 3274 2709 zeigt. Ferner gab es im Sch
415 2634 1583 2724 den Willen des Vaters die schöne Luscinda heiraten will.
1584 2655 2714 2748 Als Hoffmann und Florestan (Fidelio) gastierte hier Herr
2708 2681 3292 2753 der „Hydra“ von Karl Et
423 2677 1581 2761 Don Quijote glaubt die Hand Dulcineas gewinnen zu kön¬
1575 2700 2719 2791 Karl Erb aus Stuttgart, dessen prachtvolle Tenor¬
426 2721 1580 2806 nen, wenn er Fernando zum Verzicht zwingt. Er zieht nach
2713 2718 3290 2797 in der Jugend“ schon so n
1575 2747 2716 2839 stimme uns schon von der vorjährigen Vereinsaufführung
424 2760 1570 2848 Toboso, wird vn dem Wirt einer armseligen Schenke, in
2711 2759 3288 2838 hat. Aber ein anderes ist es
1568 2798 2718 2878 des „Armen Heinrich“ im Prinzregententeater hier in an¬
2707 2813 3274 2884 zu unterhalten, ein anderes,
415 2805 2716 2923 dem er den verzauberten Hüter Duleineas zu sehen meint, genehmer Erinnerung war. Sein Engagement nach Mün¬
2713 2852 3272 2923 inneren Gehalt zu verleihen.
421 2852 2708 2915 zum Ritter geschlagen, aber von Fernando im Zweikampf be= chen bedeutet für die Stuttaarter Oper einen großen Ver¬
2709 2885 3290 2969 (wie schon anläßlich der Nür
424 2880 2717 3004 siegt. Dieser hat inzwischen die Einwilligung zur Heirat lust. für uns aber einen reichen Gewinn. In beiden Rollen
2705 2939 3296 3008 der Konfikt zweier Theaterdi
418 2930 2716 3001 vom Vater erhalten; aber während der Trauung erscheint bestätigte sich der günstige Eindruck des damaligen Auf¬
2705 2993 3293 3057 Peppler köstlich verkörpert), v
413 2979 2709 3095 Don Quijote in einem zerschlagenen Kirchenfenster über tretens, da es scheint, als ob sich die Stimme noch weiter
2709 3022 3289 3096 plan nach rein künstlerischen
418 3016 1960 3101 dem Altar sein prachtvolles Bild) und streckt Fernando zu durchgebildet hätte.
2687 3078 3279 3139 dabei an das allabendliche sch
416 3061 1591 3160 Boden. Die Hochzeitsgesellschaft erkennt den Wahn des
1576 3110 2713 3170 Das Residenztheater brachte gleichzeitig mit Berlin die Ur¬
2700 3123 3287 3173 der andere durch derbere Kost
413 3102 2709 3218 irrenden Ritters und beschließt, ihn mitleidsvoll durch seine aufführung des neuen Schnitzler heraus. „Das weite
2701 3154 3278 3218 schmuggelte Pikanterie bringt
404 3140 2712 3262 eigenen Mittel zu heilen. Fernando, als Zauberer Merlin Land, das der Dichte########ist das Land der
2703 3198 3297 3255 un nun treibt das „Goetheth
407 3182 2708 3315 verkleidet lee Don Quijote eine Buße auf, nach deren Er= Seele. in dem etwa ein Dutzend Personen ihre Liebesfreuden
2701 3239 3296 3314 Jahrwasser weiter, bis es schl
2775 3278 2829 3317 1110
401 3231 2716 3353 füllung ihm Duleinea in einem fernen Schloß des Herzoas und ihren Liebesschmerz umhertummeln. In ihnen allen
2701 3298 3279 3349 fünfjähriges Jubiläum feiern
411 3275 2462 3380 erscheinen soll. Don Quijote reitet mit Sancho Ponsa berrscht eiste Sehrsucht nach dauernder Liebe.
2453 3323 2709 3398 Die einen
2695 3338 3286 3398 und oberflächlich charakterisier
396 3310 2705 3437 dorthin (die Reise wird durch ein plastisch=orchestrales Zwi= können sie nicht festhalten, die andern sie nicht erreichen;
2702 3381 3293 3445 große Anzahl treffender und
405 3353 2694 3476 schensviel charakterisiert) und wird von Luscinda=Duleinea toll wirbele sie wie Blätter durcheinander, die ein wilder
2707 3408 3280 3478 direktoren, Schauspieler, Autoz
398 3404 3282 3527 aufgefordert, dem Rittertum zu entsagen. Tief erschüttert Sturm durch die Lüfte jagt. Liebe quillt auf und erlischt, liebe Publikum eingestreut d#
398 3454 3269 3597 legt er seine Waffen der Gelieben zu Füßen und zieht voll Haß tritt an ihre Stelle Verrat und Ehebruch, Lüge und bedeutende Aufführungsziffer
2690 4041 2847 4128 ALG
