3392 4352
226 164 1177 266 24. Das weite Land
1335 171 1777 264 box 29/2
1092 654 1502 746 Telephon 12.801.
545 748 1292 880 JOOSERVER
380 820 1469 953 I. österr. beh. konz. Unternehmen für Zeitungs¬
591 879 1267 977 Ausschnitte und Bibllographie.
548 908 1320 1042 Wien, I., Cenoordlaplatz 4.
765 1020 1099 1090 Vertretungen
364 1036 1463 1163 in Berlin, Brüssel, Budapest, Chicago, Geveland, Christlania,
368 1087 1450 1202 Geuf, Nopenhagen, London, Madrid, Malland, Minnenpofia,
358 1109 1465 1233 Now-York, Paris, Rom, San Francisco, Stockholm, St. Potere¬
764 1185 1068 1245 burg, Toronto.
704 1219 1106 1292 sellenensbe eue Gomcn)
350 1253 1546 1430 A anlialen Peren Gen hane
413 1336 979 1463 N. 13 NUVE NDER 1911
961 1362 1333 1475 ergenausgabe
461 1478 1448 1593 Im Schauspielhaus zu Frankfurt a. M. sand
401 1521 1446 1622 gestern die infolge von Personalschwierigkeiten ver¬
394 1548 852 1631 spätete Premiere von
851 1579 899 1649 &
1017 1599 1445 1679 ##' Tragikomödie
399 1591 1442 1740 „Das weite Banzthlsger mterte wot ein
386 1629 1448 1756 Weilchen, bis man im weiten Land wegkundig
389 1673 1428 1800 wurde aber die Sicherheit wuchs rasch, die
383 1709 1427 1829 Eindrücke wurden von Akt zu Akt stärker
382 1744 1421 1882 und man dankte dem Dichter und Führer
380 1794 1424 1920 lebhaft und mit offenkundiger Ehrlichkeit. Der Hof¬
368 1834 1425 1957 reiter Arthur Bauers war faszinierend, eine Ge¬
374 1871 1415 2006 stalt stärkster künstlerischer Individualität, Frl. Wulff
368 1922 1421 2037 als Genia wirkte in der gewaltsamen Ruhe der Er¬
370 1952 1406 2091 scheinung überzeugend und bewegend. Die Auf¬
365 1996 1315 2125 führung war von Dr. Heine vorzüglich inszeniert.
411 2049 1394 2165 Im Komödienhaus hatte „So n Wind¬
358 2056 1415 2201 bund“ Schwant in lhen ven Gursrang ainen.
356 2121 1347 2243 stürmischen Lacherfolg, der den anwesenden Autaun
501 2169 987 2268 #ie n die Rompe rief.
3029 310 3102 380 7
2218 298 3032 404 Dr. Max Goldschmidt
2356 397 2840 471 S Bureau für
2350 459 2856 540 Zeitungsausschnitte
2150 533 2477 599 Berlin N. 24
2722 545 3031 613 Teiephen MA. 2601.
2421 651 2777 731 Ausschnitt aus
2093 704 3032 822 Frankfurter Warte, Frankfurt a. M.
2437 855 2783 954 20 1. 11
2364 976 2785 1061 Schauspielhaus.
2042 1043 3166 1109 (Erstaufführung: „Das weite Land“, Tragikom' vie in 5
1971 1100 3173 1169 Akten von Arthur Schnitzler.) Warum diese Tragikomödie
1968 1148 3168 1221 gerade „Das weite—Land“heißt, dahinter sind wohl trotz
1977 1186 3171 1264 der im Philosophenmantel auftretenden Trivialitäten einer Szene
1973 1241 3166 1319 des dritten Aufzugs, — nebenbei bemerkt, einer der fadenschei¬
1970 1299 3162 1355 nigsten Szenen des ganzen Stücks — wohl nur einige ganz be¬
1970 1340 3172 1408 sonders Erleuchtete gekommen. Unseres Erachtens könnte das
1973 1395 3161 1466 Stück mit demselben Recht, „Der Wurstkessel" oder noch anders
1975 1438 3158 1507 heißen. Wenn ein Dichter das Aushängeschild „Die Seele ein
1966 1487 3151 1548 weites Land“ über sein Drama hängt und dann weiter nichts
1962 1534 3164 1603 über das Problem zu sagen weiß, wie Schnitzler in diesem
1969 1584 3169 1667 Stück, so wirft das immerhin schon ein bedenkliches Licht auf
1964 1627 3165 1676 seinen Geschmack. Aber rechten wir nicht mit dem Dichter über
1969 1680 3163 1750 die Etikette, die er seinem Stück aufgeklebt hat! Wenn es sonst
1962 1725 3165 1810 was taugt, so mag es doch heißen, wie es will! — Das Ganze
1958 1775 3154 1834 ist, wie es sich bei Schnitzler ziemlich von selbst verstehn,
1971 1828 3154 1903 Ehebruchsdrama von A bis 3, ein Abriß aus dem Leben,
1958 1870 3152 1950 jener Gesellschaftsklasse, in der Alles haut goüt hat. — Deca¬
1968 1920 3160 2000 dencestimmung jenseits von „Gut“ und „Böse“. Hauptfiguren:
1967 1966 3150 2047 Der Fabrikant Hofreiter und seine Frau, die Ehe durch seine
1958 2019 3140 2092 Schuld zerrüttet. Der erste und beste Akt bereitet die kommen¬
1962 2064 3142 2144 den Entwicklungen und Konflikte überzeugend vor. Frau Genia
1956 2117 3149 2195 ist ihrem Mann, trotzdem sie seine Wege kennt, treu gewesen,
1972 2175 3144 2228 weil sie ihn noch immer liebt. Ein Verehrer hat sicht weil
1954 2209 3146 2285 sie fest blieb, ihretwegen erschossen. Der Mann erfährt davon.
1959 2261 3140 2340 Ihm, dem Sinnmenschen, ist das Verhalten der Frau un¬
1957 2320 3135 2386 verständlich. Er versucht, eine Schuld auf ihrer Seite zu kon¬
1959 2360 3154 2447 struieren, aber seine Beschuldigungen prallen an ihr ab; der##
1951 2407 3151 2457 Brief des Toten, den seine Frau ihm gibt, redet eine deutliche
1947 2456 3141 2530 Sprache. Merkwürdigerweise wird nun Genia ihrem Gatten
1947 2509 3130 2569 unheimlich — oder tut er nur so? Er tritt eine Reise an, um
1948 2566 3130 2625 ein neues Abenteuer zu erleben. Wie der Dichter das im
1949 2601 3132 2682 Drama entwickelt, das wirkt so fade und widerspruchsvoll,
1944 2659 3133 2735 daß der ganze dramatische Aufbau eigentlich schon an dieser
1949 2706 3137 2774 Stelle geliefert ist. Was jetzt noch weiter spielt, das ist kein
1942 2758 3133 2826 einheitlich=konstruierter Dramencharakter mehr, sondern nur ein
1941 2797 3139 2877 Gemisch zusammenhangsloser Charakterzüge, das kein Interesse
1945 2853 3116 2920 mehr hervorzurufen vermag; geniale Gesinnungslumperei und
1935 2899 3118 2956 naives Trotteltum, versetzt mit einer Dosis Uebermenschentum
1936 2951 3119 3015 und kalter, brutaler Berechnung. In Genias Leben ist in¬
1945 2999 3115 3046 zwischen ein Fähnrich getreten, eine vollständige Schatten¬
1936 3049 3128 3122 figur, über die wir nichts erfahren, als daß aus ihren Augen
1933 3097 3118 3170 die „freche Jugend“ schaut. Nun sollen wir's, — so ver¬
1926 3134 3129 3223 langt der Dichter — glauben, daß Genia sich bis über die
1925 3188 3126 3246 Ohren in besagten Fähnrich verliebt und mit beiden Füßen
1925 3238 3114 3293 in ihre Leidenschaft hineinspringt. Hier ist der zweite irra¬
1930 3278 3104 3341 tionale Punkt des Stückes, wo die Gewaltsamkeit an die
1929 3346 3111 3408 Stelle der inneren Folgerichtigkeit tritt. Schluß= und Knall¬
1920 3391 3111 3458 effekt: Hofreiter kommt dahinter, brüskiert den Fähnrich in
1922 3431 3116 3506 Anwesenheit einer zahlreichen Gesellschaft und erschießt ihn im
1926 3477 3111 3545 Duell. Wie er, der im ersten Aufzug die „freie Liebe“, zu der
1921 3535 3110 3600 er sich theoretisch und praktisch bekennt, seine Frau geradezu
1918 3586 3110 3624 auf dem Präsentierteller angeboten hat, dazu kommt, das ist
1915 3621 3124 3693 der dritte große psychologische Purzelbaum, den uns der Dichter
1914 3682 3103 3727 mitzumachen zumuten will. Es ist wirklich nicht not, noch
1909 3731 3091 3782 auf allerlei Kleinigkeiten einzugehen, auf die in ihrem Zu¬
1920 3768 3090 3834 sammenhang sinnlose Episode der drei Billardkugeln, auf das
1911 3825 3100 3888 angetippte, aber nicht durchgeführte Motiv vom Aignerturm
1914 3879 3096 3927 und andere verfehlte Ansätze. Man kann ruhig aufs Ganze
1914 3928 3097 3990 gehen: es gelingt dem Dichter, trotz krampfhafter Anstrengun¬
1908 3967 3092 4037 gen und vieler feiner Einzelheiten, in der Dialogführung nicht
1904 4014 3086 4071 einmal, die Zuschauer für sein Milieu, geschweige denn für
1908 4066 3091 4123 seine dramatischen Motive zu interessieren. Woran das liegt,
1899 4117 3089 4174 das mögen andere untersuchen! Die einzige Gestalt, die lebens¬
1907 4168 3101 4224 voll heraustritt, ist Genia. Sie fand in Frl. Wulf, der “
2355 4210 2483 4250 altenen
2817 4217 2892 4251 10201
2573 4215 2752 4278 B
