3248 4384
143 331 1122 453 24. Das veite Land
1254 351 1718 453 box 29/2
617 1603 952 1691 #
16 1717 499 1793 e und verkommene Fi¬
525 1724 2958 1866 Gestank, der den griechischen Philosophen „vorschwebte“, als Begriffs“ nur von ephemerem Wert ist, als Spezialfall eines
28 1765 507 1840 führen kann, da stellt
515 1774 1730 1867 sie ihren Schülern verboten, durch Bohnenfelder zu gehen.
30 1812 512 1887 tiert für diesen Herrn
1727 1835 2469 1897 gemäßigten Wiener Kurtisanentums.
508 1828 1726 1904 Wie alle halbgebildeten Mediziner ist auch Schnitzler ein Ver¬
27 1861 503 1934 der Sexualbrunst; wenn
1802 1859 2959 1940 Urber das „Weite Land“ des „Dichters“ wollen wir uns
517 1872 1731 1954 treter des alleroberflächlichsten und geistlosesten Materialismus.
32 1914 514 1988 buhlen können, kann er
1729 1917 2964 2007 nicht weiter aufhalten; es ist ein Stück der Schnitzler'schen
511 1917 1723 2014 Alles ist ihm Spiel; nichts ist ihm ernst, alles täuscht, alles
18 1964 502 2029 ebt nur, wenn er die
1733 1976 2956 2033 Schablone. Der „Held“, ein ekler, vertrottelter Sexualist,
519 1972 1731 2059 zerfließt, nichts ist gewiß. Das Leben genießen — was er
19 2011 494 2080 nd Heldinnen in per¬
1731 2020 2957 2091 der seine Frau betrügt und die Geliebten wechselt, wie die
510 2016 1731 2123 unter Genuß versteht — vor nichts zurückschrecken, die Rosen
20 2052 507 2130 u lediglich „Geschlecht“,
1732 2073 2958 2128 Handschuhe, der vom Leben nichts anderes fordert, als Ge¬
514 2068 1723 2150 pflücken, wo sie sich bieten, Frauen und Mädchen verbrauchen,
28 2119 501 2174 weiten Land“ läßt er
1725 2115 2957 2172 nuß, der sich zu seiner Frau dann wieder hingezogen fühlt, als
517 2126 1723 2209 wo es geht —: denn wenn du es nicht tust, machts ein anderer.
20 2152 504 2227 auen) dreht sich alles,
1729 2171 2961 2243 diese femme de trente ans sich mit einem 18jährigen Kadetten
510 2167 1734 2264 Das ist Philosophie dieses „Dichters“, ob er im Drama,
24 2204 505 2276 werke, oder Kunstwerke
1729 2204 2961 2285 verbuhlt — den er nebenbei im Duell erschießt, um nicht als
514 2214 1729 2315 oder in der Bluette kommt. Dieser Herr Schnitzler — Dichter
19 2260 500 2322 Und das ist die künstle¬
1725 2266 2951 2328 der „Dumme“ zu erscheinen — und dann mit allen Frage¬
580 2274 1717 2350 glaubt, so wie er die Welt in einem corrupten, ver¬
19 2305 494 2371 Schnitzlers. Das Weib
1730 2314 2947 2380 zeichen des psychologischen und dramatischen belastet, seinem
511 2307 1722 2401 buhlten und verlotterten Wiener Börsen=Ausschnitt
14 2350 504 2430 das „illegitime“, immer
1734 2359 2954 2434 10jährigen Sohn in die Arme eilt, denn Herr Schnitzler
517 2362 1726 2449 erlebte, so ist sie in Ganzen. Daß es daneben auch eine
16 2387 503 2468 rn, auch nicht das nor¬
1730 2420 2944 2480 kann diese Fragezeichen nicht lösen, weil er eben kein Dich¬
508 2418 1724 2502 Welt der Arbeit, des ehrlichen Strebens, der Ideale, der
10 2455 500 2529 rhüllte Courtisane, die
1720 2461 2952 2525 ter ist. Wie der Held, sind auch die Nebenfiguren unsympathisch
500 2471 1724 2546 Rechtschaffenheit und der legitimen, normalen Gefühle gibt,
15 2503 490 2570 eckte Jungfrau — an¬
1718 2513 2950 2570 und vertrottelt. Vom Tennisspiel zum ehebrecherischen Rendez¬
508 2511 1713 2593 das weiß Herr Schnitzler nicht, oder vielmehr er will es
30 2554 503 2628 in der Schnitzler'schen
1727 2569 2950 2629 vous — zwischen diesen beiden Polen spielt sich die „Welt“
506 2571 1724 2643 nicht wissen, denn um diese Welt mit ihrem unendlich „weiten
15 2588 493 2675 en, brünstig, liebestoll,
1722 2602 2954 2680 ab, in der die Schnitzler'schen Gestalten vegetieren. Im ganzen
503 2610 1723 2696 Land“ — der Seele — zu gestalten, in ihnen die Mächte
15 2651 503 2716 Männer sind gehörnt
1725 2665 2527 2725 ist das Stück — dramatisch betrachtet
2508 2661 2959 2729 — langweilig, flach,
501 2664 1722 2738 und Kräfte abzuwägen, in ihr Brunst von Kraft, schmutziges
3 2690 497 2768 nd pervers, lieben ihre
1730 2714 2887 2786 uninteressant. Nur die feinere Sprache hebt das Werk¬
510 2711 1721 2790 Genießen von Frohsinn und Freude zu unterscheiden, aus dem
12 2743 490 2813 der sehen brünstig zu,
1718 2759 2548 2825 formal — über den vulgären Schwank.
508 2751 1732 2853 Schlagschatten des Negativen die Kraft der Lichtquelle zu
33 2798 496 2860 die andere wandern.
1794 2776 2954 2876 Die Aufführung traf den Ton nicht. Herr Junker mit
496 2805 1726 2887 definieren — dazu muß man ein wirklicher Dichter
28 2837 506 2918 und so mag er wohl
1725 2844 2882 2927 seiner scharfen, norddeutschen, analysierenden Sprechweise
500 2854 1725 2937 sein —; da ist es mit frechen Antithesen, feuilletonistischen
25 2889 492 2968 Sexual=Pathologischen
1724 2895 2953 2967 für viele Stücke eine unbezahlbare Tugend — kann diesen!
501 2905 1725 2989 Wendungen, mit der Vorführung einer zusammengelaufenen
6 2942 490 3011 en. Die führt er uns
1727 2948 2951 3017 Wiener Lebemann nicht überzeugend darstellen. Dieser Don
510 2951 1725 3037 Herde von feilen Weibern, vertrottelten Männern und Wiener
14 2996 496 3060 dazu auf Veranlassung
1723 3004 2952 3067 Juan muß weich, fast weibisch sein, in Blick, Miene und Hal¬
500 3004 1721 3096 Don Juans nicht getan. Herr Schnitzler ist kein Dichter. Seine
22 3041 495 3099 50. Geburtstag Hurra
1716 3038 2951 3116 tung Charme besitzen. Von all diesen Sachen hat Herr Junker?
510 3054 1710 3133 „Welt“ interessiert uns nicht, denn es ist die Halb¬
10 3083 488 3159 eregenme
1721 3099 2951 3171 nichts. Daß er in seiner Art bedeutend war, braucht nichts
508 3102 1717 3184 welt in jeder Beziehung, im moralischen, im geistigen, im
26 3144 486 3205 Schandliteratur ist es,
1719 3127 3002 3217 besonders gesagt zu werden. Auch die übrigen Darsteller trafen##
504 3147 1712 3234 sozialen. Man muß schon ein deutscher Theaterleiter sein,
38 3186 498 3260 wie „Reigen“ gehört
1719 3193 2951 3274 den Wiener Ton nicht; Frau Remolt schon gar nicht. Einzig
500 3200 1720 3265 um in Herrn Schnitzler einen Dichter zu sehen. Seine einzige
3 3226 497 3305 len seinen Werken tritt
1721 3250 2956 3325 und allein Frl. Rossi wußte ihre „Frau Wahl“ auf den
496 3233 1717 3337 Leistung besteht in der Schaffung des Christinentyps, in der
14 3288 496 3358 die Füße der sexuellen
2745 3294 2923 3372 A. R.
1726 3298 2429 3377 Grundton des Stückes zu stimmen.
493 3288 1724 3384 „Liebelei“; aber auch diesem Typ kommt kein dauernder litera¬
4 3333 1733 3443 diesen Figuren aus, ein rischer Wert zu, weil die Darstellung des „Süßen=Mädel¬
