3296 4320
594 105 729 174 We
1278 97 1748 190 box 2971
909 107 1050 172 Lan
174 111 1144 221 24. Daseund
2698 408 2789 466 #
2652 444 2848 508 en Wäs
2631 474 2859 546 ('s Haupt¬
966 507 1501 580 *. Gegen Ende Mimi 1010
1731 514 2857 579 maßte er operieren. Mackenzie, ra. usnächtigen.
641 545 1683 634 #., buß er in fortgesetzter ärztlicher Behandlung stand.
1737 567 2858 629 stierten gegen das Chloroform; auch die Kronpzu über¬
655 603 1699 671 Seit dem Januar 1887 litt er an andauernder Heiser¬
1737 611 2861 673 sagte: „Unter keinen Umständen gestatte ich Chloition die
1720 651 2844 724 Da erklärte Bramann: „Dann operiere ich nicht, ern aus¬
582 643 1694 706 keit. Anfang März wurde Gerhardt zur Behandlung
1735 680 2856 756 einen der anderen Herren, zu operieren.“ Fugilt von
585 681 1686 745 hinzugezogen, der am Rande des linken Stimmbandes eine
1722 726 2837 785 Szene! Keiner will operieren, jeder erklärt, er ki gedrill¬
587 728 1691 785 unebene Vorragung feststellte. Die Diagnose lautete auf
1728 767 2693 818 nicht. Mittlerweile ist Bramann zum Kronprinzen
586 762 1692 832 prlypöse Verdickung des Stimmbandrandes., Bergmann
1721 791 2707 859 getreten und hat ihn beredet. Das letzte Wort nim
586 821 1698 859 untersuchte am 16. Mai und sprach sofort den Verdacht
1727 849 2701 891 der Kronprinz: „Operieren Sie mich glei
586 850 1698 900 einer bösartigen Neubildung aus und begründete ihn. Er
1736 874 2840 942 gebe mich in Ihre Hände, operieren Set aus
591 891 1694 943 schlug zugleich den äußersten Kehlkopfschnitt vor.
1726 928 2446 970 wie Sie es für gut finden.“
2561 914 2853 981 Endligister
591 935 1684 978 Am 18. Mai fand eine nochmalige Untersuchung statt, nach
1729 963 2841 1011 schließt sich Krause mit einem Protest gegen das Cüden
579 964 1697 1009 der Tobold das Leiden gleich Gerhardt und Bergmann
1737 1055 2832 1112 glücklicher Liebe in einen Abgrund springen kann.“ Es Un¬
584 1071 1688 1123 Direktor stützt seine Erfahrung auf einen lebendigen und
1727 1095 2839 1167 steht sogar die bittere Ethik des Totschlags, des Selbstminem
583 1109 1692 1179 fruchtbaren Damenverkehr. Er ist kein Begriffenfeldt, dieser
1730 1134 2836 1199 Er begreift, daß er sich selbst gegenüber ein teilnahmsdrahlt
575 1155 1693 1202 alternde Erotiker, der seizbequem eingerichtetes Dolomiten¬
1737 1181 2838 1229 ein ruhloser Fremdling gewesen. Die Stimme seines Ki hat
571 1201 1686 1241 Hotel als internationalen Harem betrachtet und „in jedem
1736 1214 2843 1264 führt ihn aufs neue dem Leben zu. Und=da er noch im bei
581 1227 1691 1281 TirolerDorf mindestens 1 Kind hat," wie der Glühlichtfabrikant
1736 1261 2843 1322 kein Talent zu einem bußfertigen Moralisten hat, tröstseine
575 1266 1687 1333 behauptet. Er ist „der Neuzeit entsprechend“ organisiert, wie
1735 1302 2836 1373 sich mit der wehmütigen Formel: „Das Leben ist zum irbel
579 1315 1686 1370 man im Tone der üblichen Hotel=Inserate hinzusetzen kann.
1731 1335 2837 1395 lachen". Nicht anders ergeht es seiner haltlosen Frau, ent¬
585 1358 1694 1407 Darum hängt er der nackten Wahrheit seiner praktischen
1735 1380 2833 1428 in der abenteuerreichen Villa zu Baden bei Wien auf , ob
587 1383 1699 1446 Betrachtungen auch gern eine philosophische Boa um die
1721 1418 2836 1472 lichen Schleichwegen den prickelnden Segen eines geheim be¬
589 1422 1687 1476 Schultern. Eine Boa, die gar nicht wärmt, aber dem
1732 1461 2827 1515 vollen Glücks ergattern möchte. „Man gleitet, man ghein“.
580 1461 1693 1516 verführerischen Akt (wie auf den Radierungen des pfiffigen
1726 1497 2833 1551 immer weiter; wer treiß, wohin“ ist ihre schlüpfrige Maxjlag¬
578 1507 1685 1554 Rops) mit psychologischen Linien umkleidet. Der Dichter
1731 1541 2834 1591 „Ich finde mich nicht mehr zurecht.“ Nur ein zwanzigjählngs¬
580 1541 1690 1595 identifiziert seine eigene Ansicht nicht mit diesem kleidsamen
1736 1581 2843 1634 Mädchen, eine fortentwickelte Hilde Wangel, die als Cistik
585 1587 1684 1644 Liniengespinst, obzwar er aus den Reflexionen des pikanten
1734 1618 2843 1669 Wahl durch die feinversponnenen Irrungen dieser Liezmal
582 1622 1685 1680 Sprechers einen schwankenden Faden hervorzieht und zu den
1725 1654 2843 1716 komödie huscht, weiß sich mit der unbedenklichen Entschie den
578 1666 1687 1717 Titel=Lettern der Tragikomödie verwendet. Der Dichter will
1722 1706 2845 1750 heit eines souveränen Temperaments zu behaupten. sich
580 1703 1693 1766 nicht als Hoteldirektor, will nicht als Irrenhausdirektor, will
1732 1741 2849 1792 eine ältliche Schauspielerin, die in manchen Momenten Sie
583 1746 1684 1806 nicht als Theaterdirektor fungieren. Aber er scheint doch
1730 1777 2839 1830 hohen und freien Zug einer modernisierten Frau Kamndoch
585 1786 1686 1838 anzudeuten, daß die Theaterspieler des Lebens mit ihren
1722 1814 2834 1873 herrin Alvit“ annimmt, läßt eine abgrundtiefe Herzeuft.
1178 1824 1682 1891 und Selbsttäuschungen
577 1832 1185 1884 wahnwitzigen Vorspiegelungen
1726 1864 2841 1911 güte (eine Herzensgüte aus Lebensweisheit und Welt In
1440 1863 1674 1923 die ähre
710 1852 1397 1925 zufällige Hotelgäste auftreten,
581 1874 711 1921 wie
1462 1895 1687 1956 Augenblick
1275 1905 1428 1954 ersten
1738 1890 2847 1963 ständnis) in den unbefangensten und wärmsten Akzetsteht
567 1896 1235 1959 beziehungslosen Naturen im
1729 1938 2844 1997 wirken. Wenn Schnitzler in seinem jüngsten Werke ngen
577 1936 1686 2006 zu erfassen glauben und tragikomischerweise dabeim ##
578 1987 1693 2035 Ehemänner, Gattinnen, Freundinnen, Kameraden über das
1736 1977 2848 2030 diese eine Gestalt geformt hätte, müßte ihm schon lach¬
1728 2022 2851 2076 derentwillen der innigste Respekt aller empfänglichen ichts
584 2016 1694 2069 uneingestandene Verhältnis einer gegenseitigen Wesens¬
1727 2058 2841 2112 nießer sicher sein. Aber da ranken sich noch die unterschipus
582 2050 1692 2109 fremdheit zeitlebens nicht hinauskommen. Diese unfrei¬
576 2093 1689 2162 willigen Marionettenspieler, diese unwissentlichen Gefühls¬
1719 2093 2851 2149 lichsten Typen einer ungebundenen und kompliziertird
1719 2137 2842 2185 Lebenslust um das tragende Gerüst des Dramas. Wer ine
578 2130 1693 2193 narren bleiben Hotelgäste in ihrem selbstgeschaffenen Hause
574 2175 1686 2230 und in den Bondoirs, Salons, Geschäftszimmern oder
1736 2174 2851 2241 völlig verstehen will, muß in Dichters Lande gehen oder gen
583 2205 1687 2274 Heiligtümern der angrenzenden Außenwelt, wo ihr unbe¬
1729 2219 2833 2264 Atmosphäre der früheren Schnitzlerstücke als entgegeig:
575 2240 1690 2317 wußter Dünkel den scheinbaren Triumph einer wohlbe¬
1727 2257 2845 2306 kommende Stimmung mitbringen. Die Regie des Deutschbis
576 2296 1685 2345 gründeten Geltung feiert. Sie bleiben auch Hotelgäste im
1723 2299 2846 2350 Schauspielhauses (Carl Hagemann) sorgte für einen lanit
580 2334 1692 2387 weiten Lande ihrer Seele, wo sie von unverstandenen
1722 2334 2845 2393 nigen und lustigen Gesamtton, ließ aber die mitschwingenios
900 2373 1685 2436 von unbegriffenen Gedankenregungen,
567 2371 897 2435 Empfindungen,
1729 2378 2838 2443 Ibsen=Instrumentation nur in den letzten zwei Aktuti
572 2401 1685 2470 von unbekannten Trieben und itselhaften Instinkten oft
1721 2395 2847 2468 aufkommen. Franziska Ellmenreichs SchauspielerEr
583 2436 1687 2504 plötzlich aus einem eingebildeten Gleichgewicht herausge¬
1730 2453 2853 2507 Robert Rhils Glühlichtfabrikant, Marie Elsingers Fabwie
584 2499 1696 2550 schlosdert werden. Dann hilft keine „Contenance“. Dann
1722 2501 2840 2560 kantensfrau einten sich zu einem volltönigen Dreiklang, der¬
589 2525 1707 2575 nützt keine gewohnheitsmäßige „Haltung“ die mit den Ver¬
1723 2531 2840 2598 aus den wohlgefälligen Akkorden einer dialektisch volze
577 2559 1686 2628 legenheitsmitteln einer bissigen Fronie, einer „dämonischen“
1733 2571 2851 2639 endeten Konversation in die feelischen Tiefen einer den
579 2606 1689 2654 Selbstsicherheit, einer zynischen Unverfrorenheit jeder tücki¬
2379 2590 2856 2677 hinablangte. Paptur #
1723 2622 2395 2681 greifenden Menschenoffenbarung
586 2648 1676 2705 schen Falle zu entrinnen sucht. „Mir kann nichts geschehen,“
1733 2649 2845 2714 Silten, die sich bislang nur in Kostümrollen auf wesendie
589 2681 1679 2743 das berauschende Evangelium, das nur verinnerlichten und
1728 2679 2851 2748 fremdem Gebiete vorgestellt hat, fand als Erna den wier¬
586 2731 1687 2784 demütigen Naturen dienen kann, bricht als läppische Phrase
1724 2737 2842 2789 samen Reiz einer klug gespielten Leidenschaftlichkeit. Cgio:
581 2767 1685 2823 zusammen. Der brutale Lügenmensch, der mit den raffinier¬
1730 2771 2845 2839 Wagner, Hans Andresen, Margarete Otto=Körner, Ludzund
2711 2806 2841 2857 Stück.
579 2813 1688 2872 testen Heimsuchungen fertig geworden, sieht sich auf einmal
1721 2831 2766 2876 Brahm, Hans Pichler, Tony Heydorn, Emil Stettner, 4“
586 2849 1679 2915 als hilfloses oder kindisches Opfer den primitivsten Mächten
1723 2848 2841 2918 Röhl, Emil v. Dollen und Carl Sartory schlossen sich für
581 2896 1688 2952 ausgeliefert. Peer Gynt, der als romantischer Hochstapler
1718 2902 2850 2953 ergänzenden Wirkungen an. Nur Heinrich Lang, Konsge¬
589 2929 1687 2992 den faustischen Weg vom Himmel durch)Welt zur Hölle ge¬
1723 2928 2849 2996 Gebhardt, Paul Ellmar und Grete Herzfeld vergriffen frte
380 2938 546 3029 77
581 2954 1693 3033 nommen, erkennt am Ende seiner Enttäuschungen und an der
1719 2980 2840 3049 in der geistigen Struktur ihrer Rollen. Ueber den allster
2725 2998 2853 3057 die
583 3010 1689 3066 wiedergefundenen Schwelle seines Heims, daß er das Leben
1727 3018 2515 3090 meinen Erfolg haben wir gestern referiert.
2722 3036 2853 3094 ent¬
587 3058 1688 3115 vertan, daß er sein eigener Totengräber gewesen. Schnitzlers
2345 3039 2734 3128 Anton Lindner.
2727 3081 2841 3134 cher
587 3097 1685 3147 Glühlichtfabrikant, der sich von Ehebruch zu Ehebruch, von
2198 3092 2377 3170 —.—.—
2710 3120 2844 3176 hzen
578 3135 1693 3192 Vorsicht zu Vorsicht, von Hinterlist zu Hinterlist dahinschleicht,
2699 3160 2846 3213 nisch
583 3175 1692 3237 gibt im letzten Augenblicke, da es beinahe zu spät ist, seine
2696 3201 2837 3254 imal
1895 3157 2681 3271 Kunst und Wissenschaft.
577 3216 1686 3270 spielerische Anatolweisheit auf. „Plötzlich versteh' ich allen
2783 3234 2838 3299 K
578 3257 1695 3313 Unsinn, über den ich mich früher lustig gemacht habe. Ich
1778 3282 2837 3333 A. Z. Altonaer Stadttheater. Der Klassikerzysster¬
576 3298 1688 3345 verstehe Fensterpromenaden, Serenaden, ich verstehe, daß man
1707 3313 2839 3358 des Altonaer Stadttheaters brachte nach Sophokles, Aescher
579 3345 2857 3438 mit gezücktem Messer auf einen Rivalen losgehn, aus un= I los und Sbakespeare den Spanier Lope de Bega, dessen dEin
