3392 4448
1325 103 1760 191 box 28/2
208 122 1167 221 24. Das weite.
1263 1184 1330 1270 1
763 1210 841 1261 e
515 1262 1743 1311 der Fabrikant Friedrich Hofreiter, die Hauptfigur des „Weiten
525 1304 1731 1352 Landes“ sind nahe seelische Verwandte. Auch hier handelt es sich
527 1334 1732 1397 wieder um die Tragik des innerlich Einsamen und Alternden.
517 1390 1734 1423 Hofreiter lebt mit seiner jungen Frau Genia in einer Villa
527 1423 1735 1468 in Baden bei Wien und hier spielen vier von den fünf Akten.
526 1460 1728 1511 Der erste Akt setzt mit einer echt Schnitzler'schen Stimmung ein:
528 1496 1730 1544 Die Hauptfiguren kommen von dem Leichenbegängnis eines be¬
525 1550 1732 1577 rühmten Pianisten, der sich erschossen hat. Man führt nachdenk¬
529 1569 1732 1620 liche und gleichmütige Gespräche über den Tod und stellt Ver¬
528 1614 1736 1664 mutungen über die Ursache des Selbstmordes auf. Man glaubt
524 1655 1747 1698 allgemein, der Pranist habe sich aus unbefriedigtem Ehrgeiz das
522 1689 1737 1752 Leben genommen. Nur Hofreiter ahnt einen andern Grund. In
516 1739 1744 1783 einem Gespräche mit seiner Frau wird die Ahnung zur Ge¬
526 1766 1732 1818 wißheit. Der Pianist hat sich aus unglücklicher hoffnungsloser
526 1816 1745 1861 Liebe zu Genia umgebracht. Sie selbst zeigt ihrem Mann einen
526 1847 1738 1909 Brief, den der Pianist eine Stunde vor seinem Selbstmord an
533 1896 1741 1939 sie gerichtet hat. In den übrigen Szenen des ersten Aktes wer¬
526 1918 1744 1994 den die sonstigen Figuren des Stückes eingeführt: Eine Frau
524 1964 1744 2012 Wahl und ihre Tochter Erna, ein junges, kluges Mädchen, eine
534 2015 1753 2056 Schauspielerin und ihr Sohn Otto, ein junger sympathischer
521 2038 1752 2091 Marinefähnrich und ein Arzt Doktor Mauer. Hauptsächlich wird
530 2082 1740 2124 aber das Verhältnis der beiden Ehegatten zu einander charak¬
532 2131 1751 2182 terisiert. Er betrügt sie fortwährend und sie erfährt alles. Aber
534 2153 1750 2204 es ist ihr egal, denn sie denkt nicht daran, sich zu rächen. Aber
535 2199 1746 2240 Hofreiter, ein merkwürdiger komptizierter Mensch, kann die Epi¬
531 2230 1744 2290 sode mit dem Pianisten nicht vergessen. Es ist ihm ein uner¬
529 2268 1755 2333 träglicher Gedanke, daß Jemand gestorben ist, weil seine Frou
541 2303 1743 2365 so unerbittlich und tugendhaft war. Er braucht einen Milieu¬
533 2352 1741 2413 wechsel und fährt in die Dolomiten. Dort, in einem Horel am
539 2381 1748 2438 Völser Weiher, spielt der dritte Akt. Hier treffen mit Ausnahme
532 2429 1741 2473 von Genia alle Figuren und noch einige Episoden zusammen,
538 2470 1746 2518 und auch Hofreiter begegnet Erna, in die er sich verliebt hat.
535 2512 1751 2559 In der Nähe des Ortes gibt es einen Turm, den Aigenturm,
540 2550 1751 2609 von dem vor 15 Jahren ein Freund Hofreiters abgestürzt ist
534 2590 1760 2647 und seither hat sich niemand mehr getraut, den Turm zu be¬
536 2618 1760 2682 steigen. Hofreiter wagt es und zwar in Gesellschaft Ernas. Er
542 2657 1747 2712 will sich von seiner Frau scheiden lassen, um Ecna zu hei¬
534 2698 1747 2751 raten. Sie küssen sich und sie sagt ihm, daß er heute Nacht
535 2736 1754 2802 ihre Tür offen finden werde. Inzwischen hat Hofreiters Frau
540 2776 1751 2842 Genia in Baden mit jenem Fähnrich ein Verhältnis begonnen.
549 2826 1757 2874 Die Sache kommt Hofreiter in skandalöser Weise zu Ohren und
545 2855 1746 2914 obwohl ihm die Angelegenheit ziemlich gleichgültig ist, muß er
543 2891 1749 2954 sich mit dem Fähnrich schlagen. Er erschießt ihn im Duell und
542 2937 1757 2987 damit ist das letzte Band zwischen den Ehegatten zerrissen. Er
1668 2971 1755 3022 Er
547 2987 1653 3029 will verschwinden nach Amerika irgendwo ins Unbekannte.
541 3017 1763 3067 fühlt sich zu alt, er weicht vor der Jugend, die er in dem Auge
533 3057 1396 3113 des sterbenden Fähnrichs aufblitzen sah...
667 3092 1762 3163 Man sieht, Schnitzler hat hier ein kühnes und kompli¬
536 3132 1762 3205 ziertes seelisches Problem zu lösen gesucht. Man vermag ihm
547 3163 1773 3227 auf seinen pychologischen Pfaden nicht immer leicht zu folgen
549 3217 1758 3283 und manches dürfte auf das große Theaterpublikum seltsam und
548 3260 1767 3316 vielleicht sogar befremdend wirken. Das ganze Stück ist von
551 3304 1762 3348 einer nachdenklichen resignierten Stimmung erfüllt, die man im
543 3316 1780 3404 ersten und vierten Akt am stärksten spürt. Die packendste und
1761 1254 2964 1299 drama ischste Szene des Werkes enthält der fünfte Akt: Die Rück¬
1759 1290 2991 1335 kehr Hofreiters vom Duell und sein Zusammentreffen mit der
1766 1334 2981 1380 Mutter des Getöteten. Am meisten äußerliche Bewegung und
1759 1378 2979 1412 Handlung enthält natürlich der dritte Akt, der in dem Dolo¬
1769 1396 2984 1455 miten=Hotel. spielt. Hier gibt es auch sehr viel episodistisches
1766 1438 2985 1496 Füllsel, von dem manches ziemlich konventionell und lustspiel¬
1769 1471 2972 1533 mäßig anmntet. Aber manche dieser Nebenfiguren sind sehr
1769 1512 2974 1568 eigenartig, zum Beispiel der philosophische und gebildete Hotel¬
1765 1563 2970 1612 direktor und er spricht auch das Leitmotiv des Stückes aus:
1767 1607 2366 1656 Die Seele ist das weite Land.
1881 1615 2971 1690 Das Burgtheater hat an das Werk seinen ganzen noch
1778 1665 2982 1724 immer großen darstellerischen Reichtum und viel künstlerische
1770 1716 2989 1767 Sorgfalt und Eifer gewendet. Die ursprünglich Kainz zuge¬
1775 1747 2972 1803 dachte Hauptrolle spielt Herr Korff, sehr interessant aber zu
1770 1782 2983 1846 wenig durchgeistigt, wodurch die Figur Hofreiters zu brutal
1766 1829 2974 1881 wird. Die Genia ist eine jener passiven Frauenrollen, die dem
1772 1867 2988 1919 Fräulein Marburg so außerordentlich liegen. Das junge
2879 1904 2983 1952 der
1778 1907 2847 1962 Mädchen wird vom Fräulein Hofteufel sehr nett,
2853 1934 2984 1989 klein¬
1776 1951 2855 1995 Fähnrich von Herrn Gerasch gespielt. Aber auch die
2873 1982 2989 2033 Den
1767 1998 2860 2050 sten Rollen werden von den ersten Künstlern dargestellt:
1777 2029 2982 2075 Hoteldirektor, den Hartmann hätte spielen sollen, gibt Herr
1766 2067 2982 2114 Devrient, die Mutter des Fähnrichs Frau Bleibtreu,
1769 2095 2982 2150 einen Hotelportier Herr Thimig, zugleich der Regisseur der
1778 2143 2973 2193 Vorstellung, einen Bergführer Herr Balaithy und so weiter.
1778 2182 2974 2232 Eine außerordentliche Besetzung wie sie nur für Arthur Schnitz¬
1776 2230 2848 2271 ler und nur vom Burgtheater aufgeboten werden kann.
1878 2291 2985 2356 Berlin, 14. Oktober. (Telegr.) Arthur Schnitzlers
1777 2353 2987 2404 Tragikomödie „Das weite Land“, das wie in Wien,
1782 2390 2998 2449 München und Hamburg, sowie an einem Dutzend anderer Büh¬
1781 2446 2987 2491 nen heute abend im Berliner Lessingtheater seine erste Auffüh¬
1780 2484 2988 2539 rung erlebte, wurde hier nach den beiden ersten Akten freund¬
1778 2529 3000 2587 lich, in den drei letzten Akten nur noch kühl aufgenommen. Zum
1782 2595 2990 2642 Schluß mischte sich sogar einige Opposition in den Beifall. Doch
1781 2619 2999 2683 durfte Direktor Brahm für den in Wien weilenden Dichter
1787 2666 2998 2730 vor der Rampe danken. Das Resultat wäre vermutlich noch un¬
1779 2716 2981 2768 erfreulicher gewesen, hätte nicht das Stück eine über alles Lob
1781 2757 2989 2816 erhabene Wiedergabe gefunden. „Das weite Land“ ist das Land
1784 2820 2995 2863 der menschlichen Seele mit allen seinen Rätseln und Ueber¬
1785 2853 2991 2916 raschungen. Das Spiel der Widersprüche, das der Dichter uns
1795 2911 2994 2964 geben wollte, wirkte leider vielfach nicht befriedigend, oft ab¬
1783 2961 2916 3013 stoßend, und so blieb ein Rest mangelnder Befriedigung.
