3436 4320
692 168 816 223 We
1418 153 1835 236 box 28/4
285 161 1254 258 24 asLand
606 1077 1398 1185 edterde 1
642 1130 1561 1312 GU S
787 1336 1465 1440 Theater und Musik.
956 1444 1285 1520 Lessing=Theater.
560 1487 1597 1571 Das weite Land. Tragikomödie von Arthur Schnitzler.
567 1568 1718 1621 Schnitzlers Produktion, über die man als Gesamttitel den seines
515 1602 1714 1659 ersten Dramas „Liebelei“ schreiben könnte, fängt an, etwas Fett
521 1652 1724 1696 anzusetzen. Sie ist durch Inzucht erschlafft, durch Wiederholung
514 1694 1716 1743 der Motive, die immer wieder dieselbe weichliche, verdorbene
526 1719 1722 1785 und verspielte Gesellschaft liefert. Schnitzler ist mit fünf langen
513 1757 860 1817 Akten um sie
884 1771 1725 1814 herumgegangen, hat eine ziemlich voll¬
516 1804 1723 1857 ständige Revue über seine Lieblingstypen abgehalten vom einfachen
524 1840 1711 1897 Trottel bis zu dem illusionslosen Lebemann, der an nichts glaubt,
523 1884 1711 1929 der aber trotzdem an die Entscheidung der Pistole appelliert. Friedrich
522 1921 1720 1967 Hofreiter schießt im letzten Akt den jungen Fähnrich tot, dem sich
511 1963 1710 2011 feine Frau ergeben hat. Durch ein ganzes Leben und die vier
512 2004 1711 2051 vorhergehenden Akte hat er ste zu oft betrogen, um noch
1622 2044 1708 2092 daß
509 2040 1623 2081 eifersüchtig sein zu dürfen. Er weiß wahrscheinlich auch,
514 2077 1721 2115 seine Frau ihn liebt, und daß ihr stilles Werben und Warten jedes¬
521 2116 1720 2165 mal den Weg zu ihm gesperrt fand. Aber als er dem jungen Mann,
522 2157 1715 2204 der ihm sonst recht sympathisch ist, während des Duells ins Auge
525 2200 1709 2248 fah, da mußte er treffen, vernichten. Denn die Jugend trotzte ihn
514 2240 1709 2286 an, übermütig und überlegen. Wenn er das Wette sucht, wird er
520 2274 1715 2312 auch das junge Mädchen nicht mitnehmen, das ihm Jugend, Un¬
517 2314 1723 2366 schuld und Ruf mit unbedenklicher Passion geopfert hat. Dazu fühlt
507 2355 1712 2398 er sich nicht mehr stark genug, und er wird den einsamen Weg
500 2382 1155 2444 gehen, wie Schnitzler früher sagte.
551 2423 1711 2491 Dieser tragische Grundgehalt der Tragikomödie hat den Zu¬
507 2466 1714 2524 schauern nicht sehr aus Herz gegriffen, obgleich Herr Monnard
513 2515 1715 2561 auch in der Maske nicht ohne Glück einen kleinen Napoleon
509 2548 1712 2602 betonte, einen gefaßten Realpolitiker, dem man seine Erfolge
514 2593 1716 2637 im Geschäfts= wie im Liebesleben wohl zutrauen darf. Dem
517 2630 1710 2679 Künstler fehlte der Glanz, das gewisse große Air, mit
514 2671 1711 2727 dem Schnitzler seine Lieblingsfiguren gern übergießt, aber er
505 2710 1706 2760 hatte den richtigen Stoff, und er wußte die zynische Entschieden¬
512 2745 1705 2801 heit des Erfahrenen und Illusionslosen in eine Art ironischer
507 2783 1702 2831 Weichlichkeit gut hineinzustecken. Nimmt sich Herr Monnard
510 2820 1709 2875 noch mehr in die Hand, so wird er auch einen Rest von
504 2862 1526 2907 bajuvarischem Naturburschentum verstecken können.
1572 2867 1720 2921 Neben
505 2912 1706 2957 dieser undurchsichtigen Figur des Mannes steht die unverständ¬
515 2946 1702 2993 liche der Frau. Genia ist nicht wie die anderen, von denen sie auch
513 2988 1703 3037 den Jargon der Frivolität nicht übernimmt, aber sie setzt sich nicht
506 3023 1702 3071 ins Klare. Ein junger Musiker hat sich erschossen, weil sie in ihrem
504 3060 1699 3115 Reinlichkeitsbedürfnis seiner Leidenschaft nicht nachgeben wollte. Der
517 3109 1706 3158 junge Fähnrich wird erhört, aber man merkt ihr nicht an, daß sie
505 3145 1704 3185 ihn liebt, oder daß sie ihn betrauert. Ihr Wesen, das warm und
1217 3186 1698 3226 n Neutralitäten aus und
510 3176 1170 3238 mütterlich sein soll, drückt sich
516 3219 1703 3266 keistet nichts für die organische Fortbewegung des Dramas. Diese
501 3254 1702 3313 Genia hätte das Stück belastet, wenn Irene Triesch ihr nicht eine
505 3297 1702 3337 wundervolle Junigkeit eingehaucht hätte, eine zarte Frauen¬
503 3329 1701 3387 feele, die man nicht durchschaut, und die deshalb tief sein
503 3372 1704 3427 muß. Man weiß kaum mehr, worauf sie wartet, was sie
499 3406 1558 3448 verlangt, aber man ist diesem Wesen dankbar, daß
509 3453 1702 3502 ist, in einer geheimnisvollen Indifferenz der tiefsten Enttäuscht¬
501 3491 1700 3549 heit oder eines tiefen Glaubens. Sie kann ihrer Natur
497 3528 1701 3578 den schärfsten Widerspruch zu ihren Handlungen erlauben;
492 3566 1723 3633 niemand glaubt, das nachts ein Fähnrich wirklich aus ihrem Fenster
1732 1312 2863 1371 gestiegen ist, wenn es auch der Mann geseben hat,
1745 1356 2923 1397 den Fall sogleich mit einer gewissen Befriedigung dem besten
1739 1388 2934 1446 Freunde vorzutragen. Denn da wir in einer Schnitzlerschen Gesell¬
1750 1432 2924 1478 schaft sind, folgt jeder Begrüßung und jedem Händedruck die gleich¬
1744 1472 2931 1516 mütige Erklärung: meine Frau hat mich betrogen. Oder: ich habe meine
1739 1512 2935 1553 Frau betrogen. Friedrich Hofreiter, der davon am meisten zuerzählen hat,
1747 1550 2931 1602 bestätigt sogar einem Ehemann, daß er ihn betrogen hat, was der
1747 1589 2926 1641 andere mit den Händen in der Tasche anhört. Es sind immerhin
1747 1626 2928 1675 merkwürdige Kavaliere, und man sollte nach dieser Duldung und
1743 1668 2924 1711 Offenheit nicht glauben, daß die Pistolen noch zum Knallen kommen.
1738 1702 2937 1749 Aber Schnitzler hegt ehrwürdige atavistische Gefühle, und wenn er
1737 1740 2935 1785 mit allem, was sich sonst ernst nehmen ließe, gespielt hat, spielt er
1740 1779 2279 1837 zuletzt mit dem Schießgewehr.
1769 1813 2927 1860 Was also tragisch sein soll an der Situation des Lebemannes in
1740 1852 2934 1916 grauen Haaren oder an dem Konflikt dieser Ehe von zwei Menschen,
1747 1900 2926 1943 die sich nicht finden können, das hat die Leute nicht allzusehr be¬
1746 1935 2933 1978 trübt. Man hielt sich lieber an die Konversation, die von Schnitzter¬
1742 1978 2931 2030 schem Geiste nicht geradezu sprudelt, die aber unablässig in der bekannten
1738 2019 2930 2066 elegischen Frivolität durch die fünf Akte rinnt. Sie nimmt manches
1742 2050 2013 2101 hübsche Wort
2012 2056 2933 2103 auf, das sich weich einschmeichelt oder spitz
1735 2098 2928 2144 einbohrt, das sich mit vertraulicher Indiskretion an unsere Er¬
1737 2123 2932 2180 fahrung wendet, so daß wir das Vergnügen des heimlichen Zu¬
1747 2172 2928 2217 stimmens und Mitredens genießen. So ist das Leben, wenn man
1740 2211 2936 2255 alles ausscheidet, was nicht mit Liebelei zu tun hat, und so muß es
1748 2245 2923 2293 werden, wenn man von nichts anderem spricht. Durch drei Akte hin¬
1739 2281 2928 2348 durch wird Tennis gespielt, und wenn zwei das Racket
2186 2330 2257 2383 zu
1732 2321 2139 2376 hinlegen, treten si
2267 2321 2927 2364 einer kleinen Salontrggödie an.
1741 2363 2932 2417 Die Leute sind für beides wohl trainiert, und der Jargon, der die
1738 2405 2931 2457 Liebe als Sport behandelt, wird immer amüsant sein. Es kommen
1732 2447 2929 2497 auch ernste Leute vor, wie der anständige Arzt, von Herrn
1733 2491 2932 2532 Marr sehr zuverlässig hingestellt, wie die leidenschaftliche
1743 2514 2930 2568 kluge Jungfrau, die es durchaus nicht mehr sein will, und der
1731 2558 2933 2610 Fräulein Herterich den ganzen Zauber ihrer Schlankheit,
1729 2598 2931 2648 ihrer dunklen Augen gab. Aber die Unterhaltung lieferten haupt¬
1739 2640 2920 2690 sächlich die Chargen, die am ungeniertesten bis an die Posse greifen
1742 2666 2928 2732 durften, und von dieser Schnitzlerschen Weitherzigkeit haben nach
1727 2713 2925 2768 Fraulein Grüning, die Herren Ziener, Forest, Neßler am
1726 2755 2923 2800 meisten profitiert mit komischen Tennisspielern, Dichtern und Hotel¬
1726 2795 2036 2864 portiers. A. E.
1764 2883 2919 2945 Hamburg, 14. Oktober. (Eigener Drahtbericht unseres
1739 2932 2929 2973 Mitarbeiters.) Bei der Erstaufführung von Schnitzlers Tragi¬
1729 2972 2924 3034 komödie „Das weite Land“ im Hamburger Schauspielhause
1734 2999 2917 3048 interessierten die vorzügliche Darstellung und Regie das Publikum
1736 3048 2917 3113 ebenso sehr wie das Werk, dem ein Achtungserfolg beschieden war.
1773 3093 2924 3154 München, 14. Oktober. (Eigener Drahtbericht unseres¬
1727 3130 2922 3194 Korrespondenten.) Schnitzlers „Das weite Land“ hielt bis
1728 3176 2926 3226 zum Schluß das Publikum des Hoftheaters in großer Spannung.
1729 3227 2916 3273 Neben den vielen Schönheiten des Werkes wirkte die breite Neben¬
1723 3258 2917 3315 handlung stellenweise undramatisch und novellistisch. In der guten
1726 3303 2919 3358 Aufführung verdienen Steinrück und die Damen Hagen und
1733 3338 2214 3396 Dandler besonderes Lob.
1761 3376 2918 3434 Wien, 14. Oktober. (Eigener Drahtbericht unseres
1730 3430 2912 3481 Korrespondenten.) Schnitzlers „Weites Land“ hatte im Burg¬
1725 3471 2923 3521 theater einen starken, im Schlußakt eiwas früh abschwächenden
1734 3507 2450 3552 Erfolg. Der Dichter wurde oft gerufen.
