3248 4384
107 183 1174 309 24. Das weite. Land
1224 203 1685 308 box 29/2
1276 1675 1335 1753 0
1541 1681 1805 1765 ——
3012 1723 3068 1803 M
373 1688 3195 1860 bedeutend mit den Deutschen Wiens, denen! Da Frl. Bruckschewska sich dieses lieferte Frl. Schrattenba
383 1762 3124 1842 Schnitzler die ehrlichen deutschen Namen für Drama zum Benefiz ausgewählt hatte, war das traf die Täuschung des
380 1793 3134 1943 seine verseuchten Lumpencharaktere gestohlen Haus sehr gut besucht. Aber etwas sonderbar Schnitzler beabsichtigt, am !
376 1856 2515 1981 hat. Deutsche Direktoren deutscher Büh¬ nahm es sich doch aus, daß sogenannte gut
2499 1906 3177 2005 wirklich, ein deutsches Mä
375 1904 3191 2055 nen sollten solche den deutschen Namen schän=sdeutsche Familien zu diesem Stücke sehen, während doch diese Ern
367 1963 1444 2051 dende jüdische Unmoral nicht zur Aufführung
1448 1996 2504 2078 auch ihre jugendlichen Töchter und Söhne ge¬
365 1992 1449 2089 annehmen; wollen sie schon Judenstücke geben.
2497 2021 3189 2111 sinnlicher Judenbackfisch ist,
1441 2042 2520 2121 führt hatten. Wollte man der heranwachsenden
377 2063 1444 2148 so mögen siie lieber zu Rößlers „Fünf Frank¬
2507 2073 3177 2150 Glück in deutschen Familien
1435 2099 2512 2179 Jugend zeigen, wie man es als Backsisch Erna,
371 2110 1448 2197 furter“, zu Nathansens „Hinter Mauern“ usw.
2499 2116 3194 2192 Für den berufsmäßigen Ehe
1435 2144 3195 2242 oder als junge Frau Natter, oder als Fähnrich, ist Herr Miksch nicht jene roh
369 2156 1452 2239 greifen. Da sollen die Zuschauer auch über die
1436 2191 3185 2302 oder als Ehemann anfangen muß Ehebrecherei Kraftnatur, welche Schnitzler
370 2200 1443 2294 Juden getäuscht werden, indem diese als lauter
1430 2231 2500 2314 zu treiben? Denn Artur Schnitzler ist im „Wei¬
359 2244 1440 2349 Edelinge auftreten, aber sie wissen, hier schil¬
2488 2260 3191 2341 Herr Miksch spielte ihn mehr
1431 2270 3149 2381 ten Land“ ein sehr kundiger Führer im Ehe= Bösewicht und blieb dabei
362 2305 1439 2408 dert ein Jude die Juden, und darum lassen sie
368 2340 807 2435 sich nicht täuschen.
1434 2338 3144 2433 bruch. Er übertrumpft selbst die Pariser Ko= Milien, aus dem Schnitzler
1428 2388 3188 2489 mödienschreiber, die sich doch mit einem geholt hat. Die kleineren R
432 2389 1431 2487 Schnitzler hat schon im „Jungen Medardus“
1433 2437 3196 2534 „Dreieck“ der Familie zu begnügen pflegen, durchwegs recht gut gespielt
349 2454 3180 2595 die Wiener beschimpft, wie der Wiedehopf, der während Schnitzler uns gleich drei ehebreche= Frau Meinhold, Frau Czer
352 2507 3166 2631 ins eigene Nest macht; er stellte sie als treulos rische „Demen“ vorstellt und natürlich auch drei Frl. Krüger=Frau Natter,
351 2549 3184 2636 und wankelmütig hin. Im „Weiten Land“ schile ehebrecherische Männer. Schnitzlers Dialog, der der auch die Leitung der Auf
350 2608 1438 2690 dert er sie als sittlich verfault bis ins innerste
1420 2632 3182 2742 als so geistreich gerühmt wird, ergeht sich in als Bankier Natter, Herr C
346 2649 1436 2738 Mark Das würde nicht so viel bedeuten, wenn
1415 2683 3178 2787 geistreichelnden Redensarten, die verblüffen Aigner (Christomanus), Her
357 2698 1444 2789 das Stück nur auf österreichischen Bühnen, wol
1422 2733 3179 2840 sollen aber meist platt zur Erde fallen: es Dr. Maurer, Herr Marx=Fäh
342 2738 3180 2881 man doch die Wiener kennt, aufgeführt würde, herrschte deshalb im Publikum eine Unruhe die Detner=Paul Kreindl, Her
346 2794 3185 2882 Aber Schnitzler hat dafür gesorgt, daß eine sich immer einstellt, wenn auf der Bühne lang= Stanzides und Herr v. Jan
339 2855 1430 2939 große Reklame es auf alle deutschen Bühnen
1417 2872 2211 2942 weilige Gespräche geführt werden.
342 2886 1426 2993 bringt, die Uraufführung fand gleichzeitig auf
2547 2901 3162 2980 Am Schlusse des vierten
1484 2929 3170 3031 Frl. Bruckschewska hatte in der Frau Aktes erscholl starker Beifall,
341 2940 1424 3036 13 Bühnen Deutschlands und Oesterreichs statt.
1411 2953 3181 3075 Genia eine ihr sehr gut liegende Rolle, die sie der Schnitzlerschen Ehebruchsve
337 2991 1305 3077 Und überall belügt er daher die Zuschauer
1292 3019 1411 3085 über
1422 3025 3179 3125 auch in jeder Hinsicht recht glücklich durchführte, der im allgemeinen guten Auff
341 3039 1411 3132 den Charakter der Wiener Der Kölner, der
1412 3073 3171 3183 Nach dem zweiten Akte wurde sie mit einer gro- ist ein erfreuliches Zeichen, da
336 3083 1410 3195 Berliner weiß ja nicht, daß Schnitzlers Wiener
1410 3124 2483 3214 ßen Menge Geschenke und reichem Beifall ge¬
346 3141 989 3233 nur Wiener Juden sind.
2460 3153 3180 3251 Tragikomödien“ das Publikun
1408 3174 2883 3260 feiert. Eine wirklich schöne Leistung — gut durch= Geschmack findet.
1400 3212 2435 3307 dacht, gut gelernt, gut gespielt ud gesprochen“
