3392 4352
1425 224 1853 309 box 28/4
283 212 1261 303 24. Das veite Land
571 450 1835 560 restlos es am Ende aufgelöst wird, doch von jener Hyper¬
573 511 1829 598 modernität, die mit dem Dekadenten schon innig verwandt ist.
565 553 1834 637 Solch komplizierte Gefühle, wie sie der im Grunde blasierte und
570 575 1837 675 dennoch an ewig neuen Johannistrieben leidende: Hofreiter
574 621 1840 721 empfindet, taugen wohl für den Roman, nicht aber für das
570 659 1838 751 Theater. Sie bleiben auf der Bühne unverstanden, sie können
569 699 1840 773 keine Resonanz im Puvlikum finden, da sie sich nicht auf geradem
566 745 1822 837 Wege entwickeln, sondern auf Zickzackwegen einherirren. Es
559 784 1824 878 gibt Dialoge in diesem Stück, denen ich mit inniger Anteilnahme
556 831 1833 914 und Freude folgte, und dennoch muß ich gestehen, daß ich mir
559 865 1833 934 über den gefühlsmäßigen Urquell von Hofreiters Handlungen
554 901 1821 979 nicht klar geworden bin. Ich weiß nicht, ob er den jungen Ge¬
552 938 1823 1019 liebten seiner Frau aus Eifersucht fordert oder nur, um äußerlich
547 985 1826 1074 seine Ehre zu reparieren. Alle Figuren des Stückes sind durch und
552 1023 1820 1098 durch Wiener, wenn man will, sogar Oesterreicher im weiteren
555 1052 1815 1125 Sinne, aber nie und nimmer in Dettschland möglich. Wie ge¬
549 1107 1816 1191 rade das Hamburger Publikum mit diesen Menschen sympathi¬
544 1136 1814 1206 sieren konnte, wie es sie auch nur vestand, wird mir ein ewiges
548 1174 1819 1263 Rätsel bleiben. In Leipzig, in Hanwver, in Frankfurt hat die
544 1220 1813 1311 Zuhörerschaft jedenfalls kein Verhäldis zu ihnen gewonnen.
536 1245 1820 1343 Sechs Menschen, zwei Ehepaare ung zwei junge, frische ledige
755 1300 1802 1389 flirten so lange kreuz und quer, bis eine gewaltsame
540 1293 1818 1420 öslng sich als zwügende Notwendigkeit auf¬
549 1347 1802 1459 brängt. Es kommt zum Duell, die ibermannreife Blasiertheit
532 1398 1798 1515 fiegt, und die Jugend muß für ihr erste erotisches Wagnis büßen.
542 1444 1801 1550 Warum eigentlich? Warum nicht ungekehrt? Der Zufall im
539 1475 1799 1594 Duell hat so entschieden: gegen die Thaterlogik. Ob es nicht am
539 1517 1796 1639 Ende nicht der Zufall des Gottesgericht, sondern die planmäßige
534 1550 1798 1647 Tendenz des Dichters war, der um jden Preis originell sein
529 1612 1800 1712 wollte? Wir wissen nicht, wie sich Kofreiters Frau mit dem
531 1652 1802 1753 Leben und ihren Gewissensfragen abgfunden hätte, wenn ihre
528 1672 1791 1788 Untreue das Leben ihres Gatten gefordet hätte. Die menschliche
528 1717 1787 1814 Seele ist „ein weites Land“ Um dies zu beweisen, bedurfte es
529 1758 1783 1856 einer fünfaktigen Tragikomöhie. Begebei wir uns erst auf diese
520 1794 1796 1906 Aussichtswarte, betrachten wer das Lebei einmal erst von diesem
517 1835 1780 1968 Punkt, dann wird das Unmöglichste zur Möglichkeit und all¬
507 1868 1780 1988 Wunderdinge der Welt zur Banalität Daß die menschliche Seele
507 1925 1780 2040 ein weites Land ist, gilt in diesem Sinne nicht als These sondern
512 1951 1737 2070 als Entschuldigung für psychologische Unwayrscheinlichkeiten.
590 2000 1782 2118 Gespielt wurde mit meisterlicher Vollendung. Emil Lessings
514 2023 1775 2158 für Werke mit psychologischen Untertönen geradezu klassische
515 2066 1765 2182 Regie wuchs hier über eigene frühere Meisterleistungen hinaus.
496 2093 1764 2236 Nur ein grotesker Aktschluß nach Hofreiters Liebeserklärung an
500 2154 1765 2280 Erna störte diese Stimmung. Sonst hatte man das Gefühl, daß
502 2193 1768 2311 nie und nirgends in Berlin besser gespielt werden kann, als im
486 2232 1769 2339 Lessingtheater Irene Triesch fand sich mit der passiven
492 2271 1758 2402 Rolle der Genia mit künstlerisch fein abgetöntem Takt ab, Fräu¬
496 2314 1749 2420 lein Hilde Herterich brachte die schwüle Atmosphäre der sinn¬
484 2351 1762 2464 lichen Szene berückend zum Ausdruck, Heinz Monnard spielte #t#
486 2398 1761 2517 den verworrenen Gefühlen der Hauptfigur mit so fein cachier¬
478 2420 1764 2556 ster Virtuosität, daß man beinahe an ein Erleben glauben konnte.
469 2486 1772 2623 und Emanuel Reicher gab im Dr. von Aioner eine durchaus
581 3053 1023 3141 Ausschnitt aus:
875 3107 1631 3212 19 r. 1917 Napló, Budapest
586 3191 755 3243 vom:
668 3293 1625 3400 (°) Schnitzler ui darabja, Berlinböl täviratozzük:
587 3355 1619 3448 A Lessing-szinhazban oktöber 18-An mutatjäk be
581 3412 1625 3498 Schnitzler ui drämäjät, amelynek cime: „Das weite
616 3455 1643 3560 and“, Ugyanazon a napon lesz a müncheni Hof¬
650 3587 1687 3665 theaterben és a bécsi Burgszinhäzban is a darat
1608 3646 1660 3705 220
644 3650 879 3726 premièrie.
1875 513 3160 661 originelle in sich geschlossene Gestalt. Hans Marr hat als
1881 556 3125 684 Doktor Mauer vielleicht die passivste der passiven Rollen zu
1876 601 3126 707 spielen, aber die innerlichen Leiden des reinen, korrekten Man¬
1872 647 3125 760 nes traten trotz aller Diskretion so klar in die Erscheinung, daß
1870 678 3129 802 die an sich wenig sagende Figur dem Zuschaner in Uoendigem
1860 718 2397 798 Gedächtnis bleiben mußte.
2064 1926 2959 2027 Man Jalan Mihn. Gurtir.
2334 2069 2660 2165 19.10.44
2301 2168 2919 2240 II. Arthur Schnitzler.-Das weite
2262 2222 2917 2290 Land: Tragikömodie in fünf Akten.
2262 2275 2542 2341 Lessingtheater.
2401 2316 2683 2403 Oaeo
2379 2388 2932 2463 Was hier tragisch sein soll,
2309 2390 2379 2468 I.
2267 2450 2934 2510 das hat die Leute nicht allzusehr be¬
2276 2481 2937 2546 trübt. Man hielt sich lieber an die
2271 2532 2539 2586 Konversation.
2335 2599 2825 2685 Jurian L####in
2314 2666 2944 2745 2. Der Dichter ist mehr Erklärer
2281 2734 2939 2789 als Bildner, er sagt uns, was er
2284 2769 2773 2830 uns lebendig zeigen sollte.
2315 2829 2825 2913 Pab Augrigne
2316 2902 2928 2966 3. Man findet kaum Beziehungen
2278 2958 2928 3021 zu einer Komödie, die so völlig auf
2290 2997 2779 3065 Spitzfindigkeiten gestellt ist.
2340 3057 2735 3154 AlegaupO
2376 3140 2938 3206 Die Vorgänge, von einem un¬
2286 3193 2937 3247 vergleichlich gewandten Schachspieler
2294 3236 2942 3284 durcheinandergeschoben, werden von
2298 3276 2945 3326 einer Kette der liebenswürdigsten
2292 3314 2942 3378 und geistreichsten Dialoge geschmückt.
2393 3365 2724 3450 Jag-Clull,
2376 3433 2981 3507 Das Problem ist tadellos ge¬
2314 3475 2961 3546 stellt und tadellos gelöst. Nan
2315 3529 2963 3587 stimmt zu, aber man wird nicht
2308 3565 2457 3615 warm.
