3296 4320
1336 32 1601 117 W
1321 110 1775 207 box 2971
199 113 1178 236 24. Das weite Land
479 475 2928 541 10. Nach Mitleitinsen von der Firma; zieten, die nder nnßtos vertansen seien. Ncon0 „
2602 509 3122 592 rtcitsmmunsunermummaumen
2288 570 3248 629 Spiele. Dem Menschen ist es eigen, aus seiner
361 576 1328 635 Tragikomödie spielte Herr Nhil mit feinem!
1324 450 2291 637 ene dun eenene ensen un
2286 622 3246 672 Umgebung herauszustreben nach dem, was ihm
354 624 1324 667 Verständnis des Dichters, ein auch nur leises
1334 616 2283 670 das Publikum nur widerstrebend dem Dichter in
2284 657 3247 700 höher zu stehen scheint, um dann, wenn er es
361 652 1324 702 Zuviel hätte diese Rolle total umbringen
1327 647 2298 708 das Gestrüpp und Gewirre von Verfehlungen
348 685 1333 750 können, die schon an sich zur Brutalität hin¬
2293 698 3249 744 erreicht hat, zu erkennen, daß es des Strebens
1325 687 2288 745 folgte, aus denen die Sünder alle heil hervor¬
2293 720 3253 789 nicht wert war. Glücklich der, der sich sein Reich
352 728 1327 793 neigt. Ganz ausgezeichnet, geradezu von innen
1335 728 2277 793 gehen, und die nur der einzige anständige Mensch
1327 770 2283 824 des Stückes mit seinem jungen Leben bezahlen
350 763 1324 830 heraus erleuchtet spielte Frl. Elsinger ihre
2299 769 3248 816 schaffen kann, wie der Bauer Gomard, der sich
1329 814 2289 861 muß. Für die Szenierung hatte Baron Ber¬
356 809 1323 860 Genia. Der Arzt, den Herr Wagner gab,
2298 796 3244 861 in diesem Reiche König fühlt und sich nicht da
1414 838 2287 900 r das Beste getan, für die Darstellung setz¬
362 848 1322 891 hatte nicht Farbe genug. In der Umgebung
2303 843 3252 900 heraussehnt. Das ist es auch das dem Stücke
358 867 1328 942 allzu leichtleviger Menschen wirkte die Fiaur
1320 885 2283 939 ten sich die Schauspieler allen voran Frl. Mar¬
2298 883 3247 947 heute noch mehr als ein rein historisches Inter¬
367 920 1319 978 schon an sich sonderbar, es geschah nicht genug,
1413 915 2297 980 ra als Genia, Frl. Hofteufel als
2292 914 2552 987 esse sichert.
2526 919 3251 981 Das Interesse wird zur Freude
360 959 1316 1005 um sie den andern etwas näher zu bringen.
1335 965 2284 1019 Erna und Frau Reinhold als Frau Wahl —
2296 958 3260 1026 durch die sichere Beherrschung der Bühnen¬
1025 997 1317 1052 n mit ihrer
1328 1001 2043 1052 mit all ihren Kräften ein. Herr K o
2055 1002 2290 1057 rff spielte
362 989 914 1060 Sehr gut fand sich Frl. &
2298 994 3251 1063 wirkung, die man beobachtet, durch die Fülle
1325 1031 2292 1082 den sündhaften Helden mit mathematischer trocke¬
360 1027 1320 1084 Demi vierge ab, an Temperament fehlt es der
2286 1035 3245 1103 kluger und guter Gedanken und köstlicher Szenen.
1331 1076 2114 1124 ner Treffsicherheit. Die Herren Ge
357 1064 1320 1135 jungen Künstlerin nicht, auch kann man ihr das
2378 1069 3244 1142 Herr Eppens spielte den Bauer
1331 1100 2284 1172 Devrient, Heine gaben ihren Gestalten
359 1119 1322 1166 Zeugnis geben, daß sie dieses Temperament
2299 1105 3252 1168 Gomard und schuf ihn zu einer Prachtfigur.
358 1164 1332 1203 richtig abzutönen verstand und die Figur ein¬
1329 1149 2300 1205 scharfe Umrisse. Nicht an der Szenierung und
2302 1161 3251 1224 Da war nichts zu merken von übertriebenem
1326 1181 2290 1243 nicht an der Darstellung lag's, daß die rechte
359 1196 1333 1247 dringlich zur Wirkung brachte. Prächtig gezeich¬
2289 1196 3253 1259 Bauernstolz oder sich überhebendem Dünkel. Es
1334 1231 2290 1285 Empfänglichkeit, die rechte Wärme sich nicht ein¬
349 1231 1327 1289 net erschienen die Figuren des Hoteldirektors
2294 1230 3253 1297 war der reise, geklärte Mensch, der sich seiner
1335 1277 1494 1342 stellte.
359 1272 1333 1330 durch Herrn Lang, des Natter durch Herrn
2307 1271 3249 1336 Würde bewußt ist, der den Wert der Güter des
350 1313 1321 1371 Andresen und des Portiers durch Herrn
2298 1319 3258 1369 Lebens erkannt hat und sie richtig einschätzt.
364 1349 1324 1403 Brahm. Die zuletzt genannte Leistung ein
2304 1357 3246 1408 Herr Taeger spielte den König, ganz an¬
1514 1363 2103 1443 könig und Bauer.
352 1391 1330 1449 kleines Kabinettstück diskreten Humors. Von fa¬
2302 1388 3251 1450 geborene Würde und Anstand, ganz Menschen¬
347 1428 1332 1482 moser Frische war der Kreindl des Herrn
2294 1426 3258 1491 freundlichkeit und Liebenswürdigkeit, in Klang
1473 1424 2141 1508 Altonaer Stadt=Theater.
359 1467 1333 1521 Pichler. Ziemlich matt dagegen die Adele
2306 1460 3204 1523 und Sprache klassischer Geist und Genuß. In
1416 1481 2282 1543 Als dritte Vorstellung in seinem Klassiker¬
363 1503 1330 1561 des Frl. Heydorn und der Dichter des
2304 1511 3256 1563 natürlicher Anmut Frau Gartner als seine
1325 1528 2299 1586 Zyklus brachte das Altonaer Stadt=Theater am
364 1541 1328 1610 Herrn Stettner, dem diese Rolle offenbar
2286 1551 3246 1608 Schwester, die Prinzessin, Herr Spannulh
1327 1579 2298 1632 Sonnabend das Lustspiel „König und
364 1588 1324 1635 gar nicht lag. Frau Ellmenreich hatte
2296 1582 3249 1633 ein geschmeidiger Höfling, die Geschwister
1327 1615 2287 1667 Bauer“ des Spaniers Lope de Vega zur
348 1625 1326 1679 die etwas undankbare Rolle einer älteren Frau
2292 1627 3252 1678 Ferron reizende Mädchen vom Lande, Herr
1335 1643 2295 1704 Aufführung. Es stammt aus der Blütezeit der
348 1655 1329 1717 inne, eine andere Dame spielte mit leichter Ko¬
2342 1654 3255 1729 keimers ein jugendlich stürmischer, nach
1324 1681 2288 1743 spanischen Literatur, die in enger Verbindung
1002 1698 1320 1758 und last not
353 1705 1024 1764 mik Frau Otto=Körner,
2301 1692 3250 1757 Glanz sich sehnender Sohn des Bauern, Herr
1336 1730 2288 1786 stand mit dem Aufschwung zu Weltmacht und
358 1731 1321 1807 least Herr Gebhardt einen schneidigen
2301 1733 3250 1798 Anspitz ein köstlicher tölpelhafter Bauern¬
1339 1775 2291 1822 Ansehen, zu denen die spanische Nation im
2289 1781 3252 1853 knecht. Die Bühne hübsch angeordnet, die
351 1767 604 1843 Fähnrich.
1326 1812 1438 1864 16.
1438 1798 2286 1863 Jahrhundert unter der Herrschaft der
2301 1808 2943 1881 Szenen wirkungsvoll gestellt
437 1806 1318 1867 So ganz warm wurde das Publikum im
2924 1807 3259 1876 durch Herrn
1322 1832 2292 1905 Habsburger gelangte. Das Werk erinnert an
2305 1861 3250 1921 Eppens Alles in allem: eine sehr erfreu¬
360 1852 1319 1901 Laufe des Abends nicht, doch gab es nach jedem
1332 1868 2285 1931 einen eigenartigen Menschen und Dichter. Man
3049 1891 3213 1964 W. M.
361 1897 1324 1938 Akte Beifall, der sich zum Schluß außerordent¬
2287 1885 2677 1964 liche Aufführung.
1336 1927 2292 1974 hat ihn mit Goethe verglichen, eine gleiche,
348 1911 1316 1986 lich verstärkte. Die Novität fand schließlich
1332 1968 2285 2007 glückliche und genußfreudige Lebensführung war
357 1968 1321 2026 einen lebhaften Erfolg, den zu einem großen
1325 1998 2289 2052 ihm bereits in seinen Jünglingsjahren beschie¬
2575 1993 2947 2065 Herz-Sieben.
345 2012 1319 2070 Teil Regie und Darstellung für sich beanspruchen
1333 2040 2286 2090 den. Eine ungeheuer rege Phantasie wurde
346 2046 542 2116 bürfen.
1081 2053 1284 2118 Ph. B.
2367 2049 3158 2125 Operette von Sieg und Schiäler.
1326 2080 2293 2131 schon früh durch wissenschaftliche Studien, durch
2425 2117 3139 2171 Musik von Aloert Mattausch.
1326 2130 2290 2188 eine angeborene Abneigung vor allem Niedri¬
441 2127 1318 2191 Ueber die Aufnahme der Schnitzlerschen
1331 2160 2294 2216 gen und Gemeinen in die rechten Wege ge¬
357 2163 1313 2234 Novität auf anderen Bühnen liegen folgende
2616 2158 3205 2229 Magdeburg, 15. Oktober.
1321 2193 2291 2258 leitet. Später schaffte ihm ein sehr wechselndes
353 2188 711 2265 Meldungen vor:
2358 2194 3239 2264 Hamburg und Magdeburg hatten sich ver¬
1328 2240 2277 2290 Leben reiche, scharfe und tiefe Eindrücke. Er
438 2252 1322 2307 In der Schauburg zu Hannover fand
2290 2249 3249 2307 einigt, um Sonntag abend mit der Uraufführung
1329 2260 2286 2325 diente in der spanischen Marine und mußte die
358 2289 1322 2342 am 14. d. M. unter ungeteiltem großem Bei¬
2292 2295 3255 2349 der neuen Operette „Herz=Sieben“ auf dem Ge¬
1333 2296 2293 2375 Vernichtung der Armada im Jahre 1588 mit¬
351 2330 1318 2373 fall bei vorzüglicher Darstellung die Urauffüh¬
2289 2332 3249 2381 biete der feineren heiteren Bühnenwerke im
1330 2346 2283 2400 erleben, ein schwerer Schlag für sein national¬
2293 2361 3259 2415 Stadt=Theater einen außerordentlich erfreulichen
348 2361 1315 2438 rung von Arthur Schnitzler „Das weite Land“
1322 2394 2293 2440 stolzes Herz. Später war er Sekretär im Hause
350 2397 498 2474 statt.
2299 2414 3251 2471 Sieg zu erringen. Die Autoren, der Hamburger
1333 2416 2285 2476 Albas und wurde schließlich nach dem Tode
2295 2444 3252 2495 Librettist und der Magdeburger Komponist,
1325 2454 1964 2522 seiner zweiten Gattin Priester.
2297 2477 3253 2545 nennen ihr Werk schlechthin Operette. Das ist es
467 2470 1319 2528 Die Leipziger Erstaufführung von
1420 2500 2282 2572 Schon im Alter von vierzehn Jahren schrieb
346 2506 602 2577 Arthur
2297 2511 3253 2587 nicht ganz, zu seinem Vortei' Vielleicht könnte
596 2518 1310 2576 Schnitzlers unendlich lang¬
1322 2539 2279 2611 er seine erste Comedia „El verdadero Amante“
351 2567 1124 2618 atmiger Ebebruchskomödie „Das
2297 2566 3253 2620 man bedauern, daß sie im Gtil noch zwischen
1336 2586 2282 2638 (Der getreue Liebhaber). Ihr folgten noch an
350 2591 1310 2660 Land“ fand im Neuen Theater statt und
2290 2605 3246 2659 Lustspieloper und Operette schwanken. Aber
1324 2621 2288 2696 die fünfzehnhundert Comedias, ohne die übrigen
2281 2627 3251 2696 auch so liegt eine Bühnenschöpfung vor, die weit
356 2628 1316 2697 erntete trotz des ausverkauften Hauses kaum
1327 2669 2283 2727 zahlreichen Werke. Da ist es erklärlich, wenn
2282 2674 3253 2736 über das übliche Niveau hinausragt und auch
347 2672 1310 2723 mehr als einen Achtungserfolg, der zudem noch
1327 2701 2290 2766 behauptet wird, daß er manches Stück in vier¬
2283 2714 3253 2782 ein Stadt=Theater=Publikum in einer ganzen
347 2712 1318 2776 zum guten Teil der fein abgetönten Inszenierung
1321 2747 2281 2802 undzwanzig Stunden geschrieben habe. Ebenso
361 2757 1321 2806 und der vortrefflichen Interpretation der Haupt¬
2297 2744 3253 2823 Reihe prächtiger Szenen köstlich zu erheitern
1336 2792 2292 2846 erklärlich ist es aber auch, daß die meisten seiner
2293 2785 2481 2859 vermag.
354 2797 1314 2838 partien aufs Konto zu schreiben ist. Namentlich
1325 2833 2278 2884 Schöpfungen eine gewisse Flüchtigkeit und eil¬
2378 2819 3252 2886 Siegmund Schickler benutzte das alte
345 2827 1319 2892 nach dem allzu salopp gearbeiteten vierten Akt
1323 2863 2276 2921 fertige Oberflächlichkeit aufweisen. So sind denn
2284 2859 3251 2924 Lustspiel von Louis Angely: „Von Sieben
363 2861 1315 2926 drohte das Interesse völlig zu erlahmen. Von
1331 2891 2291 2967 heute auch nur annähernd fünfhundert seiner
361 2916 1320 2963 den Mitwirkenden machten sich um die raffiniert¬
2770 2901 3253 2968 Sehr alte Theater¬
2419 2912 2769 2959 Häßlichste“.
1332 2936 2284 2997 Werke noch erhalten. Verschiedene haben sich
346 2951 1313 3016 pointierte Ausführung des manchmal geistreichen
2286 2938 3249 3007 besucher haben die Geschichte vierleicht noch im
1331 2970 2295 3038 eine Umarbeitung und Nachdichtung gefallen
354 2993 1325 3051 Dialogs besonders verdient die Herren Wal¬
2290 2992 3250 3046 Schauspiel gesehen. In Ncapel verliebt sich, an¬
1317 3021 2277 3075 lassen müssen. Darunter das am Sonnabend
344 3026 1322 3077 ter und Wendt als Hofreiter und Dr.
2287 3030 3225 3098 scheinend hoffnungslos, ein armer Schlucker in
1330 3060 2283 3125 aufgeführte Stück, das von dem Dichter den
356 3067 1312 3120 Mauer, mehr noch die Damen Nolewska
2298 3059 3251 3117 eine schöne Unbekannte. Da erreicht ihn die
1324 3101 2280 3155 Titel „El villano en su rineon“ (Der Bauer
2291 3102 2598 3159 Kunde, daß
2630 3096 3251 3156 in der sächsischen Heimat
355 3092 1326 3161 und Fuchs als die Trägerinnen der Schnitzler¬
1322 3123 2289 3188 in seinem Winkel) erhielt. In ihm wird der
350 3141 1291 3209 schen Anschauung von Ehe und Liebe. O. S.
2294 3135 3251 3196 Universalerbe geworden ist, allerdings mit der
1323 3176 2282 3223 König von Frankreich von dem Bauer Juan be¬
2292 3177 3248 3246 angenehmen Aussicht, nach einer Testaments¬
1327 3205 2279 3263 wirtet und erweist diesem wieder Gastfreund¬
437 3208 1314 3272 Ueber die Aufführung der Schnitzlerschen
2282 3205 3264 3269 klausel von den sieben Töchtern des Guts¬
1319 3240 2297 3305 schaft. Fr. Halm hat das Stück frei bearbeitet
2296 3260 3256 3314 inspektors, der später die ulkige Figur als
355 3254 1318 3311 Tragikomödie „Das weite Land“ im
1319 3292 2282 3348 und es „König und Bauer“ betitelt. Diese Be¬
351 3285 1310 3358 Wiener Burg=Theater wird uns aus
2295 3297 3251 3351 zweiter Schäfer Ast abgibt, die häßlichste heim¬
1320 3327 2291 3389 arbeitung hat sich dauernd auf den deutschen
2710 3337 3244 3392 Daheim im Sachsenland
349 3328 1320 3386 Wien, 14. Oktober, geschrieben, sie habe äußer¬
2284 3333 2728 3387 führen zu müssen.
1326 3368 1709 3429 Bühnen erhalten.
2286 3363 3250 3431 findet er seine Angebetete natürlich ausgerechnet
350 3371 1317 3433 lich den Erfolg gebracht, den die Höflichkeit der
1400 3396 2280 3469 Bei Halm rühmt sich der Bauer Jean
353 3413 1312 3471 Wiener ihrem Poeten Laureatus schuldig zu sein
2281 3419 3248 3459 als die schönste der sieben Schwestern wieder.
350 3456 852 3510 glauben, oder vielmehr
922 3452 1312 3511 warum es nicht
2286 3453 3249 3518 Noch ist Erlösung aus der Not möglich, da drei
1324 3446 2288 3528 Gomard, noch nie seinen König geschaut zu
351 3488 1315 3550 sagen? — schuldig sind. Tatsächlich gab es nach
2292 3491 3241 3549 alte Damen als Preisrichterkollegium zu
1319 3492 2275 3544 haben, trotzdem sein Schloß in der Nähe liegt,
341 3527 1323 3595 jedem Akte starken Beifall, den stärksten nach dem
2295 3526 3255 3588 sungieren haben. Wie nun ein Freund auf den
1318 3533 2281 3584 und er will sterben, ohne ihn zu schauen. Aber
2291 3569 3250 3617 genialen Gedanken kommt, die drei Richterinnen
1326 3571 2282 3629 er muß es erleben, daß seine Kinder nach höfi¬
345 3567 1323 3625 vier en Akte, und der Dichter konnte mehr als
2277 3615 3215 3666 dahin zu bringen, die Angebetete doch als die
1321 3602 2292 3656 schem Glanze streben und sich dann blenden
344 3616 1322 3673 zwanzigmal vor der Rampe erscheinen und sich
347 3651 3269 3708 dankend verneigen. Wenn man zenauer hin= lassen. Es liegt ein tiefer Sinn in diesem! Häßlichste zu bezeichnen, das ist ja im letzten
