3392 4352
285 103 1260 214 24. Das weite.Land
1936 118 2727 165 A binn, beuxptst, -N0. —
1422 119 3017 200 00 X 2972 hagen, Lendon, Madrid, Malland, Minneapolis, New-Vork,
1989 193 3006 266 Paris. Rom, öan Francisco, Stockholm, St Petersburg.
2256 239 2697 298 (Osellenungebe eume Gow##).
1929 277 2306 368 Aaoschnitt aus:
2143 331 2426 435 18 5.1
2620 325 3032 448 S
1935 395 2082 471 1399:
2018 447 3012 509 Mit dankenswertem Eifer ist unsere Theater¬
1979 491 3013 562 leitung bemüht, das Publikum auch mit den
1978 560 3016 611 neuesten Erscheinungen auf dem weitgesteckten Ge¬
1973 592 3019 664 biete literarischer Dramatik bekanntzumachen. So
1969 642 3027 717 gelangte gestern Schnitzlers fünfaktige Tragi¬
1982 693 3032 752 komödie „Das we###d“zur Aufführung.
1989 752 3025 810 Mit dieser Premiere haben wir den übrigen Pro¬
1975 792 3024 866 vinzbühnen wieder einmal den Rang abgelaufen.
1978 838 3047 914 Ueber das Stück selbst haben die „Freien Stim=,
1974 942 3039 1016 men“ bereits in der Mittwochnummer eine ein¬
1976 998 3027 1080 gehende feuilletonistische Besprechung gebracht, so
1985 1054 3010 1110 daß wir uns diesbezüglich heute kurz fassen kön¬
2454 1105 2521 1139 ——
1990 1085 3033 1164 nen. „ein wettes Laso, ist nicht nur die Seele
1981 1147 3033 1215 der Schnitzlerschen Konstruktionsmenschen,
1979 1200 3054 1267 andern auch die literarische Persönlichkeit des¬
2000 1246 3037 1327 dichters selbst. Von der schlichten, lebensvollen
2005 1293 3017 1370 nd eben darum so tief ins Herz greifenden „Lie¬
1994 1334 3030 1418 elei“ bis zur Tragikomödie (nomen est omen!)
2002 1384 3038 1460 Das weite Land“ — welch ein weiter Sprung
1999 1441 3032 1507 ach rückwärts! Dort Gestalten von Fleisch und
2004 1489 3020 1558 zlut, die ein wirkliches Leben leben, hier psycho¬
1999 1552 3029 1599 dgische Kunstgebilde, die dem Dichter nur als
2008 1588 3025 1654 demonstrationsobjekte, als moderne Problem¬
2007 1635 3014 1697 guren dienen. Prächtige Einzelheiten, ein glanz¬
2007 1692 3021 1765 soller Dialog, in dem viele ernste und kluge Worte
2006 1734 3030 1801 leprägt werden, können darüber nicht hinweg¬
2011 1779 3043 1860 äuschen. Aus dem Dichterischen, das allein den
2003 1832 3025 1906 Vert eines Dramas bestimmt, ist Schnitzler all¬
2001 1873 3025 1950 nsehr ins Psychologische geraten, aber auch seine
2004 1929 3027 2007 ssychologie trägt diesmal die Marke des Aus¬
2004 1979 2969 2048 etlügeltseins. „Exakt wie die Mathematik“.
2004 2027 3030 2116 hrieb darüber ein bekannter Berliner Kritiker
2060 2086 3028 2147 „ist diese Psychologie, die mit unbekannten
1996 2106 3026 2191 rößen arbeitet; allzu exakt, als daß sie für
1974 2176 3024 2226 Leben gelten könnte, das immer unlogisch ist.
1989 2222 3033 2289 Exsonnen aus Lebensweisheit, nicht erlebt, ist das
1989 2288 3027 2340 Schauspiel, ob es auch in einzelnen Teilen von
1989 2334 3021 2383 Leben strotzt. Schnitzlers grüblerischer Hang war
1995 2380 3018 2443 stärker als sein Herzschlag, die Eingebung schwä¬
1986 2425 3018 2490 cher als die kunstvolle Auflösung. Deduktiv ist
1982 2480 3027 2530 die Technik dieses Dramas, das die Gesellschaft
1987 2527 3021 2601 des Wiener Westens in überaus zahlreichen Ty¬
1980 2575 3018 2630 pen vorführt: Luxusweibchen, Hahnreie, Halb¬
1989 2638 3027 2688 jungfrauen, Modeschriftsteller, Sporttrotteln,
1985 2676 3029 2743 Lebekünstler und wie die Bazillenträger der De¬
1989 2726 3035 2783 kadenz alle heißen. Sie sind interessant nicht um
1988 2773 3033 2833 ihrer selbst willen, doch dank dem melancholischen
1988 2825 3036 2873 Sarkasmus ihres Dichters. In der Genauigkeit
1994 2870 3038 2927 der psychologischen Präparate erinnert Schnitz¬
1983 2920 3042 2994 ler an Ibsen. Nur die Menschen Ibsens und
1996 2974 3008 3028 ihre Probleme sind von anderer Wichtigkeit...
2036 3021 3033 3079 Die Aufführung des trotz aller Schwächen dich¬
1988 3066 3031 3131 terischen Spieles mit Menschen und Geschehnis¬
1991 3110 3035 3180 sen war sorgsam vorbereitet und gewährte denn
1988 3177 3029 3236 auch einen hohen künstlerischen Genuß. Einzelne
1992 3210 3031 3283 Darsteller und Darstellerinnen nahmen sich der
1987 3262 3029 3334 von innen heraus verkünstelten Gestalten liebe¬
1993 3310 3021 3373 und verständnisvollst an, so daß sie ihnen bei¬
1992 3363 3035 3424 nahe reales Leben einhauchten. So vor allem
1988 3410 3028 3475 Herr Schramm (Hofreiter), der den liebens¬
1986 3458 3039 3519 würdigen Lebemann und rücksichtslosen Herren¬
1987 3519 3029 3580 menschen (eine Rolle, die bekanntlich noch für
1991 3559 3030 3608 Kainz bestimmt war) prächtig charakterisierte und
1987 3614 3032 3679 individualisierte und dessen ganz und gar un¬
1990 3649 3022 3718 drama ische Gedanken=Intonsequenz nach Mög¬
2911 3708 3037 3765 Die
1986 3710 2917 3775 lichkeit glaubhaft zu machen suchte.
1985 3758 3023 3827 „unverstandene Frau, die ins Gleiten kommt“.
1996 3808 3036 3874 wurde durch Frl. Wolff (Genia), welches in
1989 3851 3025 3917 erfreulichster Weise auch technisch ihre schönen Aus¬
1982 3900 3039 3964 drucksmittel immer mehr und mehr in die Ge¬
1979 3967 3033 4018 walt bekommt, sehr gut repräsentiert, ja in ein¬
1987 3985 3030 4062 zelnen schwierigen Szenen zeigte diese jugendliche
1995 4037 3044 4112 Darstellerin eine Tiefe des Empfindens und eine
1999 4094 3042 4163 Sicherheit des Ausdruckes, die selbst hochgespannte
