3344 4608
1330 146 1795 253 box 28/4
636 172 723 239 W
214 164 1204 279 24. Das seite Land
653 1220 1257 1311 „ „ —
231 1258 3319 1365 gemeldet: Vor einigen Tagen traf hier eine Note Referent Ernst Kammerer; Ackerbau Referent Eventualität einer Vertagung zu beseitigen. Es ist
238 1346 3330 1407 der ungarischen Regierung ein, welche als Antwort! Geza Papp; Handel Referent Franz Heltai;l nämlich zwischen den Parteien eine Vereinbarung
3151 1346 3328 1418 —
1102 1394 1220 1451 S
236 1398 3331 1494 und Liebe in der intellektuellen Gesellschaft des wohl= nach der jungen Erna, einer Gestalt, die Schnitzlers zu lassen und die Andere zu heirathen, geht ihn die
2285 1448 3333 1532 ganze Geschichte ja nichts mehr an. Aber der nächste
241 1469 2304 1552 habenden Mittelstandes eben gerade die Erotik die mit einer verblüffenden Selbstverständlichkeit, mit
2290 1499 3330 1571 Tag zerrt an seinen Nerven: Er muß das Spiel zwi¬
242 1511 2298 1606 spezielle Kraft hat, alle übrigen Lebensgesetze dieser denselben Mitteln als Symbol der Jugend gekenn¬
2298 1538 3335 1630 schen seiner Frau und ihrem Geliebten mitansehen;
240 1567 2304 1648 Schichte des Bürgerthums für ihr Gebiet außer zeichnet hat wie Ibsen seine Hilda Hempel in der
2286 1602 3338 1663 eine Verleumdung über seinen Antheil am Tode
245 1603 2309 1701 Kraft zu setzen. Er will also Menschen unter „Frau vom Meere“ und in „Baumeister Solneß“.
2298 1651 3327 1723 jenes Anderen, der sich um seiner Frau willen er¬
241 1677 2304 1743 der Geltung der Ausnahmsgesetze ihrer Erotik Nebstbei bemerkt, war Schnitzler der psychologischen
2299 1691 3339 1770 schossen hat, empfängt ihn; ein wüthender Zusammen¬
238 1714 2302 1793 darstellen. Na ja, das mag Einem gefallen oder Bohrtechnik und physisch=metaphysischen Brückenbau¬
2295 1734 3339 1825 stoß mit dem Verleumder, den Gatten seiner früheren
1278 1761 2314 1836 kunst Ibsen's niemals so nahe wie diesmal. Aus
252 1774 1296 1846 nicht, aber es hat doch wenig Sinn, einem Dichter,
2295 1791 3331 1878 Geliebten, bei dem er wehr'os wird, raubt ihm die
1290 1802 2303 1877 diesem neuen erotischen Verlangen heraus nun, das
242 1835 1293 1902 der die Welt vom Semmeringhotel aus besieht, einen
2298 1828 3343 1913 Besinnung; ein Kampf im Spiele Tennis=Sinple
1291 1861 2312 1930 ihn von der Frau abzieht, entwickelt sich in ihm die
253 1862 1285 1950 Vorwurf daraus zu machen, daß er sie nicht lieber
1289 1907 3333 1974 quälerische Vorstellung, daß sein Freund für ein just mit jenem Fähnrich reizt ihn, und fast wider
243 1928 1286 2001 vom Thron oder von der Kaserne oder von der
2289 1941 3340 2009 seinen Willen treibt ihn ein Dämon, den Liebhaber
1285 1965 2305 2034 Nichts sterben mußte. Er liebt seine Frau nicht, er
246 1982 1289 2050 Spelunke oder gar von den Vichy=Inseln aus be¬
2307 1974 3362 2071 seiner Frau zu provoziren. Es kommt zum Duell
1285 2009 2317 2083 glaubt, daß sie ihn nicht liebe. Er nimmt an, daß
252 2029 1288 2092 trachtet. Er schaut nun einmal just von tausend
2303 2034 3340 2110 mit dem jungen Menschen, dessen Eltern ihm nahe¬
1287 2054 2304 2124 ihr der Todte nahegestanden habe. Als Mensch ist
254 2075 1294 2145 Metern Höhe herab auf die Villa des Fabrikanten
2305 2083 3357 2163 stehen, der ihm immer sympathisch war, der ihm
1286 2102 2315 2184 ihm ihre Treue werthlos, sie ist nichts als ein ein¬
261 2129 1220 2209 Friedrich Hofreiter im Helenenthal bei Baden.
2309 2112 3361 2213 schließlich das erwünschte Auseinandergehen in seiner
1293 2144 2310 2227 gebildeter Besitz seines Gattenegoismus — und doch
374 2166 1298 2235 Die Berliner Inszenirung scheint anzunehmen,
2308 2195 3360 2257 Ehe erleichtert hat — denn jetzt mußte ja Frau
1282 2202 2318 2290 liegt für dieses komplizirte Nichts ein Mensch, der
252 2223 1300 2283 daß Hofreiter, der seine Frau fast ohne Pausen be¬
2301 2224 3360 2304 Genia in die Scheidung willigen — und er schießt
1291 2263 2319 2325 vor ein paar Tagen in genialer Künstlerschaft lebendig
261 2273 1294 2333 trügt, doch auch fast ohne Pausen liebt. Und die
1284 2269 3352 2368 war, jetzt im Sarg und verwest. Das ist ihm unheimlich, den Gegner kalten Blutes todt. Warum? Weil der
263 2323 1295 2382 Berliner Kritik folgt ihr darin. Ich finde im Buche
2300 2343 3359 2409 Andere die kalte freche Jugend ist, der seiner altern¬
1294 2357 2311 2419 und so ungerecht es ist: der Todte steht doch zwischen
248 2369 1299 2448 keine Anhaltspunkte dafür, während es klar ist, daß
2302 2378 3357 2454 den Männlichkeit an die Kehle springt, weil er das
1291 2405 2315 2468 ihm und seiner Frau, wobei er sich freilich auch des¬
259 2411 1295 2481 Frau Genia die Liebe zu ihrem Manne innerlich
2310 2452 3361 2507 Er oder Ich im Auge des Anderen zu sehen glaubte,
1294 2453 2322 2524 halb belügt, weil er mit seinen Sinnen schon bei einer
248 2469 1299 2546 nicht überwunden hat, auch wenn sie den Anderen
2314 2484 3335 2551 weil ihn das Chaos seiner eigenen Seele überwältigt
1301 2504 2310 2566 Anderen ist. Mit dieser Anderen kommt er auf seiner
250 2515 1305 2584 erhört, selbst nicht, da sie sich von Friedrich ab¬
2305 2517 3361 2611 hat. Seine Kraft, seine Lebensgier sind bei diesem
1296 2545 2325 2617 Dolomitenfahrt zusammen, und die kleine Erna, die
265 2561 1301 2637 wenden muß. Friedrich hat gerade ein Verhältniß
259 2570 3348 2683 mit der Frau seines Bankiers gelöst, da erschießt ihn seit ihrem siebenten Jahre liebt, wird seine Ge= tödtlichen Schuß auf den Anderen zusammengebrochen.
2306 2615 3362 2714 Auch von Erna sagt er sich jetzt los. Niemandem
1284 2644 2332 2733 liebte, trotzdem er sie seinem besten Freunde weg¬
265 2671 1301 2729 sich einer seiner besten Freunde aus unglücklicher
2318 2678 3362 2752 will er mehr angehören. Da hört er von draußen,
1301 2699 2314 2767 nehmen muß, der sie liebt. In einer Nacht kehrt er
259 2715 1299 2784 Liebe zu Frau Genia. Und während Friedrich's
2309 2705 3361 2803 vom Garten her, die Stimme seines heimkehrenden
1302 2750 2327 2822 nach Baden zurück, geht sich vor den Fenstern seiner
257 2765 1297 2833 Mund seiner Frau die Berechtigung zuerkennt, ihm
2323 2775 3351 2850 Söhnchens: Vater! Er wimmert auf und weiß nun, daß
1296 2802 2317 2863 Erna müde und sieht gleich darauf den Fähnrich
267 2820 1299 2883 seine Treulosigkeit mit Gleichem zu vergelten, bäumt
2315 2820 3355 2897 die Kinder der einzig feste Punkt in diesem Chaos
1296 2849 2324 2912 Otto v. Aigner aus dem Schlafzimmerfenster seiner
272 2859 1312 2929 sich sein Geckenegoismus dagegen auf, daß der
2314 2880 3354 2956 sind, die Einzigen, denen man angehören muß, ob
255 2901 2326 2982 Todte ihm etwas von seinem ehelichen Besitz gefährdet Frau steigen. Wieder entbrennt der Kampf zwischen
2321 2931 3361 3002 man will oder nicht. Alle Freiheit, aller Cynismus,
264 2947 2328 3035 habe. Die Frau wartet darauf, daß das Opfer,nüchterner Logik und Gerechtigkeitsgefühl einerseits
271 2976 3358 3069 welches für diese Ehe in die Grube gesunken ist, ihr und des Gatten Eitelkeit andererseits. Scheinbar siegt alle Brutalität, aller Egoismus sind nun von diesem
269 3073 3350 3126 den Gatten wenigstens zurückerobern werde; aberl zunächst die Vernunft. Da er mit dem festen Ent= Friedrich Hofreiter abgefallen und es bleibt nichts
273 3082 3361 3206 Friedrich brennt schon wieder nach einer Anderen,kschlusse heimgekehrt ist, sich von seiner Frau scheiden übrig als das simple Philisterium der Vaterschaft.
