3344 4352
1548 93 2428 217 se Pee e uen i hehen Rrenlien
1535 177 2418 278 Ausgleich gibt, geschweige denn, wenn:
1630 244 3220 358 In einem Gedankenaustausch, der miy un die Lenture der Broschüre an¬
1518 289 3209 435 schloß, erklärte mir der Verfasser noch, er werde in einer Vorrede die Motive
1506 402 1722 461 : „
1517 354 3208 499 darlegen, welche ihn zu einer Veröffentlichung seiner Ansichten bestimmten.
2321 500 3196 619 irteien Kroatiens klar machen, daß sie
2321 572 3203 661 in gegenseitiger Überbietung an Radi¬=
2349 617 3195 727 Patriotismus und der politischen Ein¬
1456 695 1577 766 eton.
2352 690 3196 779 und zerfleischen, anstatt sich auf jener
2372 746 3197 842 von allen erstrebten Ziele führen kann
601 850 2313 908 keit, wahrscheinlich aber aus allen diesen, gabe sein, sich das Denken und Tun dieser
616 891 1453 948 Gründen zugleich. Damit war es, ohne daß
1477 895 2312 960 komplizierten Menschen zu vergegenwärtigen,
614 932 1460 990 es auch nur zu einer Szene zwischen den
1472 941 2313 1016 die sich selber und einander ein beständiges
1476 979 1733 1042 Rätsel sind.
617 974 1462 1021 beiden Gatten gekommen wäre, aus zwischen
605 1024 1458 1076 ihnen, denn jede Sicherheit und jede Möglich¬
1541 1008 2318 1081 Der Fabrikant Friedrich Hofreiter ist
614 1069 1451 1108 keit des Vertrauens war dahin. Er sucht in
1468 1064 2313 1131 ein Mann von geschäftlichem Unternehmungs¬
616 1113 1460 1170 den Bergen vergebens den Tod, gründet sich
1465 1120 2310 1173 geist und einem halben Erfindergenie, das
614 1151 1451 1212 als Hoteldirektor in den Dolomiten eine neue
1470 1153 2307 1210 gerade so weit reicht, um die von anderen
605 1190 1448 1241 Existenz und hat sich, obwohl die Kinder in der
1471 1205 2319 1250 gemachten Erfindungen in dem Artikel
603 1238 1455 1293 Umgebung nicht selten seine Zügetragen, nach
1461 1254 2325 1307 der Glühlichter zu verbessern. Aber die Haupt¬
604 1285 1443 1346 Jahrzehnten noch so wenig über ihren Verlust
1464 1294 2316 1355 sache sind ihm, und wie er meint, auch allen
610 1335 1443 1390 getröstei, daß er es endlich als ein Glück be¬
1457 1340 2319 1395 anderen Männern, doch die Frauen. Mit
606 1376 1446 1425 trachtet, als Freund zu ihr zurückkehren zu
1462 1384 2309 1431 seiner eigenen Frau Genia lebt er in einer
611 1418 1443 1462 dürfen. Zur Erklärung der seltsamen Wider¬
1468 1428 2316 1485 kalten Ehe, die von ihr, der tieferen Natur,
610 1464 1455 1512 sprüche, die seine Biographie aufweist, ist es
1462 1472 2314 1514 nicht mit Gleichmut ertragen wird, und schon
597 1509 1440 1570 eben nötig, daß er sich auf ein Wort eines Dich¬
1460 1520 2322 1575 ein paarmal hat sie daran gedacht, sich umzu¬
609 1550 1441 1601 ters beruft, der auch Hoteldirektor war (es
1458 1556 2313 1614 bringen oder ihn mit ihrem Buben, der jetzt
605 1603 1442 1644 wird wohl irgendwo in den Schriften von
1461 1606 2315 1655 in einem englischen Kollege untergebracht ist,
607 1645 1438 1708 Christomanos zu finden sein, der zu der
1460 1650 2305 1708 zu verlassen. Er aber hat, ohne von ihr
605 1687 1450 1735 ganzen Figur Modell gestanden hat): „Die
1459 1695 2313 1744 innerlich loszukommen, ein Verhältnis mit
604 1731 1443 1778 Seele ist ein weites Land“ und aus eigenem
1462 1743 2303 1783 einer hübschen, aber leeren Bankiersgattin
594 1775 1448 1824 hinzufügt, was für komplizierte Subjekte
1458 1786 2310 1824 angeknüpft, deren er endlich auch überdrüssig
603 1824 1448 1865 wir Menschen seien und daß die Ordnung
1466 1827 2307 1874 geworden ist. Nun begibt es sich, daß einer
608 1860 1443 1918 in unserem Innern nur etwas künstliches,
1450 1874 2323 1921 seiner Freunde, ein russischer Klaviervirtuose,
608 1914 1451 1966 der natürliche Zustand aber das Chaos sei.
1460 1917 2322 1971 der in Baden bei ihnen zu Gaste wohnte,
596 1947 1437 2015 Bewußt oder unbewußt stehen alle Personen
1452 1956 2308 2011 sich plötzlich erschießt. Friedrich wittert eine
595 1994 1443 2059 des Stückes auf diesem Standpunkt, sietanzen
1453 2003 2317 2046 Liebschaft mit seiner Frau dahinter und bei
603 2049 1438 2093 alle, nicht bloß die überkluge Erna, auf dem
1451 2050 2315 2107 der Aufrichtigkeit, die diese komplizierten
601 2084 1451 2141 psychologischen Seil. Selbst der Held, der
1458 2091 2308 2139 Menschen, wie wir schon von Doktor Aigner
600 2140 1449 2190 aus den Armen der einen in die der
1459 2141 2314 2194 gehört haben, zu empfangen und zu geben
602 2177 1435 2225 anderen fällt, glaubt nur an ewige Freund¬
1449 2184 2298 2235 gewohnt sind, zeigt ihm Genia, als er sie
602 2219 1447 2273 schaft und Liebe und erklärt den Widerspruch
1455 2224 2307 2276 auszuforschen Miene macht, sofort den Brief,
595 2267 1442 2317 zwischen seinem Leben und seinem Denken
1455 2275 2306 2317 den ihr der Selbstmörder hinterlassen hat,
595 2312 1438 2369 aus der Kompliziertheit der menschlichen
1451 2320 2303 2374 und aus dem hervorgeht, daß er nur in den
599 2351 1440 2414 Natur, die sich niemals durch Erfahrungen
1455 2359 2303 2420 Tod gegangen ist, weil sie sich ihm versagt
592 2401 1444 2459 bestimmen lasse, weil uns ja die Enttäu¬
1445 2405 2313 2462 hat. Der Ehemann atmet zwar, von einem
598 2443 1441 2502 schungen nicht weh tun würden, wenn mit
1449 2452 2305 2510 schweren Verdacht befreit, für den Augenblick
598 2490 1437 2535 ihnen auch die inneren Beziehungen einfach
1452 2498 2304 2535 auf, bald aber steigen aus dem „weiten
590 2538 1437 2586 aus wären. Und auch die Heldin kommt
1441 2544 2308 2598 Land“ ganz andere Empfindungen auf: seine
594 2580 1444 2632 endlich zur Überzeugung, daß Liebessachen
1452 2587 2308 2640 Frau stößt ihn ab, weil sie ihrer Tugend ein
593 2619 1432 2661 nichts anderes als eine Spielerei sind und
1452 2634 2306 2685 Meuschenleben zum Opfer gebracht hat, mit
590 2667 1437 2723 daß es in ihnen wie im Spiei keine Lüge,
1448 2674 2298 2723 anderen Worten: weil sie ihm nicht untreu
588 2705 1438 2769 sondern nur List und Spaß gebe. Es tut
1444 2712 2300 2774 geworden ist. Er benutzt die erste beste Ge¬
595 2753 1422 2801 einem ordentlich wohl und übt eine be¬
1447 2763 2311 2804 legenheit, um aus ihrer Nähe zu kommen,
593 2796 1436 2841 freiende Wirkung aus, wenn der Doktor
1442 2803 2300 2860 und flüchtet an den Völser Weiher, wo er
586 2833 1433 2896 Mauer, eine der wenigen anständigen Per¬
1449 2851 2300 2910 mit seiner Badener Gesellschaft wieder zu¬
598 2885 1437 2942 sonen in dem ganzen Stück und auch wieder
1442 2884 2307 2953 sammentrifft. Mit dieser ist auch ein junges
587 2933 1434 2971 ein kleiner Räsoneur, aber der Sprecher
1446 2940 2298 2981 Mädchen, Erna, gekommen, die Tochter einer
592 2972 1426 3032 der Gegenpartei, darauf erwidert: „Dies In¬
1439 2988 2301 3036 zum Aufputz der Gesellschaft dienenden
600 3014 1432 3075 einander von Zurückhaltung und Frechheit,
1441 3026 2299 3085 Witwe, aber in allem das Gegenteil ihrer
594 3061 1433 3122 von feiger Eifersucht und erlogenem Gleich¬
1443 3065 2308 3129 Mutter: während diese sich beständig selbst
586 3107 1429 3167 mut — von rasender Leidenschaft und leerer
1440 3118 2287 3162 korrigiert und von jeder Behauptung in
585 3155 1433 3216 Lust, wie ich es hier sehe — das sind' ich
1441 3162 2300 3219 einem Nachsatz sofort wieder die Hälfte zurück¬
589 3188 1428 3250 trübselig und grauenhaft ... Der Freiheit,
1436 3215 2298 3261 nimmt, geht die Tochter fest und bestimmt
592 3238 1429 3296 die sich hier brüstet, der fehlt es an Glauben
1441 3246 2299 3301 auf das Ziel los und ist von einer für ihr
585 3282 1431 3344 an sich selbst. Darum gelingt ihr die heitere
1443 3294 2292 3352 Alter unheimlichen Scharfsichtigkeit, Willens¬
580 3324 1436 3393 Miene nicht, die sie so gerne annehmen
1440 3334 2295 3397 stärke und Vorurteilslosigkeit; in der letzteren
592 3370 1429 3437 möchte ... darum grinst sie ... wo sie
1444 3387 2296 3443 Eigenschaft erscheint sie uns fast als ein
591 3409 844 3471 lachen will.“
1448 3427 2289 3472 weiblicher Sanin. Dieses Mädchen wird
665 3441 1430 3517 Es wird nach alledem keine leichte Auf¬
1443 3472 2298 3540 dem Glühlampenfabrikanten, was die Hilde
