3392 4384
674 235 722 288 U
981 227 1030 294 I
1368 229 1829 324 box 28/4
261 213 1231 324 24. Das Leite and
1277 1055 3229 1159 tiver Leidenschaft noch ungebrochen walten. „Du. mal alle im Schatten und dienen nur dazu, dus
1270 1114 3222 1214 verstehst mich nicht,“ ruft der Held, Friedrich Wesen der Männer in einem gebrochenen Lichte
1274 1160 3224 1228 Hofreiter, im Schlußakt seiner Frau zu, „in widerzuspiegeln. So tragen Form wie Inhalt
1284 1208 3235 1282 mich sieht keiner hinein, keiner!" Er hat sie dieses Werkes etwas unsicher Schwankendes an
292 1173 962 1325 Heiselberger Tageblafl.
2270 1253 3237 1313 sich und lassen nur leise jene Schnitzler eigen¬
1273 1259 2254 1340 betrogen, seit Jahren, diese gute und kluge
2251 1290 3239 1369 tümliche Stimmung anklingen, die aus Ironie
1280 1307 2249 1375 Frau, die ihn liebt und darum einen Verehrer
2265 1347 3235 1415 und Wehmut gemischt ist, die äußerlich kalt be¬
1297 1350 2245 1419 in den Tod gehen läßt; nun steht der Tote zwi¬
2265 1387 3235 1462 rechnet und innerlich so leidenschaftlich heiß ist.
1294 1391 2257 1472 schen ihr und ihm, dem Anbeter des Lebens
2310 1438 3241 1493 Die Aufführung war sehr gut, die Aufnahme
445 1417 764 1517 18 10 191
1289 1441 2263 1514 und Genusses; er begreift nicht, warum seine
2262 1472 3237 1546 aber ziemlich kühl, da das Publikum keine Klar¬
1303 1482 2256 1564 Frau ihm treu blieb und jener sterben mußte.
2269 1517 3240 1589 heit über das Wesen des Helden gewinnen
1297 1537 2252 1603 Weiter stürmt er auf seiner Bahn des gierigen
2261 1565 3238 1644 konnte. An dieser Unzulänglichkeit in der Zeich¬
1295 1581 2266 1647 Zugreifens und Festhaltens, verführt ein früh¬
346 1569 1266 1681 Artur Schnitziers neues Wert.
1292 1610 3239 1697 reif=unreifes Mädel, das sein bester Freund sichnung der Hauptrolle scheiterte auch ihr Dar¬
1295 1651 3239 1737 zur Gattin ersehnt. Aber als seine Frau nunf steller, Heinz Monnard, der mit Irene
385 1659 1091 1743 Man schreibt uns aus Berlin:
2274 1696 3243 1779 Triesch zusammen die stärkste schauspiele¬
1300 1710 2265 1790 die ihr so oft freigestellte „Revanche“ nimmt
382 1703 1295 1797 „Die Seele ist ein weites Land“. Unter die¬
2274 1749 3214 1818 rische Leistung des Abends bot. Dr. P. L.
1308 1751 2271 1834 und einen jungen Fähnrich mit ihrer Liebe be¬
330 1764 1288 1839 sem Motto vereinigt Schnitzler in seinem
1298 1808 2274 1878 glückt, erträgt er es doch nicht, sondern schießt
329 1811 1296 1884 neuen Drama, der fünfaktigen Tragikomödie
1301 1839 2269 1923 den Liebhaber über den Haufen. Warumk
328 1869 1298 1929 „Das weite Land“, die am Samstag ihre
1302 1897 2288 1965 Aus einem Rückfall in die alte Konvention, von
330 1905 1293 1969 Erstaufführung im Lessingtheater er¬
1299 1938 2281 2005 der er sich losgesagt, aus großer Liebe zu seiner
326 1937 1296 2007 lebte, die Lebenswege und Seelenschicksale einer
1305 1987 2273 2054 Frau, die plötzlich mit Macht durchdringt, aus
322 1996 1302 2076 ganzen Reihe von Menschen. Ein Ausschnitt
1297 2036 2275 2093 Eitelkeit, um nicht „der Dumme“ zu sein, aus
321 2043 1304 2116 aus der modernen österreichischen Gesellschaft,
1300 2075 2272 2150 einer Laune, die das Raubtier=Element des
332 2083 1306 2145 bald im Sommeraufenthalt zu Baden bei Wien,
1303 2119 2274 2196 Ewig=Männlichen erweckt. Von allem diesen
333 2142 1303 2200 bald in einem fashionablen Tiroler Hotel am
1311 2159 2279 2233 wird etwas angedeutet, und eben dieses schil¬
334 2174 1299 2243 Völser Weiher, spiegelt sich in einem bunten
1310 2195 2279 2285 lernde Zwiespältige haftet überhaupt dem Cha¬
331 2224 1299 2297 Kranz von psychologischen Auseinandersetzun¬
1309 2260 2279 2328 rakter und dem Stil des ganzen Dramas an.
330 2268 1305 2348 gen und anmutigen Causerien, in denen der
1322 2313 2286 2370 Die Gestalt eines Mannes, in dem die alten
336 2311 1311 2368 Schöpfer des „Anatol“ heute der unerreichte
1317 2345 2282 2417 Instinkte des Geschlechts die Schranken seiner
321 2359 1309 2415 Meister ist. Diese Kunst der feinen, innerlich
1315 2387 2282 2463 Kultur zertrümmern, ist gewiß eine tieftragische
335 2407 1308 2467 belebten Dialogführung, getragen von einer
1319 2434 2292 2514 Erscheinung. Schnitzler aber nennt sein Stück
337 2459 1300 2520 resignierten, tiefsinnig plaudernden Lebensweis¬
1311 2481 2293 2556 „Tragikomödie“ u. rückt dadurch die Gestalten in
330 2492 1310 2562 heit, muß nun hinweghelfen über die mancher¬
1317 2522 2287 2606 eine ungewißpielerische Beleuchtung. Es ist
344 2537 1304 2603 lei Schwächen und Rätsel in Handlung und
1318 2576 2283 2643 nun einmal Untreue und rücksichtslose Genuß¬
333 2585 1316 2655 Charakterzeichnung des neuen Werkes. So viel
1320 2612 2289 2693 sucht das Wesen des Mannes, Polygamie sein
337 2634 1307 2694 man auch noch von dem Feminismus Schnitzlers
1316 2675 2298 2728 Element, seine Tugend Ausleben seiner Kraft:
344 2675 1312 2735 und seinem Kult des „süßen Mädels“ reden
1325 2696 2305 2789 das sagt auch die Episodengestalt eines anderen
339 2719 1315 2790 mag, so ist doch längst das eigentliche Problem
1313 2754 2300 2830 „Ungetreuen". Aber wenn der Vertreter die¬
350 2769 1313 2824 seines Schaffens der Mann geworden, den er
1329 2785 2350 2872 ses Nietzscheschen Urmenschentums seine Ueber¬
348 2801 1318 2868 in seinem „Einsamen Weg“ und dem „Ruf des
1319 2836 2351 2918 legenheit im Stück stets nur dadurch beweist, 9
357 2860 1312 2930 Lebens“ in allen schwankenden Zwielichtdäm¬
359 2882 2341 2976 merungen des „Weiten Landes“ dargestellt. daß er im Tennis siegt, so kommt ein komisch-d
1335 2941 2300 3005 ironischer Zug hinein, der durch die satirische
398 2940 1325 3014 Diesmal hat er nun noch tiefer in das Wesen
1324 2970 2374 3051 Schilderung der Episodenfiguren noch verstärktil
346 3003 1314 3068 des stärkeren Geschlechts sich hineinfühlen wol¬
346 3032 2293 3103 len; es war sein Ziel, bis zu jenem Unergründ=wird. Die Frauen, die Gattin Hofreiters, das
2283 3063 2352 3122 k
348 3075 2287 3160 lichen, triebhaft Dämonischen der männlichen junge Mädchen, das er verführt, die Mutter des
344 3118 2369 3219 Psyche vorzudringen, wo die Urkräfte primi=im Duell getöteten Liebhabers, sie stehen dies= 18
