3392 4352
713 243 835 301 We
1025 234 1151 302 Lal
286 230 1247 339 24. Das
850 499 1398 568 N. as ist Täuschung. All¬
464 556 1391 617 iTänschung. Nächstens schnapp ich doch zusar
466 601 611 646 men
673 587 1389 655 .Ich weiß, was Jugend ist .... Vi
465 641 1396 701 einer Stunde hab ich sie glänzen gesehen und lach
458 674 1397 741 in frechem, kalten Aug . . . . Und man kann do
459 717 1404 779 nicht jeden . . . .. Bleib wo du bist, amüsier di¬
454 773 1402 842 gut . . . — und eilt schluchzend seinem Kind en
449 811 602 878 gegen.
556 852 1406 909 Dieses väterliche Geschluchze am Ende gil
453 875 1404 955 beinahe dem einzigen Moralisten des Stückes, der
461 943 1393 1002 Arzt Dr. Mauer Recht, der beiläufig sich äußer
460 985 1393 1050 „. . . . . nicht das geringste hätt ich einzuwenden g#
458 1031 1400 1080 gen eine Welt, in der die Liebe wirklich nichts an
459 1070 1397 1122 deres wäre als ein köstlich Spiel ... Aber dann .
446 1112 1397 1173 dann ehrlich bitte! Ehrlich bis zur Orgie .... da
453 1156 1404 1220 ließ ich gelten. Aber dies Ineinander von Zurück
448 1208 1408 1262 haltung und Frechheit, von seiger Eifersucht und er
445 1245 1400 1289 logenem Gleichmut von rasender Leidenschaft un
448 1291 1416 1348 leerer Lust, wie ich es hier sehe — das find ic
457 1334 1402 1379 trübselig und grauenhaft! Die Freiheit, die sie
455 1381 1412 1436 hier brüstet, der fehlt es am Glauben an sich selbs
457 1417 1399 1469 Darum gelingt ihr die heitre Miene nicht, die sie
460 1466 1397 1527 gerne annehmen möchte, darum grinst sie wo sie le
455 1496 1410 1569 chen will!“ Aber von der Moral abgesehen, wei
451 1553 1409 1614 man mit dem Helden auch sonst nicht viel anzusan
450 1604 1408 1653 gen. Wozu der viele Lärm, wozu dieser große Auf
448 1638 1410 1700 wand, den Hofreiter vertul, wenn zum Schluß ein
449 1680 1403 1748 Kinderstimme alles umbläst? Es bleibt ein pein
456 1722 744 1782 licher Rest.
564 1749 1402 1826 Unsere Bühne hat an den neuen Schnitzle
451 1817 1412 1868 viel Arbeit und Mühe gewendet; das ganze Schau
453 1855 1419 1911 spielpersonal ward aufgeboten, und Dr. Pau
449 1901 1415 1957 Egers glückliche Hand gab Handlung und Rahmer
450 1941 1408 1998 in bestmöglicher Fasson. Den Fabrikanten Hof
444 1993 1415 2048 reiter spielt Herr Marius Faber klug und mi
453 2034 1405 2091 Geschmack, als einen kultivierten Egoisten; Frl
453 2082 1418 2132 Medelskt, die Gattin als ein Weibchen, das sick
443 2118 1413 2173 auf die bestmiigliche Art mit ihrer Situation abfin¬
450 2164 1422 2221 det; Herr Tiller den Fähnrich, jung und ver¬
449 2206 1415 2261 liebt; Herr Max Schütz ausgezeichnet, als der
454 2258 1428 2309 einzige „anständige“ Mensch; Frau Monati, sehr
452 2292 1412 2337 beweglich und nicht unangenehm geschwätzig; Herr
447 2333 1422 2373 Huttig, ein gescheiter Cyniker; Herr Bauer
450 2376 1416 2444 sehr gut in einer Episode als wütender „Preuß.“
460 2421 1428 2482 Frl. Neff vertieft das Dolomitenmädchen, gibt
440 2457 1419 2516 vielleicht mehr, als diese Figur hat. Herr Balder
453 2513 1421 2573 gibt den eitlen Bengel ganz reizend, und vorzüglich
458 2540 1417 2600 ist Herr Rittig in der Rolle dieses noblen und
456 2605 1429 2654 gescheiten Hoteldirektors. Dann noch in kleineren
464 2642 1413 2706 Rollen: Frau John, Dr. Manning, Frl.
463 2682 1426 2749 Niedt, Herr Frieberg und Hofer — alle
453 2719 664 2787 sehr brav.
557 2749 1419 2824 Das Publikum nahm das neue Werk des
459 2804 1421 2865 Wiener Dichters mit großem Interesse und Respekt
460 2855 1425 2913 entgegen und gab so reichlich Applaus, daß Ober¬
463 2896 1427 2951 regisseur Dr. Eger für den Dichter danken konnte.
452 2940 1426 2999 Ob es ein Verhältnis zu der Tragikomödie gesun¬
450 2975 1430 3032 den hat? Wahrscheinlich kein anderes als Herr
454 3010 1455 3073 von Aigner zum Leben: Ordnung hineinzubringch
455 3068 1132 3136 ist vergebens, es bleibt das Chaos!
1252 3072 1367 3144 13ch
613 3143 1288 3241 Direktor heinrich Teweles.:
553 3213 1414 3290 Anläßlich des Amisantrittes des Direktors
448 3262 1419 3330 Heinrich Teweles sind diesem zahlreiche Beglückwün.
456 3319 1408 3384 schungen zugekommen. Die erste ging von der In¬
458 3368 1293 3423 tendanz aus und hatte folgzenden Wortlaut:
521 3405 857 3459 Die Intendanz d#
950 3394 1413 3465 Deutschen Landestheatere
483 3453 1409 3496 —rnnseue
454 3479 1408 3543 serneres Wirken an der Prager deuischen Kunstsätte
449 3508 1254 3562 mit ihren besten Wünschen. Der Intendant,
965 3549 1382 3597 gez. Dr. Karl Urban.
557 3579 1406 3649 Während der gestrigen Premiere fand nach
446 3637 1414 3695 dem dritten Akte auf der Bühne des Theaters be¬
442 3664 1406 3738 herabgelassenem Vorhang eine interne Feier anläß
448 3719 1407 3785 lich des Beginnes der Direktionsführung Heinrick
449 3769 1409 3825 Teweles statt. Als der Direktor die Bühne be###l
445 3806 1324 3873 richtete Dramaturg Dr. Eger an ihn eine
462 3848 1352 3913 sprache, in der er Teweles als den würdigsten d.
453 3899 1401 3952 folger Neumanns bezeichnete, und ihm für sein¬
465 3936 1401 3985 Direktionsführung die besten Glückwünsche über¬
450 3974 1403 4035 mittelte. In ungemein herzlicher und humorvolle
451 4016 1397 4077 Rede dankte Direktor Heinrich Teweles für die
457 4064 1414 4129 Ehrung und teilte zugleich mit, daß Dramaturg Dr
452 4111 1407 4168 Eger zum Oberregisseur ernannt sei. Das versam¬
452 4145 1445 4220 melte Theaterpersonal brach in stürmische Beifalls.
461 4186 1240 4247 kundgebungen für Direktor Teweles aus.
1406 235 1852 328 box 29/1
1844 551 2252 628 Ausschnitt aus:
2256 573 2406 658 ELE
2141 641 2442 740 15 10 1911
1836 675 2017 723 vom:
1916 717 3043 804 Alls Prag wird uns unterm Gestrigen telegraphiert:
1765 732 3038 869 Artur Schnitle#s-Tragikomödie „Das weite Land“ fand
1767 814 3045 917 heute bei seiner Uraufführung im Neuen deutschen Theater einen
1756 868 3034 953 warmen Erfolg. Die Darstellung war vortrefflich. Mit dem
1763 906 3026 1016 heutigen Tage begann das Regime des neuen Direktors Heinrich
1757 950 1974 1011 Teweles.
2111 974 3029 1058 Aus Berlin wird uns unter dem
1753 1008 3024 1107 Gestrigen telegraphiert: Im Lessing=Theater
1757 1047 3036 1157 konnte heute die Tragikomödie Artur Schnitzlers „Das
1741 1112 3024 1202 zweite Land“ keinen sonderlichen Erfolg erzielen. Die
1753 1148 3014 1251 beiden ersten Akte ließen das Publikum kalt. Erst nach dem
1748 1184 3018 1302 dritten Akt ertönte lebhafterer Beifall, der auch nach dem vierten
1746 1239 3001 1354 Akt den sich geltend machenden Widerspruch zu übertönen ver¬
1747 1293 3008 1393 mochte. Das Ensemble des Lessug=Theaters bot durch seine Dar¬
1753 1335 3006 1451 stellung eine grandiose Meisterleistung; vor allem sind die Träger
1739 1385 3002 1488 der Hauptrollen, Herr Monnara und Fru Triesch, zu
1735 1437 3012 1549 nennen, denen in gleicher Vollendung Fräuein Herterick, Herr
1737 1474 2975 1595 Spieler, Fraulein Suffin und Herr Reichert zu Seite standen. —
1986 1712 2141 1790 Au#g
2187 1729 2631 1835 Freie Prasse
2626 1745 2720 1842 □
1793 1778 2716 1889 vom: AHLLL PTesze.
1875 1893 2911 1981 Schnitzlors-,,Das weite Land“ am Prager
2124 1947 2627 2021 Deutschen Theater.
2058 1998 2694 2072 (Telegramm der „Neuen Freien Presse“.)
1876 2027 2970 2154 Prag, 14. Oktober. Mit der ersten Aufführung von
1786 2088 2959 2169 Schnitzlers Tragödie „Das weite Land“ im Neuen
1790 2111 2950 2216 Deutschen Theater eröffnete heute Direktor Heinrich Teweles
1797 2170 2955 2266 die Saison. Der Eröffnungsabend kann als ein durchaus ge¬
1785 2209 2950 2305 lungener bezeichnet werden. Das ist von günstigster Vor¬
1778 2250 2942 2348 bedeutung für die beginnende Aera des neuen Direktors, der
1778 2284 2943 2387 sich auch bisher schon als feinfühliger und zielbewußter Leiter
1771 2348 2945 2437 dieses Kunstinstituts gezeigt hat. Die heutige Aufführung
1775 2372 2935 2479 wurde von Herrn Oberregisseur Dr. Eger mit viel Geschmack
1773 2422 2932 2519 und technischer Sicherheit geleitet. Das Stück brachte in den
1771 2457 2929 2555 Hauptrollen vortreffliche Leistungen der Damen Medolsky,
1766 2502 2929 2589 und Neff sowie der Herren Faber, Rittig und Schütz.
1764 2541 2957 2666 Der Dichtung, den Darstellern und den Leitern des Spieles wurde#
1754 2574 2195 2650 zeicher Beifall zu teil.
2282 2980 2495 3041 X T6r6797
2151 3025 2553 3086 (Quellenangabe ehe Gewtes.)
2282 3029 2867 3170 mchunger Nachrichten
1794 3077 2258 3158 Ausschnitt aus:
2410 3127 2701 3220 Hamburg
1797 3182 2060 3254 vom: 7#
2276 3222 2471 3319 31
2666 3300 3010 3372 ### zum Veröst
1788 3306 2332 3389 ausenthall hier eingetroffen.
2042 3354 2166 3410 Serereren
1850 3386 2988 3504 A. B. Prag, den 14. Oktober. (Privattelegramm.) Schnitz
1747 3408 2986 3526 Le=Tragikomödie „Das weite Land“ brachte es in ihre
1780 3487 2997 3588 Uraufführung nur zu einem Achtungserfolg. Dem Publikur
1772 3536 3001 3637 gefiel der schwankartige, größtenteils nicht zum Stück gehörig
1774 3567 2006 3639 dritte Akt.
