<?xml version="1.0" encoding="UTF-8" standalone="yes"?>
<PcGts xmlns="http://schema.primaresearch.org/PAGE/gts/pagecontent/2013-07-15" xmlns:xsi="http://www.w3.org/2001/XMLSchema-instance" xsi:schemaLocation="http://schema.primaresearch.org/PAGE/gts/pagecontent/2013-07-15 http://schema.primaresearch.org/PAGE/gts/pagecontent/2013-07-15/pagecontent.xsd">
    <Metadata>
        <Creator>prov=University of Rostock/Institute of Mathematics/CITlab/Gundram Leifert/gundram.leifert@uni-rostock.de:name=ONB_Newseye_GT_M1+(htr_id=10810)::::v=2.4.2
prov=University of Rostock/Institute of Mathematics/CITlab/Tobias Gruening/tobias.gruening@uni-rostock.de:name=de.uros.citlab.module.baseline2polygon.B2PSeamMultiOriented:v=2.4.2
prov=University of Rostock/Institute of Mathematics/CITlab/Tobias Gruening/tobias.gruening@uni-rostock.de:name=/mnt/transkribus/LA/DEA/URO/LA_news_onb_att.pb:de.uros.citlab.segmentation.CITlab_LA_ML:v=2.4.2
Transkribus</Creator>
        <Created>2019-10-07T11:14:15.112+02:00</Created>
        <LastChange>2019-10-08T03:41:04.665+02:00</LastChange>
        <TranskribusMetadata docId="223964" pageId="9496826" pageNr="462" tsid="16500209" status="IN_PROGRESS" userId="40391" imgUrl="https://files.transkribus.eu/Get?id=UALRWLDOTCEYSRANQFLBWAHF&amp;fileType=view" xmlUrl="https://files.transkribus.eu/Get?id=ENVZINBWZFMCBYAQFPFXEAXH" imageId="6187053"/>
    </Metadata>
    <Page imageFilename="223964_0462.jpeg" imageWidth="3392" imageHeight="4352">
        <ReadingOrder>
            <OrderedGroup id="ro_1711441837409" caption="Regions reading order">
                <RegionRefIndexed index="0" regionRef="r1"/>
            </OrderedGroup>
        </ReadingOrder>
        <TextRegion orientation="0.0" id="r1" custom="readingOrder {index:0;}">
            <Coords points="282,184 282,3501 2963,3501 2963,184"/>
            <TextLine id="r1l1" custom="readingOrder {index:0;}">
                <Coords points="1391,236 1464,219 1537,237 1601,214 1633,232 1677,215 1723,238 1749,221 1843,213 1843,169 1802,154 1642,153 1595,179 1561,161 1517,170 1392,151"/>
                <Baseline points="1405,210 1431,209 1457,209 1484,209 1510,209 1536,209 1563,210 1589,210 1616,211 1642,211 1668,212 1695,212 1721,212 1747,212 1774,212 1800,211 1827,210"/>
                <TextEquiv>
                    <Unicode>box 29/1</Unicode>
                </TextEquiv>
            </TextLine>
            <TextLine id="r1l2" custom="readingOrder {index:1;}">
                <Coords points="267,204 540,251 1236,257 1237,187 1177,168 267,172"/>
                <Baseline points="282,204 329,208 376,212 423,215 470,218 517,220 564,222 611,224 658,225 705,226 752,227 799,227 846,227 893,228 940,228 987,228 1034,228 1081,228 1128,229 1175,229 1223,230"/>
                <TextEquiv>
                    <Unicode>24. Das veite-Land</Unicode>
                </TextEquiv>
            </TextLine>
            <TextLine id="r1l3" custom="readingOrder {index:2;}">
                <Coords points="2743,1215 2781,1204 2833,1217 2860,1209 2871,1218 2918,1216 2922,1033 2878,1029 2846,1040 2802,1021 2782,1038 2747,1038"/>
                <Baseline points="2757,1192 2786,1190 2816,1189 2845,1187 2875,1192 2905,1196"/>
                <TextEquiv>
                    <Unicode>M</Unicode>
                </TextEquiv>
            </TextLine>
            <TextLine id="r1l4" custom="readingOrder {index:3;}">
                <Coords points="1769,1195 2952,1275 2979,1201 1771,1154"/>
                <Baseline points="1782,1190 1841,1195 1900,1199 1959,1203 2018,1206 2077,1210 2136,1213 2195,1216 2254,1219 2313,1222 2372,1225 2431,1228 2490,1231 2549,1234 2608,1237 2667,1239 2726,1243 2785,1246 2844,1250 2903,1253 2963,1257"/>
                <TextEquiv>
                    <Unicode>Ausnahme von Genia alle Figuren des Stückes zusammen,</Unicode>
                </TextEquiv>
            </TextLine>
            <TextLine id="r1l5" custom="readingOrder {index:4;}">
                <Coords points="1774,1245 2842,1306 2970,1301 2972,1272 1777,1193"/>
                <Baseline points="1790,1231 1848,1235 1906,1239 1964,1243 2023,1246 2081,1249 2139,1252 2197,1256 2256,1259 2314,1263 2372,1265 2430,1268 2489,1272 2547,1275 2605,1277 2663,1280 2722,1284 2780,1286 2838,1289 2896,1292 2955,1295"/>
                <TextEquiv>
                    <Unicode>und Hofreiter begegnet auch Erna, in die er sich verliebt</Unicode>
                </TextEquiv>
            </TextLine>
            <TextLine id="r1l6" custom="readingOrder {index:5;}">
                <Coords points="1774,1272 2972,1353 2958,1288 1776,1246"/>
                <Baseline points="1790,1271 1848,1275 1906,1278 1965,1282 2023,1285 2082,1288 2140,1291 2199,1294 2257,1297 2316,1300 2374,1302 2432,1305 2491,1308 2549,1311 2608,1314 2666,1317 2725,1321 2783,1325 2842,1328 2900,1331 2959,1336"/>
                <TextEquiv>
                    <Unicode>hat. In der Nähe des Ortes gibt es einen Turm, den</Unicode>
                </TextEquiv>
            </TextLine>
            <TextLine id="r1l7" custom="readingOrder {index:6;}">
                <Coords points="1778,1321 2849,1383 2974,1337 1781,1274"/>
                <Baseline points="1794,1308 1852,1312 1910,1317 1968,1320 2026,1325 2084,1328 2142,1331 2201,1334 2259,1338 2317,1340 2375,1343 2433,1346 2491,1348 2549,1351 2608,1354 2666,1356 2724,1359 2782,1362 2840,1365 2898,1369 2957,1373"/>
                <TextEquiv>
                    <Unicode>Aigenturm, von dem vor 15 Jahren ein Freund Hofreiters“</Unicode>
                </TextEquiv>
            </TextLine>
            <TextLine id="r1l8" custom="readingOrder {index:7;}">
                <Coords points="1780,1354 2973,1427 2956,1362 1782,1317"/>
                <Baseline points="1794,1348 1852,1353 1910,1357 1968,1361 2027,1364 2085,1368 2143,1372 2202,1375 2260,1378 2318,1381 2377,1384 2435,1387 2493,1389 2551,1392 2610,1395 2668,1397 2726,1400 2785,1402 2843,1405 2901,1407 2960,1410"/>
                <TextEquiv>
                    <Unicode>abgestüzrt ist und seither hat sich niemand mehr getraut, den #</Unicode>
                </TextEquiv>
            </TextLine>
            <TextLine id="r1l9" custom="readingOrder {index:8;}">
                <Coords points="1775,1393 2961,1469 2964,1411 1777,1355"/>
                <Baseline points="1790,1388 1847,1391 1905,1395 1963,1398 2021,1402 2079,1405 2137,1409 2194,1412 2252,1415 2310,1418 2368,1421 2426,1424 2484,1427 2542,1430 2599,1432 2657,1435 2715,1437 2773,1440 2831,1443 2889,1446 2947,1448"/>
                <TextEquiv>
                    <Unicode>Turm zu besteigen. Hofreiter wagt es, und zwar in Ge¬</Unicode>
                </TextEquiv>
            </TextLine>
            <TextLine id="r1l10" custom="readingOrder {index:9;}">
                <Coords points="1770,1427 2956,1509 2965,1462 1772,1390"/>
                <Baseline points="1784,1426 1842,1429 1900,1431 1958,1434 2016,1437 2075,1441 2133,1444 2191,1447 2249,1450 2307,1454 2366,1457 2424,1461 2482,1465 2540,1468 2598,1471 2657,1475 2715,1477 2773,1481 2831,1483 2889,1486 2948,1489"/>
                <TextEquiv>
                    <Unicode>sellschaft Ernas. Er will sich von seiner Frau scheiden</Unicode>
                </TextEquiv>
            </TextLine>
            <TextLine id="r1l11" custom="readingOrder {index:10;}">
                <Coords points="1766,1467 2833,1543 2964,1495 1768,1420"/>
                <Baseline points="1782,1462 1840,1466 1898,1470 1956,1474 2015,1477 2073,1481 2131,1484 2190,1487 2248,1491 2306,1494 2365,1497 2423,1500 2481,1503 2539,1507 2598,1510 2656,1512 2714,1515 2773,1519 2831,1522 2889,1525 2948,1528"/>
                <TextEquiv>
                    <Unicode>lassen, um Erna zu heiraien. Sie küssen sich, und sie sagt</Unicode>
                </TextEquiv>
            </TextLine>
            <TextLine id="r1l12" custom="readingOrder {index:11;}">
                <Coords points="1763,1505 2943,1587 2961,1518 1764,1473"/>
                <Baseline points="1778,1502 1836,1505 1894,1508 1952,1511 2011,1515 2069,1518 2127,1521 2185,1524 2244,1528 2302,1531 2360,1535 2418,1538 2477,1541 2535,1544 2593,1547 2651,1550 2710,1553 2768,1556 2826,1559 2884,1561 2943,1563"/>
                <TextEquiv>
                    <Unicode>ihm, daß er heute nacht ihre Tür offen finden werde. In¬</Unicode>
                </TextEquiv>
            </TextLine>
            <TextLine id="r1l13" custom="readingOrder {index:12;}">
                <Coords points="1762,1559 2961,1617 2963,1583 2842,1555 1765,1509"/>
                <Baseline points="1778,1544 1836,1545 1895,1547 1953,1549 2012,1551 2070,1554 2129,1557 2187,1561 2246,1564 2304,1568 2363,1571 2421,1576 2480,1579 2538,1583 2597,1586 2655,1590 2714,1593 2772,1596 2831,1599 2889,1602 2948,1604"/>
                <TextEquiv>
                    <Unicode>zwischen hat Hofreiters Frau Genia in Baden mit jenem</Unicode>
                </TextEquiv>
            </TextLine>
            <TextLine id="r1l14" custom="readingOrder {index:13;}">
                <Coords points="1761,1575 2680,1646 2953,1617 1763,1546"/>
                <Baseline points="1776,1583 1834,1584 1892,1585 1950,1588 2008,1590 2066,1593 2124,1596 2182,1599 2240,1602 2298,1605 2357,1609 2415,1613 2473,1616 2531,1620 2589,1623 2647,1626 2705,1630 2763,1633 2821,1636 2879,1639 2938,1641"/>
                <TextEquiv>
                    <Unicode>Fähnrich ein Verhältnis begonnen. Die Sache kommt</Unicode>
                </TextEquiv>
            </TextLine>
            <TextLine id="r1l15" custom="readingOrder {index:14;}">
                <Coords points="643,1612 1419,1668 1427,1572 1243,1561 1064,1501 933,1538 891,1508 653,1493"/>
                <Baseline points="660,1599 697,1601 734,1603 772,1605 809,1608 846,1610 884,1613 921,1616 958,1618 996,1621 1033,1625 1070,1628 1108,1631 1145,1634 1182,1637 1220,1640 1257,1643 1294,1645 1332,1648 1369,1650 1407,1653"/>
                <TextEquiv>
                    <Unicode>Grescher Anzeiger, Dresder¬</Unicode>
                </TextEquiv>
            </TextLine>
            <TextLine id="r1l16" custom="readingOrder {index:15;}">
                <Coords points="1763,1616 2953,1682 2955,1638 1765,1584"/>
                <Baseline points="1778,1618 1836,1620 1894,1622 1952,1625 2010,1628 2068,1631 2126,1634 2184,1638 2242,1641 2300,1645 2358,1648 2416,1652 2474,1655 2532,1658 2590,1662 2648,1665 2706,1668 2764,1671 2822,1673 2880,1677 2938,1679"/>
                <TextEquiv>
                    <Unicode>Hofreiter in skandalöser Weise zu Ohren, und obwohl ihm</Unicode>
                </TextEquiv>
            </TextLine>
            <TextLine id="r1l17" custom="readingOrder {index:16;}">
                <Coords points="1760,1654 2934,1736 2952,1684 1762,1616"/>
                <Baseline points="1774,1656 1832,1659 1890,1662 1948,1664 2006,1668 2064,1671 2122,1675 2180,1678 2238,1681 2296,1685 2355,1688 2413,1691 2471,1695 2529,1698 2587,1701 2645,1704 2703,1707 2761,1710 2819,1712 2877,1714 2936,1717"/>
                <TextEquiv>
                    <Unicode>die Angelegenheit ziemlich gleichgültig ist, muß er sich mit</Unicode>
                </TextEquiv>
            </TextLine>
            <TextLine id="r1l18" custom="readingOrder {index:17;}">
                <Coords points="1755,1692 2918,1765 2944,1716 1757,1654"/>
                <Baseline points="1768,1695 1826,1698 1884,1700 1942,1702 2000,1706 2058,1709 2116,1712 2174,1715 2232,1719 2290,1721 2348,1725 2406,1729 2464,1732 2522,1735 2580,1739 2638,1742 2696,1745 2754,1748 2812,1751 2870,1753 2928,1755"/>
                <TextEquiv>
                    <Unicode>dem Fähnrich schlagen. Er erschießt ihn im Duell und da¬</Unicode>
                </TextEquiv>
            </TextLine>
            <TextLine id="r1l19" custom="readingOrder {index:18;}">
                <Coords points="1759,1739 2943,1799 2849,1750 1761,1695"/>
                <Baseline points="1773,1734 1830,1736 1888,1738 1946,1741 2004,1744 2061,1746 2119,1750 2177,1753 2235,1757 2292,1760 2350,1764 2408,1767 2466,1771 2523,1774 2581,1777 2639,1781 2697,1784 2754,1787 2812,1790 2870,1792 2928,1795"/>
                <TextEquiv>
                    <Unicode>mie ist das letzte Band zwischen den Ehegatten zerrissen.</Unicode>
                </TextEquiv>
            </TextLine>
            <TextLine id="r1l20" custom="readingOrder {index:19;}">
                <Coords points="932,1792 973,1803 1029,1797 1066,1815 1087,1794 1119,1809 1151,1794 1189,1806 1224,1771 1241,1773 1241,1733 1215,1733 1177,1712 1142,1713 1118,1692 1019,1695 982,1725 961,1707 932,1719"/>
                <Baseline points="946,1790 971,1791 996,1791 1022,1791 1047,1791 1073,1790 1098,1790 1124,1790 1149,1790 1175,1790 1200,1790 1226,1791"/>
                <TextEquiv>
                    <Unicode>S. 10. 1911</Unicode>
                </TextEquiv>
            </TextLine>
            <TextLine id="r1l21" custom="readingOrder {index:20;}">
                <Coords points="1751,1767 2943,1853 2917,1793 1753,1732"/>
                <Baseline points="1764,1772 1822,1775 1880,1777 1938,1780 1997,1783 2055,1787 2113,1790 2172,1793 2230,1796 2288,1799 2347,1802 2405,1806 2463,1809 2521,1812 2580,1816 2638,1818 2696,1821 2755,1824 2813,1826 2871,1829 2930,1831"/>
                <TextEquiv>
                    <Unicode>Er will verschwinden nach Amerika, irgendwo ins Un¬</Unicode>
                </TextEquiv>
            </TextLine>
            <TextLine id="r1l22" custom="readingOrder {index:21;}">
                <Coords points="1745,1817 2936,1873 2888,1835 1748,1764"/>
                <Baseline points="1760,1809 1818,1812 1876,1815 1934,1818 1992,1821 2050,1824 2108,1827 2166,1830 2224,1833 2282,1836 2341,1839 2399,1843 2457,1846 2515,1849 2573,1852 2631,1856 2689,1859 2747,1862 2805,1866 2863,1869 2922,1872"/>
                <TextEquiv>
                    <Unicode>bekannte. Er fühlt sich zu alt, er weicht vor der Jugend,</Unicode>
                </TextEquiv>
            </TextLine>
            <TextLine id="r1l23" custom="readingOrder {index:22;}">
                <Coords points="1743,1852 2936,1928 2942,1867 1745,1817"/>
                <Baseline points="1758,1848 1816,1851 1874,1853 1932,1856 1991,1859 2049,1862 2107,1865 2166,1869 2224,1872 2282,1876 2341,1880 2399,1883 2457,1886 2515,1890 2574,1893 2632,1896 2690,1900 2749,1903 2807,1905 2865,1908 2924,1910"/>
                <TextEquiv>
                    <Unicode>die er in dem Auge des sterbenden Fähnrichs aufblitzen</Unicode>
                </TextEquiv>
            </TextLine>
            <TextLine id="r1l24" custom="readingOrder {index:23;}">
                <Coords points="1746,1899 2836,1962 2936,1950 2939,1901 1748,1853"/>
                <Baseline points="1760,1885 1818,1889 1876,1891 1934,1894 1992,1897 2050,1900 2108,1903 2166,1906 2224,1910 2282,1913 2340,1917 2398,1920 2456,1923 2514,1926 2572,1929 2630,1933 2688,1936 2746,1939 2804,1942 2862,1945 2921,1948"/>
                <TextEquiv>
                    <Unicode>sah. Das Stück ist von einer nachdenklichen, resignierten</Unicode>
                </TextEquiv>
            </TextLine>
            <TextLine id="r1l25" custom="readingOrder {index:24;}">
                <Coords points="1753,1923 2930,2009 2904,1946 1755,1891"/>
                <Baseline points="1768,1927 1825,1929 1882,1931 1940,1933 1997,1935 2055,1938 2112,1941 2170,1944 2227,1947 2285,1951 2342,1954 2399,1958 2457,1961 2514,1965 2572,1968 2629,1972 2687,1975 2744,1978 2802,1981 2859,1984 2917,1986"/>
                <TextEquiv>
                    <Unicode>Stimmung erfüllt, die man im ersten und vierten Akt am</Unicode>
                </TextEquiv>
            </TextLine>
            <TextLine id="r1l26" custom="readingOrder {index:25;}">
                <Coords points="1753,1964 2923,2023 2838,1983 1756,1924"/>
                <Baseline points="1769,1962 1826,1965 1883,1968 1940,1970 1997,1974 2054,1977 2111,1980 2168,1983 2225,1987 2282,1990 2339,1994 2396,1997 2453,2000 2510,2004 2567,2007 2624,2010 2681,2013 2738,2015 2795,2018 2852,2020 2909,2021"/>
                <TextEquiv>
                    <Unicode>stärksten spürt. Die packendste und dramatischste Szene des</Unicode>
                </TextEquiv>
            </TextLine>
            <TextLine id="r1l27" custom="readingOrder {index:26;}">
                <Coords points="871,1990 964,2014 985,1997 1092,2016 1113,1999 1383,2027 1465,2013 1469,1928 1341,1915 1313,1893 1262,1912 1070,1913 876,1865"/>
                <Baseline points="887,1987 915,1989 943,1989 971,1991 999,1992 1028,1994 1056,1995 1084,1997 1112,1998 1140,1999 1169,2001 1197,2002 1225,2003 1253,2004 1281,2005 1310,2005 1338,2006 1366,2006 1394,2007 1422,2007 1451,2007"/>
                <TextEquiv>
                    <Unicode>Theater und Mufik</Unicode>
                </TextEquiv>
            </TextLine>
            <TextLine id="r1l28" custom="readingOrder {index:27;}">
                <Coords points="1739,2000 2926,2068 2927,2039 2814,2021 1741,1962"/>
                <Baseline points="1754,2003 1815,2005 1876,2007 1937,2010 1998,2013 2059,2016 2120,2018 2181,2022 2242,2026 2303,2029 2364,2032 2425,2036 2486,2040 2547,2043 2608,2046 2669,2049 2730,2053 2791,2056 2852,2057 2913,2060"/>
                <TextEquiv>
                    <Unicode>Werkes enthält der fünste Akt: die Rückkehr Hofreiters vom</Unicode>
                </TextEquiv>
            </TextLine>
            <TextLine id="r1l29" custom="readingOrder {index:28;}">
                <Coords points="1740,2035 2922,2097 2923,2067 2798,2055 1742,2003"/>
                <Baseline points="1754,2039 1811,2042 1869,2045 1926,2048 1984,2052 2042,2054 2099,2058 2157,2061 2215,2064 2272,2067 2330,2070 2388,2074 2445,2077 2503,2080 2561,2083 2618,2085 2676,2088 2734,2091 2791,2093 2849,2096 2907,2098"/>
                <TextEquiv>
                    <Unicode>Duell und sein Zusammentreffen mit der Mutter des Ge¬</Unicode>
                </TextEquiv>
            </TextLine>
            <TextLine id="r1l30" custom="readingOrder {index:29;}">
                <Coords points="644,2031 2937,2145 646,1982"/>
                <Baseline points="657,2026 770,2031 883,2036 996,2041 1109,2046 1223,2052 1336,2057 1449,2063 1562,2068 1675,2074 1789,2079 1902,2085 2015,2091 2128,2096 2241,2103 2355,2109 2468,2115 2581,2122 2694,2128 2807,2135 2921,2142"/>
                <TextEquiv>
                    <Unicode>* Arthur Schnitzlers Tragikomödie Das weite Land.s töteten. Am meisten äußerliche Bewegung und Handlung</Unicode>
                </TextEquiv>
            </TextLine>
            <TextLine id="r1l31" custom="readingOrder {index:30;}">
                <Coords points="571,2073 1721,2119 1731,2075 572,2032"/>
                <Baseline points="585,2065 641,2067 698,2070 754,2072 811,2075 867,2077 924,2079 980,2081 1037,2083 1093,2086 1150,2088 1206,2090 1263,2092 1319,2094 1376,2096 1432,2098 1489,2101 1545,2103 1602,2106 1658,2109 1715,2112"/>
                <TextEquiv>
                    <Unicode>Wien., 14.=Oln In-Berlin und Wien, München, Prag und</Unicode>
                </TextEquiv>
            </TextLine>
            <TextLine id="r1l32" custom="readingOrder {index:31;}">
                <Coords points="566,2112 1734,2161 1735,2117 1657,2108 568,2077"/>
                <Baseline points="581,2107 638,2108 695,2110 752,2112 809,2114 866,2116 923,2118 980,2120 1037,2122 1094,2125 1151,2127 1208,2130 1265,2132 1322,2134 1379,2136 1436,2138 1493,2141 1550,2142 1607,2143 1664,2145 1721,2146"/>
                <TextEquiv>
                    <Unicode>noch einigen Städten wurde heute das neue Werk Arthur</Unicode>
                </TextEquiv>
            </TextLine>
            <TextLine id="r1l33" custom="readingOrder {index:32;}">
                <Coords points="1742,2121 2801,2189 2924,2181 2926,2146 1744,2083"/>
                <Baseline points="1757,2116 1814,2119 1872,2122 1929,2124 1987,2128 2045,2132 2102,2134 2160,2138 2217,2141 2275,2145 2333,2147 2390,2151 2448,2154 2505,2157 2563,2160 2621,2163 2678,2166 2736,2168 2793,2171 2851,2173 2909,2176"/>
                <TextEquiv>
                    <Unicode>enthält der dritte Akt, der in dem Dolomitenhotel spielt.</Unicode>
                </TextEquiv>
            </TextLine>
            <TextLine id="r1l34" custom="readingOrder {index:33;}">
                <Coords points="564,2144 1728,2195 1703,2150 565,2112"/>
                <Baseline points="578,2143 634,2147 691,2150 748,2153 805,2156 862,2158 919,2160 975,2163 1032,2164 1089,2166 1146,2168 1203,2170 1260,2171 1317,2173 1373,2174 1430,2176 1487,2177 1544,2179 1601,2181 1658,2183 1715,2184"/>
                <TextEquiv>
                    <Unicode>Schnitzlers gleichzeitlg gespielt. Ich zweifle, ob diese Tragi¬</Unicode>
                </TextEquiv>
            </TextLine>
            <TextLine id="r1l35" custom="readingOrder {index:34;}">
                <Coords points="1744,2161 2908,2232 2916,2180 1746,2118"/>
                <Baseline points="1760,2154 1817,2158 1874,2162 1931,2165 1988,2168 2045,2172 2102,2174 2159,2178 2216,2181 2273,2184 2330,2187 2387,2190 2444,2192 2501,2195 2558,2198 2615,2201 2672,2204 2729,2207 2786,2210 2843,2213 2901,2217"/>
                <TextEquiv>
                    <Unicode>Hier gibt es auch sehr viel episotistisches Füllsel, von dem</Unicode>
                </TextEquiv>
            </TextLine>
            <TextLine id="r1l36" custom="readingOrder {index:35;}">
                <Coords points="556,2200 1677,2240 1738,2227 1740,2186 557,2148"/>
                <Baseline points="571,2182 628,2186 686,2188 743,2191 801,2194 859,2196 916,2198 974,2200 1031,2202 1089,2204 1147,2205 1204,2207 1262,2209 1319,2211 1377,2213 1435,2214 1492,2217 1550,2219 1607,2221 1665,2223 1723,2226"/>
                <TextEquiv>
                    <Unicode>komödie eine Entwicklung des Dramatikers Schnitzler be¬</Unicode>
                </TextEquiv>
            </TextLine>
            <TextLine id="r1l37" custom="readingOrder {index:36;}">
                <Coords points="1742,2199 2890,2267 2905,2221 1744,2162"/>
                <Baseline points="1756,2191 1812,2196 1869,2199 1925,2204 1982,2207 2039,2210 2095,2213 2152,2217 2209,2220 2265,2223 2322,2226 2379,2228 2435,2231 2492,2234 2549,2237 2605,2240 2662,2242 2719,2245 2775,2248 2832,2251 2889,2254"/>
                <TextEquiv>
                    <Unicode>manches ziemlich konventionell und lustspielmäßig an¬</Unicode>
                </TextEquiv>
            </TextLine>
            <TextLine id="r1l38" custom="readingOrder {index:37;}">
                <Coords points="1732,2238 2921,2280 1735,2194"/>
                <Baseline points="1746,2229 1803,2232 1861,2236 1919,2239 1977,2242 2035,2246 2093,2249 2151,2253 2209,2256 2267,2259 2325,2262 2382,2265 2440,2268 2498,2272 2556,2275 2614,2278 2672,2281 2730,2284 2788,2287 2846,2290 2904,2292"/>
                <TextEquiv>
                    <Unicode>mutet. Aber manche bieser Nebenfiguren sind sehr eigen¬</Unicode>
                </TextEquiv>
            </TextLine>
            <TextLine id="r1l39" custom="readingOrder {index:38;}">
                <Coords points="557,2223 2887,2351 2917,2279 558,2200"/>
                <Baseline points="571,2224 687,2228 804,2231 920,2235 1037,2239 1153,2243 1270,2248 1386,2253 1503,2257 1619,2263 1736,2268 1852,2274 1969,2280 2085,2286 2202,2293 2318,2299 2435,2306 2551,2312 2668,2319 2784,2326 2901,2334"/>
                <TextEquiv>
                    <Unicode>deutet. Eher scheint mir dieses Werk zurückzuführen zufartig, zum Beispiel der philosophische und gebildete Hotel¬</Unicode>
                </TextEquiv>
            </TextLine>
            <TextLine id="r1l40" custom="readingOrder {index:39;}">
                <Coords points="564,2271 2606,2382 2918,2330 566,2221"/>
                <Baseline points="579,2263 695,2266 811,2270 927,2273 1043,2277 1159,2282 1275,2287 1391,2292 1507,2297 1623,2302 1739,2308 1855,2314 1971,2321 2087,2327 2203,2333 2319,2340 2435,2346 2551,2353 2667,2359 2783,2366 2900,2373"/>
                <TextEquiv>
                    <Unicode>früheren Dichtungen; zum Zwischenspiel und zum Ein=irektor, und er spricht auch das Leitmotiv des Stückes aus:</Unicode>
                </TextEquiv>
            </TextLine>
            <TextLine id="r1l41" custom="readingOrder {index:40;}">
                <Coords points="564,2309 2350,2349 566,2263"/>
                <Baseline points="578,2302 665,2304 753,2306 841,2309 929,2312 1017,2315 1105,2318 1192,2321 1280,2325 1368,2329 1456,2333 1544,2337 1632,2342 1720,2346 1807,2350 1895,2355 1983,2360 2071,2364 2159,2370 2247,2375 2335,2380"/>
                <TextEquiv>
                    <Unicode>samen Weg, dessen tiefgründig nachdenkliche, kompliziert Wie Seele ist das weite Land.</Unicode>
                </TextEquiv>
            </TextLine>
            <TextLine id="r1l42" custom="readingOrder {index:41;}">
                <Coords points="558,2353 1740,2394 1759,2348 559,2304"/>
                <Baseline points="573,2338 631,2339 690,2341 748,2344 807,2345 865,2347 924,2350 982,2352 1041,2354 1099,2356 1158,2359 1217,2360 1275,2363 1334,2365 1392,2367 1451,2369 1509,2371 1568,2374 1626,2376 1685,2378 1744,2380"/>
                <TextEquiv>
                    <Unicode>verinnerlichte Art sich hier wiederfindet. Auch hier handelt</Unicode>
                </TextEquiv>
            </TextLine>
            <TextLine id="r1l43" custom="readingOrder {index:42;}">
                <Coords points="559,2383 1749,2443 1725,2378 560,2354"/>
                <Baseline points="573,2377 631,2379 689,2381 747,2384 805,2386 863,2387 921,2390 979,2392 1037,2394 1095,2396 1154,2398 1212,2400 1270,2402 1328,2404 1386,2406 1444,2407 1502,2409 1560,2411 1618,2412 1676,2414 1735,2415"/>
                <TextEquiv>
                    <Unicode>es sich um die Tragik des innerlich Einsamen und Altern¬</Unicode>
                </TextEquiv>
            </TextLine>
            <TextLine id="r1l44" custom="readingOrder {index:43;}">
                <Coords points="1737,2441 1769,2439 1777,2432 1786,2438 1865,2433 1890,2416 1906,2427 1932,2423 1927,2356 1793,2355 1765,2378 1753,2370 1733,2371"/>
                <Baseline points="1751,2413 1778,2414 1805,2413 1833,2412 1860,2410 1887,2407 1915,2403"/>
                <TextEquiv>
                    <Unicode></Unicode>
                </TextEquiv>
            </TextLine>
            <TextLine id="r1l45" custom="readingOrder {index:44;}">
                <Coords points="2690,2431 2757,2430 2780,2442 2806,2443 2830,2426 2851,2427 2863,2415 2877,2428 2891,2428 2893,2376 2840,2380 2817,2367 2809,2373 2791,2364 2768,2378 2739,2362 2721,2373 2692,2369"/>
                <Baseline points="2706,2413 2734,2408 2762,2406 2791,2407 2819,2410 2847,2413 2876,2414"/>
                <TextEquiv>
                    <Unicode> I. I. „</Unicode>
                </TextEquiv>
            </TextLine>
            <TextLine id="r1l46" custom="readingOrder {index:45;}">
                <Coords points="549,2426 1339,2435 1422,2470 1726,2460 1747,2428 550,2391"/>
                <Baseline points="565,2416 623,2418 681,2420 739,2422 798,2424 856,2426 914,2428 973,2430 1031,2432 1089,2435 1148,2436 1206,2438 1264,2440 1322,2442 1381,2444 1439,2446 1497,2448 1556,2449 1614,2451 1672,2452 1731,2454"/>
                <TextEquiv>
                    <Unicode>den. Der Fabrikant Hofreiter lebt mit seiner jungen Frauk</Unicode>
                </TextEquiv>
            </TextLine>
            <TextLine id="r1l47" custom="readingOrder {index:46;}">
                <Coords points="553,2456 1752,2514 1754,2455 554,2421"/>
                <Baseline points="569,2456 627,2458 686,2459 744,2461 803,2463 861,2464 920,2466 978,2469 1037,2470 1095,2473 1154,2475 1212,2477 1271,2479 1329,2482 1388,2484 1446,2485 1505,2487 1563,2489 1622,2490 1680,2492 1739,2493"/>
                <TextEquiv>
                    <Unicode>Genia in einex Villa in Baden bei Wien. Der erste Akti</Unicode>
                </TextEquiv>
            </TextLine>
            <TextLine id="r1l48" custom="readingOrder {index:47;}">
                <Coords points="557,2506 1752,2537 1753,2493 559,2447"/>
                <Baseline points="571,2495 629,2496 687,2497 745,2498 804,2499 862,2502 920,2504 978,2506 1037,2508 1095,2511 1153,2513 1211,2516 1270,2518 1328,2520 1386,2522 1444,2524 1503,2525 1561,2527 1619,2528 1677,2528 1736,2528"/>
                <TextEquiv>
                    <Unicode>setzt mit einer echt Schnitzlerschen Stimmung ein: die</Unicode>
                </TextEquiv>
            </TextLine>
            <TextLine id="r1l49" custom="readingOrder {index:48;}">
                <Coords points="548,2530 1610,2580 1709,2578 1749,2538 549,2498"/>
                <Baseline points="561,2534 619,2533 678,2534 736,2535 795,2536 854,2538 912,2539 971,2542 1029,2544 1088,2546 1147,2549 1205,2552 1264,2554 1322,2557 1381,2560 1440,2562 1498,2564 1557,2566 1615,2567 1674,2568 1733,2568"/>
                <TextEquiv>
                    <Unicode>Hauptsiguren kommen von dem Leichenbegängnis eines be¬</Unicode>
                </TextEquiv>
            </TextLine>
            <TextLine id="r1l50" custom="readingOrder {index:49;}">
                <Coords points="551,2581 1637,2621 1739,2610 1741,2563 553,2535"/>
                <Baseline points="567,2574 624,2574 682,2574 740,2575 798,2576 856,2577 914,2579 972,2581 1030,2583 1088,2585 1146,2588 1203,2590 1261,2592 1319,2595 1377,2597 1435,2599 1493,2602 1551,2603 1609,2605 1667,2607 1725,2608"/>
                <TextEquiv>
                    <Unicode>rühmten Pianisten, der sich erschossen hat. Man führt nach¬</Unicode>
                </TextEquiv>
            </TextLine>
            <TextLine id="r1l51" custom="readingOrder {index:50;}">
                <Coords points="551,2611 1724,2666 1743,2612 552,2579"/>
                <Baseline points="565,2610 623,2610 681,2611 739,2612 797,2614 855,2616 913,2618 971,2620 1029,2622 1087,2625 1146,2627 1204,2630 1262,2632 1320,2634 1378,2636 1436,2638 1494,2640 1552,2642 1610,2643 1668,2644 1727,2645"/>
                <TextEquiv>
                    <Unicode>denkliche und gleichmütige Gespräche über den Tob und</Unicode>
                </TextEquiv>
            </TextLine>
            <TextLine id="r1l52" custom="readingOrder {index:51;}">
                <Coords points="548,2657 1704,2699 1744,2645 549,2613"/>
                <Baseline points="564,2648 622,2649 680,2650 738,2652 796,2653 855,2655 913,2657 971,2659 1029,2661 1087,2663 1146,2665 1204,2667 1262,2670 1320,2672 1378,2674 1437,2676 1495,2678 1553,2680 1611,2682 1669,2683 1728,2685"/>
                <TextEquiv>
                    <Unicode>stellt Vermutungen über die Ursache des Selbstmordes auf.</Unicode>
                </TextEquiv>
            </TextLine>
            <TextLine id="r1l53" custom="readingOrder {index:52;}">
                <Coords points="545,2684 1476,2736 1733,2734 1735,2690 546,2655"/>
                <Baseline points="561,2686 618,2687 676,2689 734,2690 792,2692 850,2694 908,2696 966,2698 1024,2700 1082,2703 1140,2704 1197,2706 1255,2709 1313,2711 1371,2713 1429,2715 1487,2717 1545,2719 1603,2721 1661,2722 1719,2724"/>
                <TextEquiv>
                    <Unicode>Man glaubt allgemein, der Pianist habe sich aus un¬</Unicode>
                </TextEquiv>
            </TextLine>
            <TextLine id="r1l54" custom="readingOrder {index:53;}">
                <Coords points="535,2723 1744,2767 1710,2722 536,2686"/>
                <Baseline points="551,2724 609,2725 668,2726 727,2727 786,2729 845,2731 904,2733 962,2736 1021,2738 1080,2741 1139,2743 1198,2745 1257,2748 1316,2750 1374,2752 1433,2754 1492,2755 1551,2756 1610,2757 1669,2758 1728,2757"/>
                <TextEquiv>
                    <Unicode>befriedigtem Ehrgeiz das Leben genommen. Nur Hof¬</Unicode>
                </TextEquiv>
            </TextLine>
            <TextLine id="r1l55" custom="readingOrder {index:54;}">
                <Coords points="536,2761 1739,2809 1740,2765 1618,2753 537,2726"/>
                <Baseline points="551,2764 609,2764 668,2765 726,2766 785,2767 844,2769 902,2771 961,2773 1020,2775 1078,2777 1137,2780 1196,2782 1254,2785 1313,2787 1372,2789 1430,2791 1489,2793 1548,2794 1606,2795 1665,2796 1724,2796"/>
                <TextEquiv>
                    <Unicode>reiter ahnt einen anderen Grund. In einem Gespräch mit</Unicode>
                </TextEquiv>
            </TextLine>
            <TextLine id="r1l56" custom="readingOrder {index:55;}">
                <Coords points="538,2799 1738,2844 1739,2797 539,2764"/>
                <Baseline points="554,2802 612,2804 670,2805 729,2807 787,2808 846,2810 904,2812 962,2813 1021,2816 1079,2818 1138,2820 1196,2822 1254,2824 1313,2826 1371,2828 1430,2830 1488,2832 1546,2833 1605,2836 1663,2837 1722,2839"/>
                <TextEquiv>
                    <Unicode>seiner Frau wird die Ahnung zur Gewißheit. Der Pianist</Unicode>
                </TextEquiv>
            </TextLine>
            <TextLine id="r1l57" custom="readingOrder {index:56;}">
                <Coords points="539,2842 1628,2889 1733,2883 1734,2854 540,2804"/>
                <Baseline points="553,2839 611,2841 669,2843 727,2844 786,2846 844,2848 902,2850 960,2852 1019,2854 1077,2856 1135,2858 1193,2860 1252,2862 1310,2864 1368,2865 1426,2867 1485,2869 1543,2871 1601,2872 1659,2874 1718,2875"/>
                <TextEquiv>
                    <Unicode>hat sich aus unglücklicher hoffnungsloser Liebe zu Genia</Unicode>
                </TextEquiv>
            </TextLine>
            <TextLine id="r1l58" custom="readingOrder {index:57;}">
                <Coords points="533,2877 1636,2929 1741,2923 1743,2880 534,2842"/>
                <Baseline points="549,2877 611,2880 673,2882 735,2883 797,2885 859,2887 921,2889 983,2891 1045,2893 1107,2895 1169,2897 1231,2899 1293,2901 1355,2902 1417,2905 1479,2907 1541,2908 1603,2911 1665,2913 1728,2915"/>
                <TextEquiv>
                    <Unicode>umgebracht. Sie selbst zeigt ihrem Mann einen Brief, den</Unicode>
                </TextEquiv>
            </TextLine>
            <TextLine id="r1l59" custom="readingOrder {index:58;}">
                <Coords points="532,2908 1717,2957 1718,2922 1660,2918 533,2876"/>
                <Baseline points="547,2915 604,2917 662,2919 720,2921 778,2922 836,2924 893,2926 951,2928 1009,2930 1067,2932 1125,2934 1182,2936 1240,2939 1298,2940 1356,2942 1414,2944 1471,2947 1529,2949 1587,2950 1645,2953 1703,2955"/>
                <TextEquiv>
                    <Unicode>der Pianist eine Stunde vor seinem Selbstmord an sie ge¬</Unicode>
                </TextEquiv>
            </TextLine>
            <TextLine id="r1l60" custom="readingOrder {index:59;}">
                <Coords points="533,2953 617,2967 644,2958 678,2965 696,2954 713,2969 786,2970 812,2962 813,2933 717,2922 691,2936 676,2921 659,2930 636,2914 603,2925 534,2912"/>
                <Baseline points="546,2955 571,2956 596,2956 621,2958 646,2959 672,2960 697,2961 722,2961 747,2961 772,2960 798,2959"/>
                <TextEquiv>
                    <Unicode>richtet hat.</Unicode>
                </TextEquiv>
            </TextLine>
            <TextLine id="r1l61" custom="readingOrder {index:60;}">
                <Coords points="797,2960 1735,3001 1736,2948 798,2937"/>
                <Baseline points="812,2960 857,2963 902,2964 948,2966 993,2968 1038,2970 1084,2971 1129,2973 1174,2975 1220,2976 1265,2977 1310,2979 1356,2980 1401,2981 1446,2983 1492,2984 1537,2986 1582,2988 1628,2989 1673,2991 1719,2993"/>
                <TextEquiv>
                    <Unicode>In den übrigen Szenen des ersten Aktes</Unicode>
                </TextEquiv>
            </TextLine>
            <TextLine id="r1l62" custom="readingOrder {index:61;}">
                <Coords points="535,3003 1411,3043 1697,3038 1733,2998 536,2944"/>
                <Baseline points="550,2993 608,2995 666,2997 725,2998 783,3000 841,3001 900,3003 958,3005 1016,3006 1075,3008 1133,3010 1191,3012 1250,3014 1308,3015 1366,3018 1425,3019 1483,3022 1541,3025 1600,3027 1658,3030 1717,3033"/>
                <TextEquiv>
                    <Unicode>werden die sonstigen Figuren des Stückes eingeführt: eine</Unicode>
                </TextEquiv>
            </TextLine>
            <TextLine id="r1l63" custom="readingOrder {index:62;}">
                <Coords points="540,3033 1734,3074 1735,3019 541,3001"/>
                <Baseline points="554,3031 612,3033 670,3034 728,3036 787,3037 845,3039 903,3041 961,3043 1020,3045 1078,3047 1136,3050 1194,3052 1253,3054 1311,3056 1369,3058 1427,3060 1486,3062 1544,3064 1602,3066 1660,3068 1719,3070"/>
                <TextEquiv>
                    <Unicode>Frau Wahl und ihre Tochter Erna, ein junges kluges</Unicode>
                </TextEquiv>
            </TextLine>
            <TextLine id="r1l64" custom="readingOrder {index:63;}">
                <Coords points="532,3068 1723,3114 1724,3076 1573,3065 533,3033"/>
                <Baseline points="547,3073 605,3074 663,3074 721,3075 779,3076 837,3078 895,3079 953,3081 1011,3083 1069,3085 1127,3087 1185,3090 1243,3092 1301,3095 1359,3097 1417,3099 1475,3101 1533,3103 1591,3105 1649,3107 1707,3109"/>
                <TextEquiv>
                    <Unicode>Mädchen, eine Schauspielerin und ihr Sohn Otto, ein</Unicode>
                </TextEquiv>
            </TextLine>
            <TextLine id="r1l65" custom="readingOrder {index:64;}">
                <Coords points="533,3132 1725,3160 1727,3107 535,3073"/>
                <Baseline points="549,3114 607,3114 665,3113 723,3113 781,3114 839,3115 897,3117 955,3118 1013,3120 1071,3122 1130,3125 1188,3127 1246,3130 1304,3132 1362,3135 1420,3138 1478,3140 1536,3142 1594,3144 1652,3145 1711,3147"/>
                <TextEquiv>
                    <Unicode>junger sympathischer Marinesähnrich. Hauptsächlich wird</Unicode>
                </TextEquiv>
            </TextLine>
            <TextLine id="r1l66" custom="readingOrder {index:65;}">
                <Coords points="531,3146 1626,3197 1729,3162 532,3120"/>
                <Baseline points="545,3148 603,3149 661,3150 720,3152 778,3154 837,3155 895,3157 953,3159 1012,3161 1070,3163 1129,3165 1187,3167 1245,3169 1304,3171 1362,3173 1421,3175 1479,3177 1537,3179 1596,3182 1654,3183 1713,3186"/>
                <TextEquiv>
                    <Unicode>aber das Verhältnis der beiden Ehegatten zueinander!</Unicode>
                </TextEquiv>
            </TextLine>
            <TextLine id="r1l67" custom="readingOrder {index:66;}">
                <Coords points="524,3185 1671,3233 1720,3182 525,3150"/>
                <Baseline points="539,3188 597,3189 655,3190 713,3191 772,3192 830,3194 888,3195 947,3197 1005,3199 1063,3201 1122,3203 1180,3205 1238,3207 1296,3209 1355,3212 1413,3214 1471,3215 1530,3217 1588,3219 1646,3220 1705,3221"/>
                <TextEquiv>
                    <Unicode>charakterisiert. Er betrügt Genia fortwährend und sie er¬</Unicode>
                </TextEquiv>
            </TextLine>
            <TextLine id="r1l68" custom="readingOrder {index:67;}">
                <Coords points="528,3221 1718,3283 1720,3219 528,3198"/>
                <Baseline points="542,3227 600,3228 658,3229 716,3230 774,3232 832,3233 890,3235 949,3237 1007,3239 1065,3241 1123,3243 1181,3245 1239,3247 1297,3249 1356,3252 1414,3254 1472,3255 1530,3257 1588,3259 1646,3261 1705,3262"/>
                <TextEquiv>
                    <Unicode>fährt alles. Aber es ist ihr gleich, denn sie denkt nicht daran,</Unicode>
                </TextEquiv>
            </TextLine>
            <TextLine id="r1l69" custom="readingOrder {index:68;}">
                <Coords points="535,3268 1723,3330 1725,3254 537,3227"/>
                <Baseline points="549,3264 607,3266 665,3269 723,3270 781,3273 839,3274 897,3276 955,3278 1013,3280 1071,3282 1129,3283 1187,3285 1245,3287 1303,3289 1361,3291 1419,3293 1477,3295 1535,3296 1593,3298 1651,3301 1710,3303"/>
                <TextEquiv>
                    <Unicode>sich zu rächen. Hofreiter jedoch kann den Zwischenfall mit</Unicode>
                </TextEquiv>
            </TextLine>
            <TextLine id="r1l70" custom="readingOrder {index:69;}">
                <Coords points="521,3303 1694,3355 1725,3318 522,3274"/>
                <Baseline points="537,3302 595,3304 654,3306 712,3308 771,3310 830,3312 888,3314 947,3316 1005,3317 1064,3320 1123,3321 1181,3323 1240,3325 1298,3327 1357,3329 1416,3331 1474,3333 1533,3336 1591,3338 1650,3340 1709,3343"/>
                <TextEquiv>
                    <Unicode>dem Pianisten nicht vergessen. Es ist ihm ein unerträg¬</Unicode>
                </TextEquiv>
            </TextLine>
            <TextLine id="r1l71" custom="readingOrder {index:70;}">
                <Coords points="523,3339 1688,3395 1713,3338 524,3310"/>
                <Baseline points="538,3342 596,3342 654,3342 712,3343 770,3344 828,3346 886,3348 944,3349 1002,3351 1060,3354 1118,3356 1176,3358 1234,3361 1292,3363 1350,3366 1408,3368 1466,3370 1524,3373 1582,3375 1640,3377 1698,3378"/>
                <TextEquiv>
                    <Unicode>licher Gedanke, daß jemand gestorben ist, weil seine Frau</Unicode>
                </TextEquiv>
            </TextLine>
            <TextLine id="r1l72" custom="readingOrder {index:71;}">
                <Coords points="530,3381 1712,3426 1714,3370 531,3346"/>
                <Baseline points="543,3377 600,3377 658,3378 716,3379 774,3381 832,3382 889,3385 947,3387 1005,3389 1063,3391 1121,3393 1178,3396 1236,3398 1294,3400 1352,3403 1410,3405 1467,3407 1525,3409 1583,3411 1641,3412 1699,3414"/>
                <TextEquiv>
                    <Unicode>so unerbittlich und tugendhaft war. Er braucht einen Orts¬</Unicode>
                </TextEquiv>
            </TextLine>
            <TextLine id="r1l73" custom="readingOrder {index:72;}">
                <Coords points="512,3426 1717,3481 1708,3407 513,3386"/>
                <Baseline points="528,3413 586,3417 645,3420 704,3422 763,3425 821,3427 880,3429 939,3432 998,3434 1056,3436 1115,3437 1174,3439 1233,3441 1291,3443 1350,3445 1409,3447 1468,3449 1526,3451 1585,3453 1644,3455 1703,3458"/>
                <TextEquiv>
                    <Unicode>wechsel und fährt in die Dolomiten. Dort, in einem Hotel</Unicode>
                </TextEquiv>
            </TextLine>
            <TextLine id="r1l74" custom="readingOrder {index:73;}">
                <Coords points="525,3466 1707,3506 1700,3456 526,3425"/>
                <Baseline points="540,3459 597,3459 655,3460 713,3461 770,3462 828,3464 886,3466 943,3467 1001,3469 1059,3472 1117,3474 1174,3476 1232,3478 1290,3481 1347,3483 1405,3484 1463,3486 1520,3488 1578,3489 1636,3490 1694,3491"/>
                <TextEquiv>
                    <Unicode>am Völser Weiher, spielt der dritte Akt. Hier treffen mit</Unicode>
                </TextEquiv>
            </TextLine>
            <TextEquiv>
                <Unicode>box 29/1
24. Das veite-Land
M
Ausnahme von Genia alle Figuren des Stückes zusammen,
und Hofreiter begegnet auch Erna, in die er sich verliebt
hat. In der Nähe des Ortes gibt es einen Turm, den
Aigenturm, von dem vor 15 Jahren ein Freund Hofreiters“
abgestüzrt ist und seither hat sich niemand mehr getraut, den #
Turm zu besteigen. Hofreiter wagt es, und zwar in Ge¬
sellschaft Ernas. Er will sich von seiner Frau scheiden
lassen, um Erna zu heiraien. Sie küssen sich, und sie sagt
ihm, daß er heute nacht ihre Tür offen finden werde. In¬
zwischen hat Hofreiters Frau Genia in Baden mit jenem
Fähnrich ein Verhältnis begonnen. Die Sache kommt
Grescher Anzeiger, Dresder¬
Hofreiter in skandalöser Weise zu Ohren, und obwohl ihm
die Angelegenheit ziemlich gleichgültig ist, muß er sich mit
dem Fähnrich schlagen. Er erschießt ihn im Duell und da¬
mie ist das letzte Band zwischen den Ehegatten zerrissen.
S. 10. 1911
Er will verschwinden nach Amerika, irgendwo ins Un¬
bekannte. Er fühlt sich zu alt, er weicht vor der Jugend,
die er in dem Auge des sterbenden Fähnrichs aufblitzen
sah. Das Stück ist von einer nachdenklichen, resignierten
Stimmung erfüllt, die man im ersten und vierten Akt am
stärksten spürt. Die packendste und dramatischste Szene des
Theater und Mufik
Werkes enthält der fünste Akt: die Rückkehr Hofreiters vom
Duell und sein Zusammentreffen mit der Mutter des Ge¬
* Arthur Schnitzlers Tragikomödie Das weite Land.s töteten. Am meisten äußerliche Bewegung und Handlung
Wien., 14.=Oln In-Berlin und Wien, München, Prag und
noch einigen Städten wurde heute das neue Werk Arthur
enthält der dritte Akt, der in dem Dolomitenhotel spielt.
Schnitzlers gleichzeitlg gespielt. Ich zweifle, ob diese Tragi¬
Hier gibt es auch sehr viel episotistisches Füllsel, von dem
komödie eine Entwicklung des Dramatikers Schnitzler be¬
manches ziemlich konventionell und lustspielmäßig an¬
mutet. Aber manche bieser Nebenfiguren sind sehr eigen¬
deutet. Eher scheint mir dieses Werk zurückzuführen zufartig, zum Beispiel der philosophische und gebildete Hotel¬
früheren Dichtungen; zum Zwischenspiel und zum Ein=irektor, und er spricht auch das Leitmotiv des Stückes aus:
samen Weg, dessen tiefgründig nachdenkliche, kompliziert Wie Seele ist das weite Land.
verinnerlichte Art sich hier wiederfindet. Auch hier handelt
es sich um die Tragik des innerlich Einsamen und Altern¬

 I. I. „
den. Der Fabrikant Hofreiter lebt mit seiner jungen Frauk
Genia in einex Villa in Baden bei Wien. Der erste Akti
setzt mit einer echt Schnitzlerschen Stimmung ein: die
Hauptsiguren kommen von dem Leichenbegängnis eines be¬
rühmten Pianisten, der sich erschossen hat. Man führt nach¬
denkliche und gleichmütige Gespräche über den Tob und
stellt Vermutungen über die Ursache des Selbstmordes auf.
Man glaubt allgemein, der Pianist habe sich aus un¬
befriedigtem Ehrgeiz das Leben genommen. Nur Hof¬
reiter ahnt einen anderen Grund. In einem Gespräch mit
seiner Frau wird die Ahnung zur Gewißheit. Der Pianist
hat sich aus unglücklicher hoffnungsloser Liebe zu Genia
umgebracht. Sie selbst zeigt ihrem Mann einen Brief, den
der Pianist eine Stunde vor seinem Selbstmord an sie ge¬
richtet hat.
In den übrigen Szenen des ersten Aktes
werden die sonstigen Figuren des Stückes eingeführt: eine
Frau Wahl und ihre Tochter Erna, ein junges kluges
Mädchen, eine Schauspielerin und ihr Sohn Otto, ein
junger sympathischer Marinesähnrich. Hauptsächlich wird
aber das Verhältnis der beiden Ehegatten zueinander!
charakterisiert. Er betrügt Genia fortwährend und sie er¬
fährt alles. Aber es ist ihr gleich, denn sie denkt nicht daran,
sich zu rächen. Hofreiter jedoch kann den Zwischenfall mit
dem Pianisten nicht vergessen. Es ist ihm ein unerträg¬
licher Gedanke, daß jemand gestorben ist, weil seine Frau
so unerbittlich und tugendhaft war. Er braucht einen Orts¬
wechsel und fährt in die Dolomiten. Dort, in einem Hotel
am Völser Weiher, spielt der dritte Akt. Hier treffen mit</Unicode>
            </TextEquiv>
        </TextRegion>
    </Page>
</PcGts>
