3392 4256
301 62 1266 184 24. Das weite-Land
1426 85 1866 174 box 29/4
536 406 1247 522 Klose & Seidel
588 510 1208 584 Bureau für Zeitungsausschnitte
542 567 1252 635 Berlin NO. 43, Georgenkirchplats 21
521 733 1354 849 ZeitungHlannov. Courier
521 803 657 876 Ort:
516 863 730 953 Datum:
675 925 1312 1012 ene
825 982 1039 1073 —
762 1035 1211 1128 # S. 60her
605 1126 1755 1185 Wie nicht anders zu erwarten war, haben sich natürlich
520 1183 1761 1233 Theatedirektoren gefunden, die Reklame, die der „Reigen“=
606 1223 1747 1275 #ß neuerdings für Arthur Schnitzler gemacht hat,
535 1263 1745 1306 auszinutzen. Die Gebrüder Rotter glaubten das fünfaktige
530 1302 1764 1345 Schkuspiel „Das weite Land“ im Residenztheater
534 1344 1760 1405 vom Staub der zehn Jahre, die seit der Uraufführung im
528 1382 1757 1425 Lessingtheater darauf gefallen sind, befreien zu müssen. Ein
537 1422 1759 1493 künstlerischer oder geistiger Grund ist nicht ersichtlich für das
529 1463 1746 1515 Wiederaufnahmeverfahren, denn auch Irene Triesch könnte
533 1508 1743 1557 von sich aus keine innere Notwendigkeit zu erkennen geben,
530 1546 1764 1598 noch inmal die Rolle der Genia Hofreiter zu gestalten. Wenn
529 1582 1745 1628 man hier überhaupt von Gestattung sprechen will, da doch
529 1624 1755 1695 nur Technik, Raffinement, bestenfalls, „verstarzeskühler Trieb
530 1659 737 1722 herrschen.
602 1677 1736 1753 Heutiges Empfinden hat wirklich### gemein mit
519 1734 1327 1815 dieser Dialogarbeit, von der ### gewit
1478 1743 1741 1803 liche Gute
1197 1755 1743 1843 wiener###rnd, geist¬
526 1780 1076 1836 sagen kann. Beiworte ale
1582 1813 1747 1888 können
536 1822 1439 1890 voll=graziös, schnitzlerisch Frau und so we
1236 1929 1323 1971 —
494 1965 1666 2038 ier angewandt werden. Aber welche Erlebnisse, welche Not¬
1698 1985 2906 2036 Aufmachung, ### den Nachteil hat, auch nur mit Sonderkräften
487 2022 1668 2075 zendigkeiten charakterisiert man damit, welche Innerlichkeit
1698 2035 2905 2077 zu arbeiten. Sonverkräfte sind hier aber siets Kräfte zweiten
487 2061 1673 2128 lüht auf? Bleibt dies alles nicht Gerede und Psychoanalyse,
1700 2070 2915 2125 Grades. Die junge Dichtung braucht jedoch, gerade wie einst
477 2086 995 2153 ie gar nicht fesseln kann?
1694 2110 2908 2161 Gerhart Hauptmanns erstes Erscheinen, der besten Mitarbeit,
551 2131 1672 2200 Es sehlt im Eheschicksal der Hofreiter die zwischen Liebe
1705 2150 2922 2222 denn junger Dichtung ist das Fehlen der anschaulichen Gestal¬
459 2188 1681 2225 ind Nichtliebe, Betrug und Abneigung, Fesselung und Befreiung
1694 2189 2237 2254 tungskraft typisch zu eigen.
474 2215 1676 2280 in= und hertaumeln, jedes tiefere Moment naturgebundenen
1751 2234 2897 2297 Die vier Akte „Passion“ vom jungen Paul Baudisch,
468 2266 1680 2320 Schicksalszwanges. Die hier offenbarte Differenziertheit nicht
1705 2270 2924 2341 von dem ich einen grotesk verzerrten Noman „Schlumpf“ und
470 2305 1669 2367 onstruiert, künstlich, denn nichts überzeugt und man fragt auch
1704 2315 2911 2366 geistig konzentrierte Aufsätze, „Fragmente“ (beide Ed. Stracke
465 2346 1674 2379 ach Ablauf der fünf Akte weiter: Kann das nicht alles anders
1699 2359 2923 2417 Verlag, Wien) kenne, offenbarten wieder die bekannten Mängel
455 2385 1682 2421 ein? Man sieht plötzlich mit erschreckender Deutlichkeit, welche
1700 2405 2924 2450 junger Dichtung, so daß es schon gar nicht lohnt, darauf einzu¬
463 2406 1675 2481 Oberflächlichkeit in diesem Stücke herrscht, das gewiß von jeher
1696 2439 2922 2486 gehen. Denn nicht dieses Fehlen der Gestaltungskraft, diese Un¬
457 2466 1683 2513 su Schnitzlers schwächsten Arbeiten gehörte, gerade darum aber
1701 2487 2913 2535 reife der dramatischen Spannung und die Gärung der tastenden,
453 2502 1349 2561 der Vergessenheit überantwortet bleiben sollte.
1694 2506 2919 2584 versuchenden, hin und her gezerrten Sprache ist das Entscheidende
521 2541 1679 2604 Distanzen wachsen auf! Geshart Hauptmanns „Peter
1704 2563 2920 2615 für die Stellungnahme dieser Dichtung gegenüber, sondern ihr
451 2586 1681 2657 Brauer“ erwies sic kürzlich bereits. Nun auch Arthur Schnitzler.
1697 2603 2909 2646 seelischer Eshalt, ihr letzter Sinn. Um ihn zu erleben, muß man
443 2627 1665 2677 Er ist der Geist, die Psychologie eines dahingesunkenen Zeitab¬
1700 2644 2913 2699 freilich Augen haben, die sehen, Ohren, die hören können. Da
453 2671 1669 2728 schnittes, einer schwindenden Generation. Den Zukünftigen,
1691 2680 2904 2738 die junge Dichtung aber stark mit lyrischen Unterströmen, mit
449 2721 1670 2770 heutiger Jugend hat Schnitzler nichts weiter zu sagen. Unsere
1684 2724 2904 2776 Halbbewußtheiten arbeitet, eben weil sie suchend und im Zu¬
448 2750 1675 2808 Sehnsucht geht andere als gestaltlose, psychoanalytische Wege,
1701 2756 2906 2826 stand des Werdens ist, so sind Instinkte, innerliche Kräfte zu
452 2785 1673 2852 sinnt den Notwendigkeiten des Daseins auf Grund reiner Mensch¬
1698 2801 2225 2849 ihrem Verstehen notwendig.
450 2837 1676 2885 lichkeit nach. Wo lebt bei Schnitzler das Ziel, das Ideal reiner
1747 2840 2912 2903 Denn es ist falsch, Paul Baudisch kurzweg als Intellek¬
450 2866 1675 2931 Menschlichkeit? Zergliedernde Darstellung dekadenter, zielloser,
1694 2891 2899 2934 tualisten abzutun. Gewiß herrscht bei ihm das Ringen um
449 2918 1672 2968 nervenzerrütteter Menschen: was soll uns dies? Auch der beste
1697 2928 2906 2984 geistige Erkenntnisschärfe vor: es ist das Ringen der Jugend
441 2959 1662 3030 Dialogstil kann über die Sinnlosigkeit dieser Art Dichtung nicht
1685 2975 2904 3023 um Klarheit überhaupt. Das Wesentliche seines Schöpferdranges
442 2986 761 3045 hinwegtäuschen.
1695 3011 2911 3072 ist aber vielmehr seine Religiosität; sie ist die Quelle seiner
528 3034 1664 3099 Zumal, wenn noch dazu eine Spielleitung Ungeschicklichkeit
1695 3048 2905 3097 Weltanschauung und Menschenerfassung. Von ihr aus sind allein
441 3076 1676 3134 neben Ungeschicklichkeit häuft und glaubt, mit ein paar „Promi¬
1685 3089 2902 3141 die vier Akte der „Passion“ zu erfassen. Dann enthüllt sich plötz¬
441 3117 1660 3171 nenten“ das Publikum einfangen zu können. Herr Korff er¬
1682 3133 2901 3189 lich ihre Einfachheit: das Jugenderlebnis, daß der Jüngling
445 3153 1666 3198 warb sich mit seiner Negie keinen Ruhm, desser fand er sich schon
1677 3172 2899 3207 nicht an das Verbrechertum glauben kann, sondern in jedem
439 3183 1658 3258 mit der Rolle des Ehemanns Hofreiter ab, in dessen elegante
1675 3208 2895 3258 Menschen den Heiligen sieht, liegt zugrunde. Antithetisch wird es
439 3233 1667 3297 Aeußerlichkeit or sogar einige Blutwärme brachte, auf die man
1680 3250 2902 3307 aufgebaut: der Jüngling Thomas erleidet seine „Passion“ weil
437 3280 1667 3328 bei Franz Schönfeld als Hoteldirektor ganz verzichten
1681 3287 2900 3348 er allzu geistig von jeder Getriebenheit des Lebens sich so sehr
444 3317 1432 3355 mußte. Von den andern Rollen ganz zu schweigen.
1680 3342 2899 3388 entfernt hat, daß Gott in ihm nicht mehr zu erwachen vermag:
528 3359 1664 3419 Einst wurde Arthur Schnitzler im Lessingtheater heraus¬
1686 3369 2904 3425 der Intellektualist, der sich selbst vernichtet. Ihm gegenüber steht
437 3402 1664 3460 gebracht: Brahm hielt sein Schaffen in der Kunstsphäre. Jetzt
1675 3408 2909 3454 der im Triebhaften wurzelnde Leidenschaftsmensch: trotz aller
434 3438 1660 3481 erscheint er im Residenztheater: die Gebrüder Rotter reihen ihn
1678 3451 2897 3522 Verbrechen erwacht in ihm eines Tages Gott: dämonische Reli¬
433 3476 1665 3542 in die Sphäre des neuen Reichtums, der neuen Gesellschaft ein.
1680 3488 2068 3556 glosität ist erkannt.
441 3511 1156 3565 Sieht man nicht hier Entwicklungen?
1751 3533 2873 3596 Baudisch — wider Willen ein psychopathischer Analytiker —
508 3556 1665 3624 Nachdem man im Revolutionswinter 1918/19 mit Urauf¬
1679 3573 2891 3635 sicht die Wesenskräfte des Daseias. Sie will er gestalten. Vor¬
434 3595 1662 3668 führungen junger Dichtung in Berlin verschwenderisch geprotzt
1676 3618 2891 3663 läufig gelingt ihm nur die Aussage über seine Erkenntnis durch
439 3641 1662 3709 hatte, ist der Mut dazu jetzt völlig verschwunden. Ist es nicht
1675 3662 2894 3716 mehrere Figuren, die Schemen bleiben. Aber ein Weg tut sich
434 3676 1654 3747 bezeichnend für eine gewisse geistige Energiekosigkeit, wenn erst
1675 3701 2896 3755 auf; Weiterentwicklung erscheint sicher. Ueberwindet Baudisch
440 3714 1669 3778 Ende November in Berlin das erste Stück junger Dichtung vor¬
1677 3738 2900 3801 die nächsten Schaffensjahre in Selbstzucht, sind dichterische
436 3754 1647 3826 geführt wird? Wieder ist es auch nur der Wille Kayßlers der
1680 3780 2894 3839 Neuschöpfungen zu erwarten. Deshalb war die Uraufführung
437 3799 1651 3865 Volksbühne, in deren Nebenhaus, dem Neuen Volks¬
1675 3819 2894 3857 der Volksbühne eine hilfreiche Tat, wenn auch die Regie Bern¬
438 3838 1657 3903 theater in der Köpenickerstraße, literarische Sonderveran¬
1680 3855 2896 3922 hard Reichs, die das Stück fälschlich und unzulänglich ins Hasen¬
441 3877 1652 3948 staltungen ausgenommen werden. Leider wieder in dieser sich
1672 3906 2905 3969 cleversche übersetzte, und das Spiel trotz aller Begabung ver¬
432 3921 1836 4006 aus allem Ueblichen heraushebenden Sonderveranstaltungs= sagten.
