<?xml version="1.0" encoding="UTF-8" standalone="yes"?>
<PcGts xmlns="http://schema.primaresearch.org/PAGE/gts/pagecontent/2013-07-15" xmlns:xsi="http://www.w3.org/2001/XMLSchema-instance" xsi:schemaLocation="http://schema.primaresearch.org/PAGE/gts/pagecontent/2013-07-15 http://schema.primaresearch.org/PAGE/gts/pagecontent/2013-07-15/pagecontent.xsd">
    <Metadata>
        <Creator>prov=University of Rostock/Institute of Mathematics/CITlab/Gundram Leifert/gundram.leifert@uni-rostock.de:name=ONB_Newseye_GT_M1+(htr_id=10810)::::v=2.4.2
prov=University of Rostock/Institute of Mathematics/CITlab/Tobias Gruening/tobias.gruening@uni-rostock.de:name=de.uros.citlab.module.baseline2polygon.B2PSeamMultiOriented:v=2.4.2
prov=University of Rostock/Institute of Mathematics/CITlab/Tobias Gruening/tobias.gruening@uni-rostock.de:name=/mnt/transkribus/LA/DEA/URO/LA_news_onb_att.pb:de.uros.citlab.segmentation.CITlab_LA_ML:v=2.4.2
Transkribus</Creator>
        <Created>2019-10-07T11:14:47.866+02:00</Created>
        <LastChange>2019-10-08T04:59:02.573+02:00</LastChange>
        <TranskribusMetadata docId="223964" pageId="9497433" pageNr="570" tsid="16502108" status="IN_PROGRESS" userId="40391" imgUrl="https://files.transkribus.eu/Get?id=NKVIFMOJLQLIIPJUXGRRPCOK&amp;fileType=view" xmlUrl="https://files.transkribus.eu/Get?id=YQKKZKZREHPBQKUMOKBCLJWD" imageId="6187660"/>
    </Metadata>
    <Page imageFilename="223964_0570.jpeg" imageWidth="3248" imageHeight="4384">
        <ReadingOrder>
            <OrderedGroup id="ro_1711441919011" caption="Regions reading order">
                <RegionRefIndexed index="0" regionRef="r1"/>
            </OrderedGroup>
        </ReadingOrder>
        <TextRegion orientation="0.0" id="r1" custom="readingOrder {index:0;}">
            <Coords points="170,210 170,2896 3229,2896 3229,210"/>
            <TextLine id="r1l1" custom="readingOrder {index:0;}">
                <Coords points="150,247 335,255 393,291 1143,302 1146,213 1098,200 917,193 867,228 776,187 574,216 435,177 348,218 275,182 152,199"/>
                <Baseline points="170,234 217,239 265,243 313,247 361,252 409,255 457,258 504,261 552,264 600,266 648,268 696,270 744,271 792,272 839,273 887,274 935,274 983,274 1031,274 1079,274 1127,274"/>
                <TextEquiv>
                    <Unicode>24. Das weite Land</Unicode>
                </TextEquiv>
            </TextLine>
            <TextLine id="r1l2" custom="readingOrder {index:1;}">
                <Coords points="1273,270 1320,297 1496,265 1532,292 1569,282 1606,306 1743,313 1746,209 1523,203 1482,232 1431,197 1319,201 1274,222"/>
                <Baseline points="1290,265 1315,263 1341,263 1366,263 1392,264 1417,265 1443,266 1468,266 1494,268 1519,269 1545,271 1570,272 1596,273 1621,273 1647,273 1672,273 1698,272 1724,270"/>
                <TextEquiv>
                    <Unicode>box 29/2</Unicode>
                </TextEquiv>
            </TextLine>
            <TextLine id="r1l3" custom="readingOrder {index:2;}">
                <Coords points="1789,1320 1815,1320 1823,1328 1830,1328 1838,1321 1878,1325 1879,1285 1849,1284 1842,1291 1831,1283 1820,1283 1809,1272 1790,1271"/>
                <Baseline points="1806,1321 1832,1321 1858,1322"/>
                <TextEquiv>
                    <Unicode></Unicode>
                </TextEquiv>
            </TextLine>
            <TextLine id="r1l4" custom="readingOrder {index:3;}">
                <Coords points="1519,1365 3239,1425 3242,1340 1521,1284"/>
                <Baseline points="1538,1349 1622,1354 1706,1358 1790,1361 1874,1364 1958,1367 2042,1370 2126,1372 2210,1375 2294,1377 2379,1379 2463,1380 2547,1382 2631,1384 2715,1386 2799,1388 2883,1390 2967,1391 3051,1393 3135,1396 3220,1398"/>
                <TextEquiv>
                    <Unicode>nur etwas Künstliches. Das Natürliche ist das Chaos. Die Liebesspiele etwas Finst</Unicode>
                </TextEquiv>
            </TextLine>
            <TextLine id="r1l5" custom="readingOrder {index:4;}">
                <Coords points="1513,1429 1655,1408 1684,1424 1714,1410 1732,1425 1926,1416 2055,1432 2077,1429 2079,1392 2009,1367 1968,1381 1786,1379 1749,1359 1515,1363"/>
                <Baseline points="1534,1398 1560,1400 1586,1402 1612,1403 1639,1404 1665,1406 1691,1407 1718,1407 1744,1408 1770,1409 1797,1410 1823,1410 1849,1411 1875,1412 1902,1412 1928,1413 1954,1413 1981,1414 2007,1416 2033,1416 2060,1418"/>
                <TextEquiv>
                    <Unicode>Seele ist ein weites Land.</Unicode>
                </TextEquiv>
            </TextLine>
            <TextLine id="r1l6" custom="readingOrder {index:5;}">
                <Coords points="662,1456 747,1469 777,1451 836,1464 907,1451 977,1468 996,1453 1011,1468 1156,1453 1157,1394 1047,1336 970,1315 921,1333 833,1312 776,1340 732,1309 666,1311"/>
                <Baseline points="682,1437 707,1435 732,1433 757,1433 783,1432 808,1432 833,1433 858,1433 884,1435 909,1436 934,1436 960,1438 985,1439 1010,1440 1035,1441 1061,1442 1086,1442 1111,1442 1137,1442"/>
                <TextEquiv>
                    <Unicode>Feuilleton.</Unicode>
                </TextEquiv>
            </TextLine>
            <TextLine id="r1l7" custom="readingOrder {index:6;}">
                <Coords points="2752,1441 2826,1459 2853,1441 2874,1453 3016,1440 3123,1467 3175,1454 3241,1468 3244,1405 3170,1402 3147,1420 3122,1396 3025,1404 2999,1391 2980,1406 2900,1384 2754,1389"/>
                <Baseline points="2773,1434 2798,1434 2823,1435 2848,1435 2873,1436 2898,1437 2923,1438 2948,1439 2973,1439 2998,1441 3023,1442 3048,1443 3073,1445 3098,1445 3123,1447 3148,1448 3173,1449 3198,1450 3223,1450"/>
                <TextEquiv>
                    <Unicode>daß sein Spiel „so</Unicode>
                </TextEquiv>
            </TextLine>
            <TextLine id="r1l8" custom="readingOrder {index:7;}">
                <Coords points="1602,1465 2714,1504 2746,1431 1603,1416"/>
                <Baseline points="1619,1462 1674,1463 1729,1464 1785,1465 1840,1466 1896,1468 1951,1470 2006,1471 2062,1473 2117,1475 2173,1477 2228,1479 2283,1481 2339,1482 2394,1484 2450,1486 2505,1487 2560,1488 2616,1490 2671,1490 2727,1491"/>
                <TextEquiv>
                    <Unicode>Natürlich sind es Liebesspiele, die vor diesem</Unicode>
                </TextEquiv>
            </TextLine>
            <TextLine id="r1l9" custom="readingOrder {index:8;}">
                <Coords points="2745,1495 3161,1506 3239,1494 3241,1453 3129,1468 3085,1447 3032,1460 3015,1441 2877,1440 2825,1457 2803,1441 2747,1446"/>
                <Baseline points="2764,1487 2789,1485 2814,1485 2840,1484 2865,1483 2890,1484 2916,1485 2941,1485 2967,1487 2992,1488 3017,1490 3043,1491 3068,1492 3094,1494 3119,1495 3144,1496 3170,1497 3195,1498 3221,1498"/>
                <TextEquiv>
                    <Unicode>ist anfänglich rein, ein</Unicode>
                </TextEquiv>
            </TextLine>
            <TextLine id="r1l10" custom="readingOrder {index:9;}">
                <Coords points="1518,1511 2742,1543 2743,1495 2588,1479 1520,1448"/>
                <Baseline points="1538,1507 1597,1508 1656,1510 1715,1511 1775,1513 1834,1515 1893,1517 1952,1519 2012,1521 2071,1523 2130,1525 2189,1527 2249,1529 2308,1531 2367,1533 2426,1534 2486,1536 2545,1536 2604,1537 2663,1538 2723,1538"/>
                <TextEquiv>
                    <Unicode>Hintergrunde bitterer und tieferer Erkenntnis, dieser melancho¬</Unicode>
                </TextEquiv>
            </TextLine>
            <TextLine id="r1l11" custom="readingOrder {index:10;}">
                <Coords points="2743,1532 2935,1537 2976,1557 3017,1543 3247,1557 3248,1486 3204,1500 2744,1495"/>
                <Baseline points="2760,1535 2786,1534 2812,1533 2838,1533 2864,1533 2890,1533 2916,1534 2942,1535 2968,1536 2994,1537 3020,1538 3046,1540 3072,1540 3098,1541 3124,1542 3150,1543 3176,1543 3202,1543 3229,1542"/>
                <TextEquiv>
                    <Unicode>weil sie ihn nicht erhör</Unicode>
                </TextEquiv>
            </TextLine>
            <TextLine id="r1l12" custom="readingOrder {index:11;}">
                <Coords points="1518,1565 2745,1607 2747,1548 1519,1513"/>
                <Baseline points="1538,1553 1597,1555 1656,1558 1716,1560 1775,1563 1835,1565 1894,1567 1954,1569 2013,1571 2073,1574 2132,1575 2191,1578 2251,1579 2310,1581 2370,1583 2429,1584 2489,1586 2548,1586 2608,1587 2667,1588 2727,1588"/>
                <TextEquiv>
                    <Unicode>lischen oder verzweifelten Weltbetrachtung sich abspielen. Es ist</Unicode>
                </TextEquiv>
            </TextLine>
            <TextLine id="r1l13" custom="readingOrder {index:12;}">
                <Coords points="2740,1587 2881,1605 2896,1590 3193,1604 3245,1598 3246,1557 2741,1531"/>
                <Baseline points="2758,1582 2784,1582 2810,1582 2836,1582 2862,1583 2888,1583 2914,1584 2940,1585 2966,1585 2993,1587 3019,1587 3045,1588 3071,1589 3097,1589 3123,1590 3149,1590 3175,1590 3201,1590 3228,1590"/>
                <TextEquiv>
                    <Unicode>ihrer selbst willen, weil</Unicode>
                </TextEquiv>
            </TextLine>
            <TextLine id="r1l14" custom="readingOrder {index:13;}">
                <Coords points="309,1587 1395,1634 1469,1629 1471,1573 1254,1522 311,1505"/>
                <Baseline points="330,1563 386,1569 442,1572 498,1576 554,1579 610,1581 666,1583 722,1584 778,1585 834,1586 890,1587 946,1588 1002,1589 1058,1590 1114,1591 1170,1593 1226,1594 1282,1597 1338,1600 1394,1604 1451,1608"/>
                <TextEquiv>
                    <Unicode>Großh. Bad. Hof= und Nationaltheater in Mannheim.</Unicode>
                </TextEquiv>
            </TextLine>
            <TextLine id="r1l15" custom="readingOrder {index:14;}">
                <Coords points="1516,1610 2747,1651 2748,1607 2671,1586 1517,1566"/>
                <Baseline points="1534,1605 1593,1607 1653,1610 1713,1612 1772,1614 1832,1616 1892,1618 1951,1620 2011,1621 2071,1623 2131,1624 2190,1625 2250,1627 2310,1628 2369,1629 2429,1630 2489,1631 2548,1632 2608,1633 2668,1634 2728,1635"/>
                <TextEquiv>
                    <Unicode>Schnitzler, der sich Treue hält. Aber es sind trübe und dunkle,</Unicode>
                </TextEquiv>
            </TextLine>
            <TextLine id="r1l16" custom="readingOrder {index:15;}">
                <Coords points="2742,1639 2827,1649 2876,1631 2961,1652 3002,1638 3109,1641 3146,1657 3220,1651 3222,1603 2907,1588 2869,1602 2840,1586 2743,1584"/>
                <Baseline points="2762,1630 2787,1629 2813,1629 2839,1629 2865,1630 2891,1630 2917,1631 2943,1632 2969,1632 2995,1633 3021,1634 3047,1635 3073,1636 3099,1637 3125,1637 3151,1638 3177,1638 3203,1638"/>
                <TextEquiv>
                    <Unicode>will. Dann wird auchs</Unicode>
                </TextEquiv>
            </TextLine>
            <TextLine id="r1l17" custom="readingOrder {index:16;}">
                <Coords points="647,1672 796,1660 847,1685 918,1669 1110,1686 1140,1680 1143,1620 1095,1607 1013,1622 847,1595 768,1610 706,1585 679,1610 650,1605"/>
                <Baseline points="665,1649 690,1649 715,1650 741,1650 766,1651 791,1653 817,1654 842,1655 868,1656 893,1659 918,1660 944,1662 969,1662 995,1664 1020,1665 1045,1666 1071,1666 1096,1666 1122,1666"/>
                <TextEquiv>
                    <Unicode>Das weite Land.</Unicode>
                </TextEquiv>
            </TextLine>
            <TextLine id="r1l18" custom="readingOrder {index:17;}">
                <Coords points="1517,1664 2677,1698 2745,1670 2708,1636 1518,1608"/>
                <Baseline points="1537,1658 1596,1659 1656,1659 1715,1660 1775,1662 1834,1663 1894,1665 1953,1667 2013,1668 2072,1670 2132,1672 2191,1673 2251,1675 2310,1677 2370,1678 2429,1679 2489,1680 2548,1681 2608,1681 2667,1681 2727,1680"/>
                <TextEquiv>
                    <Unicode>schwere und rätselvolle Liebesspiele. Der letzte Rest jener leicht¬</Unicode>
                </TextEquiv>
            </TextLine>
            <TextLine id="r1l19" custom="readingOrder {index:18;}">
                <Coords points="2737,1685 2967,1685 2981,1700 3066,1703 3156,1691 3207,1715 3237,1709 3239,1664 3180,1644 3146,1657 3109,1641 2968,1652 2865,1630 2738,1633"/>
                <Baseline points="2756,1678 2781,1678 2807,1678 2833,1678 2859,1678 2884,1679 2910,1679 2936,1679 2962,1680 2988,1681 3013,1682 3039,1682 3065,1684 3091,1685 3116,1687 3142,1688 3168,1690 3194,1691 3220,1693"/>
                <TextEquiv>
                    <Unicode>ihr Mann abwesend ist,</Unicode>
                </TextEquiv>
            </TextLine>
            <TextLine id="r1l20" custom="readingOrder {index:19;}">
                <Coords points="316,1735 360,1730 390,1693 423,1690 413,1594 391,1596 373,1606 369,1602 347,1605 335,1598 322,1615 303,1617"/>
                <Baseline points="330,1700 367,1690 404,1692"/>
                <TextEquiv>
                    <Unicode>0</Unicode>
                </TextEquiv>
            </TextLine>
            <TextLine id="r1l21" custom="readingOrder {index:20;}">
                <Coords points="1517,1711 2629,1749 2733,1744 2734,1700 1518,1663"/>
                <Baseline points="1534,1707 1593,1707 1652,1707 1711,1708 1770,1708 1829,1710 1888,1711 1947,1713 2006,1715 2065,1717 2124,1719 2183,1721 2242,1723 2301,1725 2360,1726 2419,1727 2478,1729 2537,1729 2596,1730 2655,1729 2714,1729"/>
                <TextEquiv>
                    <Unicode>sinnigen Heiterkeit, jener graziösen und ein wenig frivolen Fein¬</Unicode>
                </TextEquiv>
            </TextLine>
            <TextLine id="r1l22" custom="readingOrder {index:21;}">
                <Coords points="439,1722 1351,1757 1353,1701 1239,1660 1109,1686 441,1656"/>
                <Baseline points="458,1703 501,1705 545,1708 589,1710 633,1712 677,1714 721,1716 764,1718 808,1720 852,1721 896,1723 940,1724 984,1725 1028,1727 1071,1728 1115,1729 1159,1730 1203,1731 1247,1731 1291,1732 1335,1733"/>
                <TextEquiv>
                    <Unicode>Eine Tragikomödie von Arthur Schnitzler.</Unicode>
                </TextEquiv>
            </TextLine>
            <TextLine id="r1l23" custom="readingOrder {index:22;}">
                <Coords points="2740,1730 2858,1745 2914,1728 2951,1758 2985,1730 3059,1747 3226,1740 3226,1714 3072,1680 2993,1700 2741,1686"/>
                <Baseline points="2760,1725 2786,1725 2812,1726 2839,1726 2865,1727 2891,1728 2918,1729 2944,1730 2970,1730 2997,1732 3023,1733 3049,1733 3076,1734 3102,1735 3128,1735 3155,1735 3181,1735 3208,1735"/>
                <TextEquiv>
                    <Unicode>Weiher ein Abenteuer</Unicode>
                </TextEquiv>
            </TextLine>
            <TextLine id="r1l24" custom="readingOrder {index:23;}">
                <Coords points="1511,1763 2743,1782 2685,1736 1513,1707"/>
                <Baseline points="1532,1751 1591,1753 1651,1755 1711,1756 1770,1758 1830,1759 1890,1761 1949,1763 2009,1764 2069,1766 2129,1768 2188,1769 2248,1771 2308,1772 2367,1774 2427,1775 2487,1776 2546,1777 2606,1778 2666,1779 2726,1779"/>
                <TextEquiv>
                    <Unicode>heit, die Schnitzler den Franzosen zu nähern schien, die Anatole</Unicode>
                </TextEquiv>
            </TextLine>
            <TextLine id="r1l25" custom="readingOrder {index:24;}">
                <Coords points="2741,1786 2918,1795 2956,1778 3041,1796 3241,1798 3243,1735 3080,1749 2984,1731 2853,1745 2742,1734"/>
                <Baseline points="2760,1776 2785,1775 2811,1774 2837,1774 2862,1775 2888,1776 2914,1777 2940,1778 2965,1779 2991,1781 3017,1782 3042,1784 3068,1785 3094,1785 3120,1786 3145,1786 3171,1786 3197,1786 3223,1784"/>
                <TextEquiv>
                    <Unicode>Fähnrich. Aber auch ihr</Unicode>
                </TextEquiv>
            </TextLine>
            <TextLine id="r1l26" custom="readingOrder {index:25;}">
                <Coords points="359,1777 1513,1808 1473,1748 1366,1737 361,1728"/>
                <Baseline points="377,1768 432,1770 488,1773 544,1776 600,1777 656,1780 712,1781 767,1783 823,1785 879,1787 935,1788 991,1790 1047,1791 1103,1793 1158,1794 1214,1795 1270,1796 1326,1797 1382,1797 1438,1798 1494,1799"/>
                <TextEquiv>
                    <Unicode>Schnitzler ist 50 Jahre alt. Auf der Höhe des Lebens ist</Unicode>
                </TextEquiv>
            </TextLine>
            <TextLine id="r1l27" custom="readingOrder {index:26;}">
                <Coords points="1503,1801 2738,1829 2728,1780 1504,1756"/>
                <Baseline points="1522,1801 1581,1803 1641,1805 1701,1806 1761,1808 1821,1810 1881,1811 1941,1813 2001,1815 2061,1816 2121,1818 2180,1819 2240,1821 2300,1822 2360,1823 2420,1824 2480,1825 2540,1826 2600,1826 2660,1827 2720,1827"/>
                <TextEquiv>
                    <Unicode>und Liebelei schmücken, ist hinweggetilgt. Die Liebesspiele</Unicode>
                </TextEquiv>
            </TextLine>
            <TextLine id="r1l28" custom="readingOrder {index:27;}">
                <Coords points="2736,1829 2858,1832 2891,1848 3000,1829 3018,1848 3122,1839 3158,1855 3240,1843 3242,1791 2971,1791 2938,1767 2919,1782 2737,1784"/>
                <Baseline points="2755,1824 2780,1824 2806,1824 2832,1824 2858,1824 2884,1825 2910,1826 2936,1827 2962,1828 2988,1829 3014,1830 3040,1831 3066,1832 3092,1833 3118,1833 3144,1834 3170,1834 3196,1834 3222,1833"/>
                <TextEquiv>
                    <Unicode>Man gleitet immer weit</Unicode>
                </TextEquiv>
            </TextLine>
            <TextLine id="r1l29" custom="readingOrder {index:28;}">
                <Coords points="263,1833 1405,1867 1502,1862 1504,1803 265,1759"/>
                <Baseline points="281,1818 341,1819 401,1821 461,1822 521,1824 582,1826 642,1828 702,1830 762,1832 822,1834 883,1836 943,1837 1003,1839 1063,1841 1123,1842 1184,1843 1244,1844 1304,1845 1364,1846 1424,1847 1485,1847"/>
                <TextEquiv>
                    <Unicode>er nicht heiterer, freier, leichter — härter, unmelancholischer</Unicode>
                </TextEquiv>
            </TextLine>
            <TextLine id="r1l30" custom="readingOrder {index:29;}">
                <Coords points="1497,1857 2732,1900 2730,1833 1498,1794"/>
                <Baseline points="1515,1850 1575,1851 1635,1852 1695,1853 1755,1855 1815,1857 1875,1858 1935,1860 1995,1862 2055,1864 2115,1865 2175,1867 2235,1869 2295,1870 2355,1871 2415,1872 2475,1873 2535,1874 2595,1874 2655,1874 2715,1874"/>
                <TextEquiv>
                    <Unicode>dieser überaus schmerzbewegten, klagenden und bitteren Tragi¬</Unicode>
                </TextEquiv>
            </TextLine>
            <TextLine id="r1l31" custom="readingOrder {index:30;}">
                <Coords points="2729,1877 2828,1894 2847,1880 2921,1897 3025,1878 3095,1899 3144,1885 3210,1898 3240,1892 3242,1843 2730,1825"/>
                <Baseline points="2749,1871 2775,1871 2801,1871 2828,1871 2854,1872 2880,1873 2907,1874 2933,1875 2959,1877 2986,1877 3012,1879 3038,1880 3065,1881 3091,1881 3117,1882 3144,1882 3170,1882 3196,1881 3223,1880"/>
                <TextEquiv>
                    <Unicode>Lachen ist die Lüge. S</Unicode>
                </TextEquiv>
            </TextLine>
            <TextLine id="r1l32" custom="readingOrder {index:31;}">
                <Coords points="261,1887 1429,1914 1500,1905 1501,1860 262,1843"/>
                <Baseline points="280,1870 340,1871 400,1872 460,1873 520,1874 580,1875 640,1876 701,1877 761,1879 821,1880 881,1882 941,1883 1001,1885 1061,1887 1122,1888 1182,1890 1242,1891 1302,1892 1362,1894 1422,1895 1483,1896"/>
                <TextEquiv>
                    <Unicode>geworden. Nur noch leiser, zarter, einsamer, trauriger, bis hin</Unicode>
                </TextEquiv>
            </TextLine>
            <TextLine id="r1l33" custom="readingOrder {index:32;}">
                <Coords points="1497,1904 2661,1942 2736,1925 2737,1873 2032,1887 1498,1845"/>
                <Baseline points="1517,1899 1580,1901 1643,1903 1706,1904 1769,1906 1832,1908 1895,1909 1958,1911 2021,1913 2084,1914 2148,1916 2211,1917 2274,1919 2337,1920 2400,1921 2463,1922 2526,1923 2589,1924 2652,1925 2716,1925"/>
                <TextEquiv>
                    <Unicode>komödie, sie graben in die dunkelsten und chaotischesten Tiefen</Unicode>
                </TextEquiv>
            </TextLine>
            <TextLine id="r1l34" custom="readingOrder {index:33;}">
                <Coords points="2726,1921 2841,1940 3123,1934 3170,1958 3238,1938 3239,1886 3210,1881 3035,1901 3017,1886 2727,1877"/>
                <Baseline points="2745,1920 2771,1920 2797,1920 2823,1920 2850,1921 2876,1922 2902,1923 2928,1925 2955,1925 2981,1927 3007,1928 3034,1929 3060,1930 3086,1931 3112,1932 3139,1932 3165,1932 3191,1931 3218,1930"/>
                <TextEquiv>
                    <Unicode>und sehr lustig anzusehen</Unicode>
                </TextEquiv>
            </TextLine>
            <TextLine id="r1l35" custom="readingOrder {index:34;}">
                <Coords points="263,1932 1353,1966 1502,1954 1503,1906 264,1883"/>
                <Baseline points="280,1921 340,1921 400,1922 460,1923 520,1924 580,1925 640,1927 701,1929 761,1930 821,1931 881,1933 941,1934 1001,1936 1061,1937 1122,1939 1182,1940 1242,1941 1302,1942 1362,1942 1422,1943 1483,1943"/>
                <TextEquiv>
                    <Unicode>zu einem ganz schweren und dunkeln Pessimismus: „Alles ist</Unicode>
                </TextEquiv>
            </TextLine>
            <TextLine id="r1l36" custom="readingOrder {index:35;}">
                <Coords points="1496,1954 2738,1998 2740,1920 1498,1902"/>
                <Baseline points="1514,1945 1574,1947 1634,1949 1694,1952 1755,1953 1815,1955 1875,1958 1935,1960 1996,1962 2056,1963 2116,1965 2176,1967 2237,1969 2297,1970 2357,1971 2417,1972 2478,1973 2538,1974 2598,1974 2658,1975 2719,1975"/>
                <TextEquiv>
                    <Unicode>der Menschenseele. Einer steht in der Tragikomödie auf und</Unicode>
                </TextEquiv>
            </TextLine>
            <TextLine id="r1l37" custom="readingOrder {index:36;}">
                <Coords points="2734,1980 2872,1985 2898,1968 2927,1995 2968,1978 3213,1995 3214,1950 3159,1956 3119,1935 3048,1948 3018,1935 2736,1928"/>
                <Baseline points="2755,1968 2780,1969 2806,1969 2832,1970 2858,1971 2884,1972 2910,1974 2936,1974 2962,1976 2988,1977 3014,1978 3040,1979 3066,1980 3092,1981 3118,1982 3144,1982 3170,1983 3196,1983"/>
                <TextEquiv>
                    <Unicode>Worte“ in die Luft.</Unicode>
                </TextEquiv>
            </TextLine>
            <TextLine id="r1l38" custom="readingOrder {index:37;}">
                <Coords points="268,1973 1496,2006 1497,1954 1423,1945 269,1929"/>
                <Baseline points="286,1965 345,1967 405,1970 464,1971 524,1973 583,1975 643,1977 702,1978 762,1980 821,1981 881,1983 941,1984 1000,1986 1060,1987 1119,1988 1179,1989 1238,1990 1298,1991 1357,1992 1417,1993 1477,1994"/>
                <TextEquiv>
                    <Unicode>Täuschung". Bis hin zu einer finsteren Traurigkeit: „Das</Unicode>
                </TextEquiv>
            </TextLine>
            <TextLine id="r1l39" custom="readingOrder {index:38;}">
                <Coords points="1496,2006 2739,2036 2740,1965 1497,1954"/>
                <Baseline points="1516,1994 1576,1996 1636,1998 1696,2000 1756,2002 1816,2004 1876,2006 1937,2007 1997,2009 2057,2011 2117,2012 2177,2014 2237,2015 2297,2016 2358,2018 2418,2018 2478,2020 2538,2020 2598,2021 2658,2021 2719,2022"/>
                <TextEquiv>
                    <Unicode>erkennt es in schwerer Anklage. „Eine Welt, in der die Liebe</Unicode>
                </TextEquiv>
            </TextLine>
            <TextLine id="r1l40" custom="readingOrder {index:39;}">
                <Coords points="2726,2033 2826,2020 2866,2044 3041,2029 3096,2056 3226,2052 3227,1992 3198,1984 3116,1997 2927,1986 2902,1963 2875,1984 2727,1974"/>
                <Baseline points="2746,2016 2771,2017 2797,2018 2823,2019 2849,2019 2874,2021 2900,2021 2926,2022 2952,2023 2978,2024 3003,2024 3029,2025 3055,2025 3081,2026 3106,2026 3132,2026 3158,2026 3184,2026 3210,2026"/>
                <TextEquiv>
                    <Unicode>mit dem Kopf auf den</Unicode>
                </TextEquiv>
            </TextLine>
            <TextLine id="r1l41" custom="readingOrder {index:40;}">
                <Coords points="253,2017 1503,2043 1504,1991 254,1984"/>
                <Baseline points="270,2015 330,2016 391,2018 452,2019 513,2021 574,2022 634,2024 695,2025 756,2027 817,2028 878,2030 938,2031 999,2033 1060,2034 1121,2036 1182,2037 1242,2038 1303,2039 1364,2041 1425,2042 1486,2043"/>
                <TextEquiv>
                    <Unicode>Natürliche ... ist das Chaos“. Schnitzlers Schwermut und</Unicode>
                </TextEquiv>
            </TextLine>
            <TextLine id="r1l42" custom="readingOrder {index:41;}">
                <Coords points="1496,2045 2686,2090 2728,2036 1497,1997"/>
                <Baseline points="1514,2043 1573,2045 1633,2046 1693,2048 1752,2050 1812,2052 1872,2054 1931,2056 1991,2057 2051,2059 2111,2061 2170,2062 2230,2064 2290,2065 2349,2066 2409,2068 2469,2069 2528,2070 2588,2070 2648,2071 2708,2071"/>
                <TextEquiv>
                    <Unicode>nichts wäre als ein köstliches Spiel, die ließe ich gelten. Doch</Unicode>
                </TextEquiv>
            </TextLine>
            <TextLine id="r1l43" custom="readingOrder {index:42;}">
                <Coords points="2729,2089 2799,2103 2855,2078 2918,2095 2974,2078 3040,2099 3085,2085 3087,2037 3031,2024 2731,2019"/>
                <Baseline points="2748,2064 2774,2067 2801,2069 2827,2070 2854,2072 2880,2073 2907,2073 2934,2073 2960,2074 2987,2074 3013,2075 3040,2075 3067,2076"/>
                <TextEquiv>
                    <Unicode>wahr gegen sich.</Unicode>
                </TextEquiv>
            </TextLine>
            <TextLine id="r1l44" custom="readingOrder {index:43;}">
                <Coords points="253,2076 1496,2098 1494,2042 254,2035"/>
                <Baseline points="271,2068 331,2068 391,2069 452,2070 512,2071 572,2071 633,2073 693,2074 753,2076 814,2077 874,2079 934,2080 995,2082 1055,2084 1115,2085 1176,2086 1236,2087 1296,2088 1357,2089 1417,2089 1478,2089"/>
                <TextEquiv>
                    <Unicode>Melancholie verdichten sich mit den Jahren. Wieviel ängstigend</Unicode>
                </TextEquiv>
            </TextLine>
            <TextLine id="r1l45" custom="readingOrder {index:44;}">
                <Coords points="1499,2102 2737,2149 2739,2068 1500,2050"/>
                <Baseline points="1518,2093 1578,2095 1638,2097 1698,2098 1758,2100 1818,2102 1878,2104 1938,2106 1998,2107 2058,2109 2118,2111 2178,2112 2238,2114 2298,2115 2358,2116 2418,2117 2478,2118 2538,2118 2598,2119 2658,2119 2719,2119"/>
                <TextEquiv>
                    <Unicode>dies Ineinander von Zurückhaltung und Frechheit, von feiger</Unicode>
                </TextEquiv>
            </TextLine>
            <TextLine id="r1l46" custom="readingOrder {index:45;}">
                <Coords points="259,2121 1491,2153 1492,2094 1351,2076 1109,2104 1010,2072 260,2069"/>
                <Baseline points="277,2115 336,2116 396,2116 456,2118 515,2119 575,2120 635,2122 694,2123 754,2125 814,2127 874,2129 933,2130 993,2132 1053,2134 1112,2135 1172,2136 1232,2137 1291,2138 1351,2138 1411,2138 1471,2138"/>
                <TextEquiv>
                    <Unicode>dunkle und schwere Töne bringt schon der „Weg ins Freie“.</Unicode>
                </TextEquiv>
            </TextLine>
            <TextLine id="r1l47" custom="readingOrder {index:46;}">
                <Coords points="2810,2132 3002,2152 3033,2131 3054,2150 3158,2145 3176,2164 3211,2135 3240,2136 3242,2077 3190,2083 3146,2063 3112,2085 3045,2094 2874,2090 2856,2078 2811,2088"/>
                <Baseline points="2829,2128 2855,2128 2881,2129 2907,2130 2933,2130 2960,2132 2986,2133 3012,2134 3038,2134 3064,2136 3091,2136 3117,2137 3143,2137 3169,2137 3195,2136 3222,2135"/>
                <TextEquiv>
                    <Unicode>Friedrich Hofreiter</Unicode>
                </TextEquiv>
            </TextLine>
            <TextLine id="r1l48" custom="readingOrder {index:47;}">
                <Coords points="1496,2146 2720,2189 2721,2123 2588,2112 1497,2098"/>
                <Baseline points="1515,2146 1574,2147 1633,2148 1693,2149 1752,2149 1812,2150 1871,2151 1930,2152 1990,2153 2049,2155 2109,2156 2168,2157 2227,2159 2287,2160 2346,2161 2406,2163 2465,2164 2524,2166 2584,2167 2643,2168 2703,2170"/>
                <TextEquiv>
                    <Unicode>Eifersucht und erlogenem Gleichmut — von rasender Leiden¬</Unicode>
                </TextEquiv>
            </TextLine>
            <TextLine id="r1l49" custom="readingOrder {index:48;}">
                <Coords points="253,2170 1436,2205 1488,2195 1489,2154 944,2112 254,2125"/>
                <Baseline points="273,2165 332,2164 392,2165 452,2166 512,2166 572,2168 632,2169 692,2171 752,2173 812,2175 872,2177 931,2179 991,2181 1051,2182 1111,2184 1171,2185 1231,2186 1291,2187 1351,2187 1411,2187 1471,2186"/>
                <TextEquiv>
                    <Unicode>Das „Weite Land“ ist eine Tragikomödie, die das letzte flüch¬</Unicode>
                </TextEquiv>
            </TextLine>
            <TextLine id="r1l50" custom="readingOrder {index:49;}">
                <Coords points="2722,2190 2796,2181 2848,2201 2893,2179 3145,2200 3186,2183 3187,2142 3053,2150 3024,2131 2997,2152 2823,2133 2724,2101"/>
                <Baseline points="2741,2176 2766,2175 2791,2175 2816,2175 2841,2176 2866,2176 2891,2176 2916,2177 2941,2177 2966,2178 2991,2179 3016,2180 3041,2181 3066,2182 3091,2182 3116,2183 3141,2184 3166,2185"/>
                <TextEquiv>
                    <Unicode>Feigling ins Gesicht.</Unicode>
                </TextEquiv>
            </TextLine>
            <TextLine id="r1l51" custom="readingOrder {index:50;}">
                <Coords points="1489,2207 2720,2233 2722,2170 1490,2147"/>
                <Baseline points="1508,2193 1567,2193 1627,2194 1687,2195 1747,2197 1806,2198 1866,2199 1926,2201 1986,2202 2045,2204 2105,2205 2165,2207 2225,2208 2284,2209 2344,2211 2404,2212 2464,2213 2523,2214 2583,2214 2643,2215 2703,2216"/>
                <TextEquiv>
                    <Unicode>schaft und leerer Lust, wie ich es hier sehe — das finde ich trüb¬</Unicode>
                </TextEquiv>
            </TextLine>
            <TextLine id="r1l52" custom="readingOrder {index:51;}">
                <Coords points="252,2218 1457,2256 1494,2253 1496,2194 253,2170"/>
                <Baseline points="269,2214 329,2213 389,2213 450,2213 510,2214 570,2215 631,2217 691,2218 751,2220 812,2222 872,2224 932,2226 993,2228 1053,2230 1113,2232 1174,2234 1234,2235 1294,2236 1355,2237 1415,2237 1476,2237"/>
                <TextEquiv>
                    <Unicode>#tige Huschen eines Lächelns dahinsterben läßt. Am Schluß</Unicode>
                </TextEquiv>
            </TextLine>
            <TextLine id="r1l53" custom="readingOrder {index:52;}">
                <Coords points="2727,2232 3235,2244 3237,2192 3196,2191 3174,2171 3122,2192 2728,2188"/>
                <Baseline points="2746,2221 2772,2222 2798,2223 2824,2224 2850,2224 2876,2225 2902,2226 2928,2227 2954,2228 2981,2228 3007,2229 3033,2230 3059,2231 3085,2232 3111,2232 3137,2233 3163,2234 3189,2235 3216,2235"/>
                <TextEquiv>
                    <Unicode>fällt. Warum dieser Aus</Unicode>
                </TextEquiv>
            </TextLine>
            <TextLine id="r1l54" custom="readingOrder {index:53;}">
                <Coords points="1495,2236 2696,2283 2733,2276 2735,2206 2208,2230 1496,2195"/>
                <Baseline points="1514,2241 1574,2242 1634,2243 1694,2244 1754,2246 1814,2248 1874,2249 1934,2251 1994,2252 2054,2254 2114,2255 2174,2258 2234,2259 2294,2260 2354,2262 2414,2263 2474,2264 2534,2265 2594,2265 2654,2266 2714,2266"/>
                <TextEquiv>
                    <Unicode>selig und grauenhaft. Der Freiheit, die sich hier brüstet, der</Unicode>
                </TextEquiv>
            </TextLine>
            <TextLine id="r1l55" custom="readingOrder {index:54;}">
                <Coords points="250,2276 1351,2308 1497,2259 251,2220"/>
                <Baseline points="269,2264 329,2264 389,2265 450,2266 510,2267 571,2268 631,2269 692,2270 752,2272 813,2273 873,2275 933,2276 994,2278 1054,2279 1115,2280 1175,2281 1236,2282 1296,2283 1357,2283 1417,2283 1478,2283"/>
                <TextEquiv>
                    <Unicode>des zweiten Aktes lacht Frau Genia auf: „das kühne Hinein¬</Unicode>
                </TextEquiv>
            </TextLine>
            <TextLine id="r1l56" custom="readingOrder {index:55;}">
                <Coords points="2712,2274 2871,2294 3080,2278 3105,2297 3235,2301 3237,2234 2784,2236 2714,2222"/>
                <Baseline points="2730,2270 2755,2270 2781,2271 2806,2271 2832,2272 2857,2273 2883,2274 2908,2275 2934,2276 2959,2276 2985,2277 3010,2279 3036,2280 3061,2280 3087,2281 3112,2281 3138,2282 3163,2282 3189,2282 3215,2282"/>
                <TextEquiv>
                    <Unicode>der Duellmord? Hofreit</Unicode>
                </TextEquiv>
            </TextLine>
            <TextLine id="r1l57" custom="readingOrder {index:56;}">
                <Coords points="1491,2293 2555,2316 2725,2354 2727,2268 1492,2234"/>
                <Baseline points="1510,2292 1573,2292 1636,2293 1699,2293 1762,2294 1825,2296 1888,2298 1951,2299 2014,2301 2077,2303 2141,2305 2204,2307 2267,2309 2330,2311 2393,2313 2456,2314 2519,2315 2582,2316 2645,2316 2709,2316"/>
                <TextEquiv>
                    <Unicode>fehlt es am Glauben an sich selbst. Darum gelingt ihr die</Unicode>
                </TextEquiv>
            </TextLine>
            <TextLine id="r1l58" custom="readingOrder {index:57;}">
                <Coords points="248,2320 1201,2354 1339,2315 1468,2366 1496,2285 249,2276"/>
                <Baseline points="266,2314 326,2314 387,2314 447,2314 508,2314 569,2315 629,2316 690,2317 750,2319 811,2320 872,2321 932,2323 993,2324 1053,2326 1114,2327 1175,2329 1235,2330 1296,2331 1356,2332 1417,2333 1478,2334"/>
                <TextEquiv>
                    <Unicode>sausen ins Dunkle — das ist vielleicht das Allerlustigste.“ Aber</Unicode>
                </TextEquiv>
            </TextLine>
            <TextLine id="r1l59" custom="readingOrder {index:58;}">
                <Coords points="2728,2328 2958,2326 3239,2351 3241,2284 3129,2285 3115,2270 3100,2285 2966,2289 2729,2280"/>
                <Baseline points="2745,2320 2770,2321 2795,2322 2820,2322 2845,2323 2870,2323 2895,2324 2920,2324 2945,2325 2970,2325 2995,2325 3020,2326 3045,2326 3070,2327 3095,2328 3120,2328 3145,2329 3170,2330 3195,2331 3221,2333"/>
                <TextEquiv>
                    <Unicode>Grund den Geliebten sein</Unicode>
                </TextEquiv>
            </TextLine>
            <TextLine id="r1l60" custom="readingOrder {index:59;}">
                <Coords points="1482,2345 2672,2393 2673,2330 1483,2286"/>
                <Baseline points="1502,2335 1559,2338 1617,2340 1674,2342 1732,2344 1790,2345 1847,2347 1905,2348 1962,2349 2020,2350 2078,2352 2135,2353 2193,2354 2250,2355 2308,2356 2366,2358 2423,2359 2481,2361 2538,2363 2596,2366 2654,2368"/>
                <TextEquiv>
                    <Unicode>heitere Miene nicht, die sie so gerne annehmen möchte ..</Unicode>
                </TextEquiv>
            </TextLine>
            <TextLine id="r1l61" custom="readingOrder {index:60;}">
                <Coords points="255,2366 1464,2403 1495,2351 256,2318"/>
                <Baseline points="273,2364 333,2363 393,2362 453,2362 513,2362 573,2362 633,2364 694,2365 754,2367 814,2369 874,2371 934,2373 994,2376 1054,2377 1115,2380 1175,2381 1235,2383 1295,2384 1355,2384 1415,2384 1476,2384"/>
                <TextEquiv>
                    <Unicode>dieses Wort ist voll schneidender Bitterkeit und gellt schaurig.</Unicode>
                </TextEquiv>
            </TextLine>
            <TextLine id="r1l62" custom="readingOrder {index:61;}">
                <Coords points="2717,2375 2866,2371 2940,2392 2966,2374 2995,2390 3133,2385 3236,2403 3238,2351 3204,2339 3078,2351 2956,2325 2804,2337 2719,2323"/>
                <Baseline points="2737,2372 2762,2372 2787,2372 2812,2372 2838,2373 2863,2373 2888,2374 2913,2375 2939,2375 2964,2376 2989,2377 3014,2377 3040,2378 3065,2379 3090,2380 3115,2380 3141,2381 3166,2381 3191,2382 3217,2382"/>
                <TextEquiv>
                    <Unicode>Lande der Seele hat so</Unicode>
                </TextEquiv>
            </TextLine>
            <TextLine id="r1l63" custom="readingOrder {index:62;}">
                <Coords points="1474,2398 2327,2425 2379,2411 2380,2363 1857,2370 1475,2335"/>
                <Baseline points="1492,2381 1535,2383 1578,2386 1622,2388 1665,2390 1709,2392 1752,2394 1795,2395 1839,2396 1882,2397 1926,2398 1969,2399 2012,2400 2056,2400 2099,2401 2143,2401 2186,2401 2229,2402 2273,2402 2316,2402 2360,2403"/>
                <TextEquiv>
                    <Unicode>darum grinst sie . . . . wo sie lachen will.“</Unicode>
                </TextEquiv>
            </TextLine>
            <TextLine id="r1l64" custom="readingOrder {index:63;}">
                <Coords points="244,2422 1449,2461 1499,2388 245,2362"/>
                <Baseline points="261,2412 322,2411 383,2411 444,2411 505,2411 566,2412 627,2413 688,2414 749,2416 810,2418 871,2420 932,2422 993,2424 1054,2426 1115,2427 1176,2429 1237,2431 1298,2432 1359,2433 1420,2434 1481,2434"/>
                <TextEquiv>
                    <Unicode>Aber dieses Auflachen ist das Weinen einer Frau, die fühlt,</Unicode>
                </TextEquiv>
            </TextLine>
            <TextLine id="r1l65" custom="readingOrder {index:64;}">
                <Coords points="2721,2426 3192,2437 3240,2454 3241,2405 3208,2390 2996,2396 2956,2376 2722,2374"/>
                <Baseline points="2740,2417 2765,2419 2790,2420 2815,2421 2841,2422 2866,2423 2891,2424 2917,2425 2942,2425 2967,2426 2993,2427 3018,2427 3043,2428 3069,2428 3094,2428 3119,2429 3145,2429 3170,2429 3195,2429 3221,2430"/>
                <TextEquiv>
                    <Unicode>Natürliche ist das Chaos</Unicode>
                </TextEquiv>
            </TextLine>
            <TextLine id="r1l66" custom="readingOrder {index:65;}">
                <Coords points="1569,2441 2726,2499 2699,2405 1570,2400"/>
                <Baseline points="1589,2445 1647,2446 1706,2448 1765,2449 1824,2451 1883,2452 1942,2454 2001,2456 2060,2458 2119,2459 2177,2461 2236,2463 2295,2465 2354,2466 2413,2468 2472,2469 2531,2471 2590,2472 2649,2473 2708,2474"/>
                <TextEquiv>
                    <Unicode>Von Treue und Untreue, von Leidenschaft und Tod handelt</Unicode>
                </TextEquiv>
            </TextLine>
            <TextLine id="r1l67" custom="readingOrder {index:66;}">
                <Coords points="245,2467 352,2485 742,2473 815,2494 846,2473 949,2479 950,2446 773,2419 420,2428 246,2408"/>
                <Baseline points="262,2455 295,2456 328,2457 362,2458 395,2460 429,2461 462,2461 496,2462 529,2463 563,2463 596,2464 629,2465 663,2465 696,2466 730,2467 763,2468 797,2469 830,2471 864,2472 897,2474 931,2476"/>
                <TextEquiv>
                    <Unicode>daß sie ins Uferlose gleitet ...</Unicode>
                </TextEquiv>
            </TextLine>
            <TextLine id="r1l68" custom="readingOrder {index:67;}">
                <Coords points="2721,2477 2881,2492 3000,2476 3092,2505 3170,2481 3240,2497 3241,2456 3208,2441 2723,2425"/>
                <Baseline points="2739,2469 2764,2469 2789,2470 2815,2471 2840,2471 2866,2472 2891,2473 2917,2473 2942,2474 2968,2475 2993,2475 3019,2476 3044,2477 3070,2478 3095,2478 3121,2479 3146,2479 3172,2479 3197,2480 3223,2480"/>
                <TextEquiv>
                    <Unicode>hat nicht den Glauben am</Unicode>
                </TextEquiv>
            </TextLine>
            <TextLine id="r1l69" custom="readingOrder {index:68;}">
                <Coords points="1473,2509 1863,2489 1944,2525 2671,2536 2723,2526 2724,2478 1474,2446"/>
                <Baseline points="1491,2492 1551,2494 1612,2496 1672,2497 1733,2499 1794,2501 1854,2502 1915,2504 1976,2506 2036,2507 2097,2509 2158,2511 2218,2512 2279,2514 2340,2515 2400,2517 2461,2518 2522,2519 2582,2520 2643,2521 2704,2522"/>
                <TextEquiv>
                    <Unicode>die Tragikomödie. Sie spielt in der Welt Schnitzlers, in der</Unicode>
                </TextEquiv>
            </TextLine>
            <TextLine id="r1l70" custom="readingOrder {index:69;}">
                <Coords points="2720,2523 3228,2539 3230,2483 3059,2497 3004,2473 2881,2491 2722,2475"/>
                <Baseline points="2739,2517 2765,2517 2791,2518 2817,2518 2843,2519 2870,2520 2896,2521 2922,2522 2948,2523 2975,2524 3001,2525 3027,2526 3053,2527 3079,2528 3106,2529 3132,2529 3158,2529 3184,2529 3211,2528"/>
                <TextEquiv>
                    <Unicode>warum, warum . .. undn</Unicode>
                </TextEquiv>
            </TextLine>
            <TextLine id="r1l71" custom="readingOrder {index:70;}">
                <Coords points="331,2521 1273,2562 1481,2545 1483,2486 333,2472"/>
                <Baseline points="349,2516 404,2516 460,2517 516,2518 572,2519 627,2521 683,2522 739,2524 795,2525 850,2527 906,2529 962,2530 1018,2532 1073,2533 1129,2535 1185,2536 1241,2537 1296,2538 1352,2539 1408,2539 1464,2539"/>
                <TextEquiv>
                    <Unicode>Das Weite Land, in das Schnitzler uns führt, es ist die</Unicode>
                </TextEquiv>
            </TextLine>
            <TextLine id="r1l72" custom="readingOrder {index:71;}">
                <Coords points="1477,2546 2619,2585 2727,2580 2729,2529 1479,2494"/>
                <Baseline points="1497,2544 1557,2544 1618,2545 1678,2546 1739,2547 1799,2549 1860,2550 1920,2552 1981,2554 2041,2556 2102,2559 2163,2561 2223,2563 2284,2564 2344,2566 2405,2568 2465,2569 2526,2570 2586,2571 2647,2572 2708,2572"/>
                <TextEquiv>
                    <Unicode>Welt seiner, gebildeter, verwöhnter Menschen, aber hinter der</Unicode>
                </TextEquiv>
            </TextLine>
            <TextLine id="r1l73" custom="readingOrder {index:72;}">
                <Coords points="2719,2571 3227,2594 3229,2520 3203,2515 3062,2541 3025,2525 2721,2523"/>
                <Baseline points="2737,2566 2763,2565 2789,2565 2815,2565 2842,2566 2868,2566 2894,2568 2920,2569 2947,2571 2973,2573 2999,2573 3026,2575 3052,2576 3078,2577 3104,2577 3131,2577 3157,2576 3183,2575 3210,2573"/>
                <TextEquiv>
                    <Unicode>haften Bösewicht. Aber</Unicode>
                </TextEquiv>
            </TextLine>
            <TextLine id="r1l74" custom="readingOrder {index:73;}">
                <Coords points="243,2556 1482,2591 1483,2546 245,2508"/>
                <Baseline points="261,2567 321,2567 381,2567 441,2568 501,2569 562,2570 622,2572 682,2574 742,2576 802,2578 863,2580 923,2582 983,2584 1043,2585 1103,2587 1164,2589 1224,2590 1284,2591 1344,2591 1404,2591 1465,2590"/>
                <TextEquiv>
                    <Unicode>Seele des Menschen. Sein Thema ist zu zeigen, was für</Unicode>
                </TextEquiv>
            </TextLine>
            <TextLine id="r1l75" custom="readingOrder {index:74;}">
                <Coords points="1487,2607 2722,2639 2724,2554 1488,2551"/>
                <Baseline points="1506,2593 1569,2593 1632,2593 1695,2594 1758,2595 1821,2597 1884,2599 1947,2600 2010,2603 2073,2605 2137,2607 2200,2609 2263,2611 2326,2613 2389,2614 2452,2616 2515,2617 2578,2618 2641,2618 2705,2618"/>
                <TextEquiv>
                    <Unicode>glänzenden Außenseite ist das Chaos und die Lüge und der</Unicode>
                </TextEquiv>
            </TextLine>
            <TextLine id="r1l76" custom="readingOrder {index:75;}">
                <Coords points="2711,2620 3011,2638 3119,2619 3171,2639 3230,2629 3231,2599 3120,2578 2712,2568"/>
                <Baseline points="2730,2615 2755,2615 2780,2615 2806,2616 2831,2616 2857,2617 2882,2618 2907,2619 2933,2619 2958,2620 2984,2621 3009,2622 3035,2623 3060,2623 3085,2624 3111,2624 3136,2624 3162,2624 3187,2624 3213,2623"/>
                <TextEquiv>
                    <Unicode>Hofreiter erwidert: So</Unicode>
                </TextEquiv>
            </TextLine>
            <TextLine id="r1l77" custom="readingOrder {index:76;}">
                <Coords points="227,2607 1140,2632 1298,2670 1477,2644 1478,2603 1386,2590 228,2570"/>
                <Baseline points="245,2614 305,2615 366,2616 427,2617 487,2618 548,2620 609,2621 669,2623 730,2625 791,2627 852,2628 912,2630 973,2632 1034,2633 1094,2635 1155,2636 1216,2637 1276,2638 1337,2639 1398,2639 1459,2639"/>
                <TextEquiv>
                    <Unicode>komplizierte Subjekte die Menschen im Grunde sind. „Sovieles</Unicode>
                </TextEquiv>
            </TextLine>
            <TextLine id="r1l78" custom="readingOrder {index:77;}">
                <Coords points="1482,2648 2710,2672 2700,2627 1484,2599"/>
                <Baseline points="1500,2642 1559,2642 1619,2643 1678,2644 1738,2645 1797,2646 1857,2648 1916,2650 1976,2652 2035,2654 2095,2656 2155,2658 2214,2660 2274,2662 2333,2663 2393,2665 2452,2666 2512,2667 2571,2667 2631,2667 2691,2667"/>
                <TextEquiv>
                    <Unicode>Zwiespalt. Der Fabrikant Hofreiter ist eine glänzende, be¬</Unicode>
                </TextEquiv>
            </TextLine>
            <TextLine id="r1l79" custom="readingOrder {index:78;}">
                <Coords points="2701,2671 3213,2688 3207,2628 3111,2618 3032,2638 2829,2620 2795,2634 2703,2619"/>
                <Baseline points="2718,2663 2743,2663 2768,2663 2793,2664 2818,2664 2843,2666 2868,2666 2893,2668 2918,2669 2943,2671 2968,2672 2993,2673 3018,2674 3043,2675 3068,2675 3093,2676 3118,2676 3143,2675 3168,2674 3194,2673"/>
                <TextEquiv>
                    <Unicode>schauen in mich k</Unicode>
                </TextEquiv>
            </TextLine>
            <TextLine id="r1l80" custom="readingOrder {index:79;}">
                <Coords points="238,2673 1477,2685 1477,2652 1363,2642 239,2624"/>
                <Baseline points="255,2665 315,2665 375,2666 435,2667 495,2668 556,2669 616,2670 676,2671 736,2672 796,2674 857,2675 917,2676 977,2677 1037,2679 1097,2680 1158,2682 1218,2682 1278,2684 1338,2685 1398,2685 1459,2686"/>
                <TextEquiv>
                    <Unicode>hat zugleich Raum in uns —! Liebe und Trug ... Treue</Unicode>
                </TextEquiv>
            </TextLine>
            <TextLine id="r1l81" custom="readingOrder {index:80;}">
                <Coords points="1476,2701 2704,2721 2705,2665 1478,2649"/>
                <Baseline points="1496,2688 1555,2690 1615,2691 1674,2693 1734,2694 1793,2696 1853,2697 1912,2699 1972,2700 2031,2702 2091,2703 2151,2705 2210,2706 2270,2707 2329,2709 2389,2710 2448,2711 2508,2711 2567,2712 2627,2713 2687,2713"/>
                <TextEquiv>
                    <Unicode>strickende Mannesgestalt, ein wunderbarer Charmeur, ein Künst¬</Unicode>
                </TextEquiv>
            </TextLine>
            <TextLine id="r1l82" custom="readingOrder {index:81;}">
                <Coords points="2693,2704 2785,2730 3037,2738 3086,2721 3148,2746 3182,2732 3226,2760 3229,2678 2921,2671 2842,2687 2695,2656"/>
                <Baseline points="2712,2709 2738,2709 2764,2710 2790,2711 2816,2711 2843,2713 2869,2714 2895,2715 2921,2716 2947,2718 2974,2719 3000,2721 3026,2722 3052,2722 3078,2723 3105,2724 3131,2724 3157,2723 3183,2723 3210,2721"/>
                <TextEquiv>
                    <Unicode>keiner. Es hat seinm</Unicode>
                </TextEquiv>
            </TextLine>
            <TextLine id="r1l83" custom="readingOrder {index:82;}">
                <Coords points="229,2733 1401,2755 1479,2745 1481,2682 231,2662"/>
                <Baseline points="248,2712 308,2712 369,2712 429,2713 490,2714 551,2716 611,2717 672,2718 732,2720 793,2722 854,2724 914,2725 975,2727 1035,2729 1096,2730 1157,2731 1217,2732 1278,2733 1338,2733 1399,2734 1460,2733"/>
                <TextEquiv>
                    <Unicode>und Treulosigkeit ... Anbetung für die eine und Verlangen</Unicode>
                </TextEquiv>
            </TextLine>
            <TextLine id="r1l84" custom="readingOrder {index:83;}">
                <Coords points="1474,2756 2616,2787 2709,2770 2711,2719 1476,2685"/>
                <Baseline points="1494,2735 1553,2737 1613,2739 1673,2741 1733,2742 1793,2744 1853,2746 1912,2748 1972,2749 2032,2751 2092,2753 2152,2754 2212,2756 2272,2757 2331,2758 2391,2759 2451,2760 2511,2761 2571,2762 2631,2762 2691,2763"/>
                <TextEquiv>
                    <Unicode>ler des Liebesspiels, über seine eigene Frau hinweg greift er</Unicode>
                </TextEquiv>
            </TextLine>
            <TextLine id="r1l85" custom="readingOrder {index:84;}">
                <Coords points="2784,2762 2884,2791 2921,2777 2947,2793 2969,2779 3065,2801 3092,2787 3211,2783 3212,2735 3168,2730 3149,2744 3131,2732 3112,2743 3071,2730 2786,2725"/>
                <Baseline points="2802,2770 2828,2770 2854,2770 2880,2770 2906,2771 2932,2773 2958,2774 2984,2775 3011,2776 3037,2778 3063,2779 3089,2779 3115,2780 3141,2780 3167,2779 3194,2778"/>
                <TextEquiv>
                    <Unicode>Das ist das Ende.</Unicode>
                </TextEquiv>
            </TextLine>
            <TextLine id="r1l86" custom="readingOrder {index:85;}">
                <Coords points="226,2759 3227,2843 228,2696"/>
                <Baseline points="246,2758 394,2763 542,2767 690,2771 838,2775 986,2778 1134,2782 1282,2785 1430,2788 1578,2792 1726,2795 1874,2798 2022,2802 2170,2805 2318,2809 2466,2812 2614,2816 2762,2820 2910,2825 3058,2829 3207,2834"/>
                <TextEquiv>
                    <Unicode>nach einer andern oder mehreren. Wir versuchen wohl Ordnung zu anderen. Zuerst ist es eine verheiratete Frau, dann ein hat nur noch ein einziges</Unicode>
                </TextEquiv>
            </TextLine>
            <TextLine id="r1l87" custom="readingOrder {index:86;}">
                <Coords points="224,2841 3229,2906 2697,2800 226,2755"/>
                <Baseline points="242,2809 390,2814 538,2818 687,2822 835,2826 983,2830 1132,2834 1280,2837 1428,2841 1577,2844 1725,2847 1873,2851 2022,2854 2170,2857 2318,2861 2467,2865 2615,2868 2763,2872 2912,2876 3060,2880 3209,2884"/>
                <TextEquiv>
                    <Unicode>in uns zu schaffen, so gut es geht, aber diese Ordnung ist doch iunges Mädchen. Aber erfühlt sebst, daß um seine leichten aber will ihm folgen, da</Unicode>
                </TextEquiv>
            </TextLine>
            <TextEquiv>
                <Unicode>24. Das weite Land
box 29/2

nur etwas Künstliches. Das Natürliche ist das Chaos. Die Liebesspiele etwas Finst
Seele ist ein weites Land.
Feuilleton.
daß sein Spiel „so
Natürlich sind es Liebesspiele, die vor diesem
ist anfänglich rein, ein
Hintergrunde bitterer und tieferer Erkenntnis, dieser melancho¬
weil sie ihn nicht erhör
lischen oder verzweifelten Weltbetrachtung sich abspielen. Es ist
ihrer selbst willen, weil
Großh. Bad. Hof= und Nationaltheater in Mannheim.
Schnitzler, der sich Treue hält. Aber es sind trübe und dunkle,
will. Dann wird auchs
Das weite Land.
schwere und rätselvolle Liebesspiele. Der letzte Rest jener leicht¬
ihr Mann abwesend ist,
0
sinnigen Heiterkeit, jener graziösen und ein wenig frivolen Fein¬
Eine Tragikomödie von Arthur Schnitzler.
Weiher ein Abenteuer
heit, die Schnitzler den Franzosen zu nähern schien, die Anatole
Fähnrich. Aber auch ihr
Schnitzler ist 50 Jahre alt. Auf der Höhe des Lebens ist
und Liebelei schmücken, ist hinweggetilgt. Die Liebesspiele
Man gleitet immer weit
er nicht heiterer, freier, leichter — härter, unmelancholischer
dieser überaus schmerzbewegten, klagenden und bitteren Tragi¬
Lachen ist die Lüge. S
geworden. Nur noch leiser, zarter, einsamer, trauriger, bis hin
komödie, sie graben in die dunkelsten und chaotischesten Tiefen
und sehr lustig anzusehen
zu einem ganz schweren und dunkeln Pessimismus: „Alles ist
der Menschenseele. Einer steht in der Tragikomödie auf und
Worte“ in die Luft.
Täuschung". Bis hin zu einer finsteren Traurigkeit: „Das
erkennt es in schwerer Anklage. „Eine Welt, in der die Liebe
mit dem Kopf auf den
Natürliche ... ist das Chaos“. Schnitzlers Schwermut und
nichts wäre als ein köstliches Spiel, die ließe ich gelten. Doch
wahr gegen sich.
Melancholie verdichten sich mit den Jahren. Wieviel ängstigend
dies Ineinander von Zurückhaltung und Frechheit, von feiger
dunkle und schwere Töne bringt schon der „Weg ins Freie“.
Friedrich Hofreiter
Eifersucht und erlogenem Gleichmut — von rasender Leiden¬
Das „Weite Land“ ist eine Tragikomödie, die das letzte flüch¬
Feigling ins Gesicht.
schaft und leerer Lust, wie ich es hier sehe — das finde ich trüb¬
#tige Huschen eines Lächelns dahinsterben läßt. Am Schluß
fällt. Warum dieser Aus
selig und grauenhaft. Der Freiheit, die sich hier brüstet, der
des zweiten Aktes lacht Frau Genia auf: „das kühne Hinein¬
der Duellmord? Hofreit
fehlt es am Glauben an sich selbst. Darum gelingt ihr die
sausen ins Dunkle — das ist vielleicht das Allerlustigste.“ Aber
Grund den Geliebten sein
heitere Miene nicht, die sie so gerne annehmen möchte ..
dieses Wort ist voll schneidender Bitterkeit und gellt schaurig.
Lande der Seele hat so
darum grinst sie . . . . wo sie lachen will.“
Aber dieses Auflachen ist das Weinen einer Frau, die fühlt,
Natürliche ist das Chaos
Von Treue und Untreue, von Leidenschaft und Tod handelt
daß sie ins Uferlose gleitet ...
hat nicht den Glauben am
die Tragikomödie. Sie spielt in der Welt Schnitzlers, in der
warum, warum . .. undn
Das Weite Land, in das Schnitzler uns führt, es ist die
Welt seiner, gebildeter, verwöhnter Menschen, aber hinter der
haften Bösewicht. Aber
Seele des Menschen. Sein Thema ist zu zeigen, was für
glänzenden Außenseite ist das Chaos und die Lüge und der
Hofreiter erwidert: So
komplizierte Subjekte die Menschen im Grunde sind. „Sovieles
Zwiespalt. Der Fabrikant Hofreiter ist eine glänzende, be¬
schauen in mich k
hat zugleich Raum in uns —! Liebe und Trug ... Treue
strickende Mannesgestalt, ein wunderbarer Charmeur, ein Künst¬
keiner. Es hat seinm
und Treulosigkeit ... Anbetung für die eine und Verlangen
ler des Liebesspiels, über seine eigene Frau hinweg greift er
Das ist das Ende.
nach einer andern oder mehreren. Wir versuchen wohl Ordnung zu anderen. Zuerst ist es eine verheiratete Frau, dann ein hat nur noch ein einziges
in uns zu schaffen, so gut es geht, aber diese Ordnung ist doch iunges Mädchen. Aber erfühlt sebst, daß um seine leichten aber will ihm folgen, da</Unicode>
            </TextEquiv>
        </TextRegion>
    </Page>
</PcGts>
