<?xml version="1.0" encoding="UTF-8" standalone="yes"?>
<PcGts xmlns="http://schema.primaresearch.org/PAGE/gts/pagecontent/2013-07-15" xmlns:xsi="http://www.w3.org/2001/XMLSchema-instance" xsi:schemaLocation="http://schema.primaresearch.org/PAGE/gts/pagecontent/2013-07-15 http://schema.primaresearch.org/PAGE/gts/pagecontent/2013-07-15/pagecontent.xsd">
    <Metadata>
        <Creator>prov=University of Rostock/Institute of Mathematics/CITlab/Gundram Leifert/gundram.leifert@uni-rostock.de:name=ONB_Newseye_GT_M1+(htr_id=10810)::::v=2.4.2
prov=University of Rostock/Institute of Mathematics/CITlab/Tobias Gruening/tobias.gruening@uni-rostock.de:name=de.uros.citlab.module.baseline2polygon.B2PSeamMultiOriented:v=2.4.2
prov=University of Rostock/Institute of Mathematics/CITlab/Tobias Gruening/tobias.gruening@uni-rostock.de:name=/mnt/transkribus/LA/DEA/URO/LA_news_onb_att.pb:de.uros.citlab.segmentation.CITlab_LA_ML:v=2.4.2
Transkribus</Creator>
        <Created>2019-10-07T11:14:31.285+02:00</Created>
        <LastChange>2019-10-08T04:21:57.323+02:00</LastChange>
        <TranskribusMetadata docId="223964" pageId="9497122" pageNr="515" tsid="16500699" status="IN_PROGRESS" userId="40391" imgUrl="https://files.transkribus.eu/Get?id=LZGDXPIXXSYWHTGBUIHICGYI&amp;fileType=view" xmlUrl="https://files.transkribus.eu/Get?id=JRZSUHMBZODNNUUTHHVRLWMP" imageId="6187349"/>
    </Metadata>
    <Page imageFilename="223964_0515.jpeg" imageWidth="3392" imageHeight="4352">
        <ReadingOrder>
            <OrderedGroup id="ro_1711441877071" caption="Regions reading order">
                <RegionRefIndexed index="0" regionRef="r1"/>
            </OrderedGroup>
        </ReadingOrder>
        <TextRegion orientation="0.0" id="r1" custom="readingOrder {index:0;}">
            <Coords points="246,187 246,4197 2906,4197 2906,187"/>
            <TextLine id="r1l1" custom="readingOrder {index:0;}">
                <Coords points="963,231 986,237 1017,233 1075,237 1076,182 1047,181 1042,187 1040,184 1034,189 1029,186 1021,189 990,169 982,175 964,174"/>
                <Baseline points="977,228 1005,226 1034,227 1063,230"/>
                <TextEquiv>
                    <Unicode>La</Unicode>
                </TextEquiv>
            </TextLine>
            <TextLine id="r1l2" custom="readingOrder {index:1;}">
                <Coords points="232,218 1128,280 1204,262 1207,189 1097,187 1004,231 845,172 619,192 493,158 431,200 367,161 233,174"/>
                <Baseline points="246,207 293,213 340,217 387,222 435,226 482,229 529,232 577,234 624,236 671,238 719,240 766,241 813,243 860,244 908,245 955,245 1002,246 1050,247 1097,248 1144,249 1192,250"/>
                <TextEquiv>
                    <Unicode>24. Das veiteand</Unicode>
                </TextEquiv>
            </TextLine>
            <TextLine id="r1l3" custom="readingOrder {index:2;}">
                <Coords points="1354,233 1424,266 1573,244 1640,269 1714,253 1734,269 1805,271 1807,188 1676,197 1650,183 1632,199 1601,185 1553,210 1441,193 1413,174 1355,181"/>
                <Baseline points="1368,236 1394,236 1421,236 1447,237 1474,238 1500,238 1527,240 1553,240 1580,242 1606,243 1633,244 1659,245 1686,245 1712,245 1739,245 1765,245 1792,244"/>
                <TextEquiv>
                    <Unicode>box 29/2</Unicode>
                </TextEquiv>
            </TextLine>
            <TextLine id="r1l4" custom="readingOrder {index:3;}">
                <Coords points="773,1128 1965,1182 1982,1106 773,1097"/>
                <Baseline points="785,1130 844,1132 903,1134 962,1136 1021,1138 1081,1140 1140,1141 1199,1142 1258,1144 1317,1145 1377,1146 1436,1147 1495,1148 1554,1149 1613,1150 1673,1151 1732,1152 1791,1153 1850,1154 1909,1155 1969,1156"/>
                <TextEquiv>
                    <Unicode>mußte aber eine Reichsfinanzreform ablehnen. die Renfligi</Unicode>
                </TextEquiv>
            </TextLine>
            <TextLine id="r1l5" custom="readingOrder {index:4;}">
                <Coords points="765,1166 1816,1216 1838,1164 765,1129"/>
                <Baseline points="778,1167 830,1169 882,1172 934,1174 987,1176 1039,1178 1091,1179 1144,1181 1196,1182 1248,1183 1301,1184 1353,1185 1405,1186 1457,1187 1510,1188 1562,1188 1614,1189 1667,1190 1719,1191 1771,1192 1824,1193"/>
                <TextEquiv>
                    <Unicode>sozialen Ausgleich gegenüber den indirekten Steuern nicht</Unicode>
                </TextEquiv>
            </TextLine>
            <TextLine id="r1l6" custom="readingOrder {index:5;}">
                <Coords points="772,1208 1667,1243 1772,1204 773,1171"/>
                <Baseline points="786,1205 834,1208 883,1210 931,1212 980,1214 1029,1216 1077,1219 1126,1220 1175,1221 1223,1223 1272,1224 1321,1225 1369,1226 1418,1226 1467,1227 1515,1227 1564,1228 1613,1228 1661,1227 1710,1227 1759,1227"/>
                <TextEquiv>
                    <Unicode>enthielt und einseitig einzelne Volksschichten belastete.</Unicode>
                </TextEquiv>
            </TextLine>
            <TextLine id="r1l7" custom="readingOrder {index:6;}">
                <Coords points="1831,1225 2882,1263 2884,1187 1832,1181"/>
                <Baseline points="1843,1224 1894,1226 1945,1229 1997,1231 2048,1233 2099,1234 2151,1236 2202,1237 2253,1238 2305,1239 2356,1240 2407,1240 2459,1241 2510,1241 2561,1242 2613,1242 2664,1242 2715,1242 2767,1242 2818,1242 2870,1242"/>
                <TextEquiv>
                    <Unicode>Die Wahlaufrufe der Fortschrittlichen Volkspartei und der</Unicode>
                </TextEquiv>
            </TextLine>
            <TextLine id="r1l8" custom="readingOrder {index:7;}">
                <Coords points="800,1242 2885,1255 800,1214"/>
                <Baseline points="812,1247 920,1252 1028,1255 1137,1259 1245,1261 1353,1264 1462,1266 1570,1267 1678,1269 1787,1270 1895,1272 2004,1273 2112,1274 2220,1275 2329,1277 2437,1278 2545,1280 2654,1282 2762,1284 2871,1287"/>
                <TextEquiv>
                    <Unicode>Die nächsten Wahlen rufen das Volk auf zum Gericht! Nationalliberalen, die am gestrigen Tage an die Oeffent¬</Unicode>
                </TextEquiv>
            </TextLine>
            <TextLine id="r1l9" custom="readingOrder {index:8;}">
                <Coords points="761,1335 1817,1373 1818,1321 762,1293"/>
                <Baseline points="774,1333 825,1336 877,1338 928,1340 980,1342 1031,1343 1083,1344 1134,1346 1186,1347 1237,1348 1289,1349 1341,1350 1392,1351 1444,1351 1495,1352 1547,1352 1598,1353 1650,1353 1701,1353 1753,1354 1805,1354"/>
                <TextEquiv>
                    <Unicode>gefundene Gemälde zeigt den Dichter in Dreiviertelansicht</Unicode>
                </TextEquiv>
            </TextLine>
            <TextLine id="r1l10" custom="readingOrder {index:9;}">
                <Coords points="1827,1362 2873,1387 2890,1340 1827,1321"/>
                <Baseline points="1841,1354 1892,1356 1944,1357 1996,1358 2047,1359 2099,1361 2151,1361 2202,1362 2254,1363 2306,1364 2358,1364 2409,1365 2461,1365 2513,1366 2564,1367 2616,1368 2668,1368 2719,1369 2771,1370 2823,1371 2875,1373"/>
                <TextEquiv>
                    <Unicode>weniger ausgeprägt, seine individnellen Züge. Zugleich</Unicode>
                </TextEquiv>
            </TextLine>
            <TextLine id="r1l11" custom="readingOrder {index:10;}">
                <Coords points="761,1371 1739,1410 1820,1396 1821,1362 762,1337"/>
                <Baseline points="774,1370 825,1372 877,1374 929,1376 980,1377 1032,1380 1084,1381 1135,1383 1187,1385 1239,1386 1291,1388 1342,1389 1394,1390 1446,1391 1497,1392 1549,1393 1601,1393 1652,1394 1704,1394 1756,1393 1808,1393"/>
                <TextEquiv>
                    <Unicode>von links ausgenommen. Das linke Auge, die ganze Stirn¬</Unicode>
                </TextEquiv>
            </TextLine>
            <TextLine id="r1l12" custom="readingOrder {index:11;}">
                <Coords points="1827,1399 2882,1420 2880,1373 1828,1363"/>
                <Baseline points="1841,1394 1892,1395 1943,1396 1995,1398 2046,1399 2098,1400 2149,1401 2200,1401 2252,1402 2303,1403 2355,1403 2406,1404 2457,1404 2509,1405 2560,1405 2612,1406 2663,1406 2714,1407 2766,1407 2817,1408 2869,1408"/>
                <TextEquiv>
                    <Unicode>aber sind sie auch sämtlich mit dem Stempel einer ge¬</Unicode>
                </TextEquiv>
            </TextLine>
            <TextLine id="r1l13" custom="readingOrder {index:12;}">
                <Coords points="756,1425 1734,1449 1816,1437 1817,1395 757,1363"/>
                <Baseline points="770,1411 821,1413 873,1414 924,1416 976,1418 1028,1419 1079,1421 1131,1422 1183,1423 1234,1425 1286,1426 1338,1427 1389,1428 1441,1429 1493,1429 1544,1430 1596,1431 1648,1431 1699,1432 1751,1432 1803,1432"/>
                <TextEquiv>
                    <Unicode>partie und die obere Nasengegend haben volles Licht, das</Unicode>
                </TextEquiv>
            </TextLine>
            <TextLine id="r1l14" custom="readingOrder {index:13;}">
                <Coords points="1821,1437 2434,1468 2862,1458 2881,1420 1821,1395"/>
                <Baseline points="1834,1431 1885,1433 1937,1435 1988,1436 2040,1438 2092,1439 2143,1440 2195,1441 2247,1442 2298,1442 2350,1443 2402,1444 2453,1444 2505,1445 2557,1445 2608,1445 2660,1446 2712,1446 2763,1446 2815,1446 2867,1446"/>
                <TextEquiv>
                    <Unicode>meinsamen Kultur gezeichnet, beherrschen alle mit Sicher¬</Unicode>
                </TextEquiv>
            </TextLine>
            <TextLine id="r1l15" custom="readingOrder {index:14;}">
                <Coords points="758,1446 1812,1483 1813,1438 1737,1432 759,1410"/>
                <Baseline points="770,1449 821,1452 872,1454 924,1456 975,1458 1027,1459 1078,1460 1129,1461 1181,1462 1232,1463 1284,1464 1335,1464 1386,1465 1438,1465 1489,1465 1541,1466 1592,1467 1643,1468 1695,1468 1746,1470 1798,1471"/>
                <TextEquiv>
                    <Unicode>um die unteren Mundwinkel und um die Nasenflügel noch</Unicode>
                </TextEquiv>
            </TextLine>
            <TextLine id="r1l16" custom="readingOrder {index:15;}">
                <Coords points="1821,1476 2891,1504 2892,1450 2858,1446 1822,1436"/>
                <Baseline points="1834,1471 1886,1472 1938,1473 1990,1474 2042,1474 2094,1475 2146,1476 2199,1478 2251,1479 2303,1480 2355,1480 2407,1481 2459,1482 2511,1483 2564,1483 2616,1484 2668,1484 2720,1485 2772,1485 2824,1485 2877,1485"/>
                <TextEquiv>
                    <Unicode>heit den typischen plauschenden, liebenswürdig lächeln¬</Unicode>
                </TextEquiv>
            </TextLine>
            <TextLine id="r1l17" custom="readingOrder {index:16;}">
                <Coords points="764,1484 1813,1520 1813,1481 1730,1466 765,1453"/>
                <Baseline points="776,1490 827,1491 878,1492 929,1493 980,1494 1031,1496 1082,1497 1134,1498 1185,1500 1236,1501 1287,1502 1338,1503 1389,1505 1440,1506 1492,1507 1543,1508 1594,1508 1645,1509 1696,1510 1747,1510 1799,1510"/>
                <TextEquiv>
                    <Unicode>einmal emporzuckt. Das linke Ohr liegt bereits im tiefen</Unicode>
                </TextEquiv>
            </TextLine>
            <TextLine id="r1l18" custom="readingOrder {index:17;}">
                <Coords points="1825,1521 2882,1535 2882,1491 2846,1487 1825,1476"/>
                <Baseline points="1838,1508 1889,1511 1941,1512 1992,1514 2044,1515 2095,1516 2147,1518 2198,1519 2250,1519 2301,1520 2353,1521 2405,1521 2456,1522 2508,1522 2559,1522 2611,1523 2662,1523 2714,1523 2765,1524 2817,1524 2869,1524"/>
                <TextEquiv>
                    <Unicode>den, niemals ernsten Ton des Gespräches und suchen</Unicode>
                </TextEquiv>
            </TextLine>
            <TextLine id="r1l19" custom="readingOrder {index:18;}">
                <Coords points="768,1532 1780,1564 1813,1520 769,1490"/>
                <Baseline points="781,1529 831,1529 882,1530 933,1531 984,1532 1035,1533 1086,1535 1137,1535 1188,1537 1239,1538 1290,1539 1340,1540 1391,1542 1442,1543 1493,1544 1544,1546 1595,1547 1646,1548 1697,1549 1748,1550 1799,1551"/>
                <TextEquiv>
                    <Unicode>Schatten, so daß das Licht schräg von vorne eingefallen zu</Unicode>
                </TextEquiv>
            </TextLine>
            <TextLine id="r1l20" custom="readingOrder {index:19;}">
                <Coords points="1828,1559 2893,1582 2862,1529 1829,1517"/>
                <Baseline points="1841,1550 1892,1550 1944,1551 1996,1552 2048,1553 2100,1554 2152,1556 2204,1556 2256,1558 2308,1558 2360,1559 2411,1560 2463,1561 2515,1562 2567,1562 2619,1562 2671,1563 2723,1563 2775,1563 2827,1563 2879,1562"/>
                <TextEquiv>
                    <Unicode>einander zu übertreffen in der Kenntnis der intimen ge¬</Unicode>
                </TextEquiv>
            </TextLine>
            <TextLine id="r1l21" custom="readingOrder {index:20;}">
                <Coords points="759,1572 1815,1602 1816,1560 1759,1551 760,1532"/>
                <Baseline points="771,1565 822,1566 874,1568 925,1569 977,1570 1029,1572 1080,1574 1132,1575 1183,1576 1235,1577 1287,1579 1338,1580 1390,1581 1441,1582 1493,1584 1545,1584 1596,1586 1648,1587 1699,1587 1751,1588 1803,1589"/>
                <TextEquiv>
                    <Unicode>sein scheint, womit allerdings die Schatten auf der rechten</Unicode>
                </TextEquiv>
            </TextLine>
            <TextLine id="r1l22" custom="readingOrder {index:21;}">
                <Coords points="1824,1597 2891,1616 2892,1574 1824,1558"/>
                <Baseline points="1838,1590 1892,1590 1947,1590 2002,1591 2056,1592 2111,1593 2166,1594 2220,1595 2275,1597 2330,1598 2384,1599 2439,1601 2494,1602 2548,1602 2603,1603 2658,1603 2712,1603 2767,1603 2822,1602 2877,1600"/>
                <TextEquiv>
                    <Unicode>gesellschaftlichen Beziehungen und der neuesten Skan¬</Unicode>
                </TextEquiv>
            </TextLine>
            <TextLine id="r1l23" custom="readingOrder {index:22;}">
                <Coords points="767,1604 1813,1639 1814,1592 1783,1589 768,1565"/>
                <Baseline points="779,1604 830,1606 881,1608 932,1610 983,1612 1034,1614 1085,1615 1136,1617 1187,1618 1238,1619 1289,1620 1340,1621 1391,1622 1442,1623 1493,1624 1544,1624 1595,1625 1646,1625 1697,1626 1748,1626 1799,1627"/>
                <TextEquiv>
                    <Unicode>Wange nicht ganz in Einklang zu bringen sind. Ueber den</Unicode>
                </TextEquiv>
            </TextLine>
            <TextLine id="r1l24" custom="readingOrder {index:23;}">
                <Coords points="1819,1638 2888,1659 2889,1612 1819,1593"/>
                <Baseline points="1831,1629 1883,1629 1935,1629 1987,1629 2039,1630 2092,1631 2144,1632 2196,1633 2248,1634 2300,1635 2353,1636 2405,1637 2457,1638 2509,1639 2561,1640 2614,1641 2666,1641 2718,1641 2770,1641 2822,1641 2875,1640"/>
                <TextEquiv>
                    <Unicode>dälchen und Sensatiönchen. Das Ideal der jüngeren</Unicode>
                </TextEquiv>
            </TextLine>
            <TextLine id="r1l25" custom="readingOrder {index:24;}">
                <Coords points="752,1674 1791,1699 1810,1634 753,1611"/>
                <Baseline points="765,1649 816,1649 868,1650 919,1650 971,1651 1023,1652 1074,1652 1126,1653 1177,1654 1229,1655 1281,1657 1332,1658 1384,1659 1435,1660 1487,1662 1539,1663 1590,1664 1642,1666 1693,1668 1745,1669 1797,1670"/>
                <TextEquiv>
                    <Unicode>Augen fallen die seingeschnittenen Brauen auf. Die Augen</Unicode>
                </TextEquiv>
            </TextLine>
            <TextLine id="r1l26" custom="readingOrder {index:25;}">
                <Coords points="1823,1669 2886,1682 2857,1645 1824,1632"/>
                <Baseline points="1837,1666 1888,1667 1940,1668 1992,1669 2044,1670 2095,1671 2147,1672 2199,1673 2251,1673 2302,1674 2354,1675 2406,1676 2458,1677 2509,1677 2561,1678 2613,1679 2665,1679 2716,1680 2768,1680 2820,1681 2872,1681"/>
                <TextEquiv>
                    <Unicode>Generation, zu der sich noch mancher freiwillige Rekrut</Unicode>
                </TextEquiv>
            </TextLine>
            <TextLine id="r1l27" custom="readingOrder {index:26;}">
                <Coords points="1812,1705 2856,1735 2888,1683 1813,1658"/>
                <Baseline points="1825,1708 1877,1708 1930,1709 1982,1709 2035,1710 2087,1711 2140,1712 2192,1713 2245,1713 2297,1714 2350,1715 2402,1716 2455,1717 2507,1717 2560,1718 2612,1719 2665,1719 2717,1719 2770,1720 2822,1720 2875,1720"/>
                <TextEquiv>
                    <Unicode>aus den höheren Jahrgängen gesellt, ist natürlich das</Unicode>
                </TextEquiv>
            </TextLine>
            <TextLine id="r1l28" custom="readingOrder {index:27;}">
                <Coords points="1824,1748 2860,1771 2889,1724 1824,1709"/>
                <Baseline points="1836,1746 1890,1747 1945,1747 2000,1748 2054,1749 2109,1750 2164,1751 2218,1752 2273,1753 2328,1753 2382,1754 2437,1755 2492,1756 2546,1757 2601,1757 2656,1758 2710,1758 2765,1759 2820,1759 2875,1760"/>
                <TextEquiv>
                    <Unicode>Tennis. Besonders gut gelungen ist ein junger Fanatiker</Unicode>
                </TextEquiv>
            </TextLine>
            <TextLine id="r1l29" custom="readingOrder {index:28;}">
                <Coords points="1810,1777 2880,1816 2855,1766 1811,1738"/>
                <Baseline points="1824,1784 1876,1784 1928,1785 1980,1785 2032,1786 2084,1787 2136,1788 2189,1789 2241,1791 2293,1792 2345,1793 2397,1794 2449,1795 2501,1796 2554,1796 2606,1797 2658,1798 2710,1798 2762,1798 2814,1799 2867,1799"/>
                <TextEquiv>
                    <Unicode>dieses Spieles, der mit dem Racket auf die Welt ge¬</Unicode>
                </TextEquiv>
            </TextLine>
            <TextLine id="r1l30" custom="readingOrder {index:29;}">
                <Coords points="1808,1818 2883,1844 2883,1792 1808,1781"/>
                <Baseline points="1821,1825 1873,1825 1925,1825 1978,1825 2030,1826 2083,1826 2135,1827 2187,1828 2240,1829 2292,1830 2345,1831 2397,1831 2449,1832 2502,1833 2554,1834 2607,1834 2659,1835 2711,1835 2764,1835 2816,1835 2869,1834"/>
                <TextEquiv>
                    <Unicode>kommen scheint und der immer in den spannendsten und</Unicode>
                </TextEquiv>
            </TextLine>
            <TextLine id="r1l31" custom="readingOrder {index:30;}">
                <Coords points="1822,1866 2719,1894 2876,1881 2877,1842 1823,1827"/>
                <Baseline points="1835,1864 1886,1864 1937,1864 1989,1864 2040,1865 2092,1865 2143,1866 2194,1868 2246,1869 2297,1870 2349,1871 2400,1872 2451,1873 2503,1875 2554,1876 2606,1877 2657,1877 2708,1877 2760,1877 2811,1877 2863,1877"/>
                <TextEquiv>
                    <Unicode>diskretesten Situationen vom Tennisplatz hergestürzt</Unicode>
                </TextEquiv>
            </TextLine>
            <TextLine id="r1l32" custom="readingOrder {index:31;}">
                <Coords points="1810,1897 2878,1929 2878,1882 1811,1856"/>
                <Baseline points="1824,1902 1876,1902 1928,1902 1980,1902 2032,1903 2084,1903 2136,1904 2188,1905 2240,1906 2292,1907 2344,1908 2396,1910 2448,1911 2500,1912 2552,1913 2604,1914 2656,1915 2708,1915 2760,1916 2812,1916 2865,1916"/>
                <TextEquiv>
                    <Unicode>kommt und schon von Weitem aufgeregt von der letzten</Unicode>
                </TextEquiv>
            </TextLine>
            <TextLine id="r1l33" custom="readingOrder {index:32;}">
                <Coords points="1818,1941 2872,1968 2873,1929 1819,1902"/>
                <Baseline points="1831,1940 1882,1940 1933,1941 1985,1941 2036,1942 2088,1943 2139,1944 2191,1945 2242,1946 2294,1948 2345,1948 2396,1949 2448,1950 2499,1951 2551,1952 2602,1953 2654,1953 2705,1953 2757,1953 2808,1953 2860,1952"/>
                <TextEquiv>
                    <Unicode>Partie berichtet. Etwas anderes hat ihm die Natur als</Unicode>
                </TextEquiv>
            </TextLine>
            <TextLine id="r1l34" custom="readingOrder {index:33;}">
                <Coords points="1812,1981 2837,2003 2875,1960 1813,1944"/>
                <Baseline points="1825,1977 1876,1978 1928,1979 1980,1980 2032,1980 2083,1981 2135,1982 2187,1983 2239,1984 2290,1985 2342,1986 2394,1987 2446,1988 2497,1989 2549,1990 2601,1990 2653,1991 2704,1992 2756,1993 2808,1993 2860,1994"/>
                <TextEquiv>
                    <Unicode>Lebensaufgabe nicht auferlegt. Herr Kanzenel traf</Unicode>
                </TextEquiv>
            </TextLine>
            <TextLine id="r1l35" custom="readingOrder {index:34;}">
                <Coords points="1820,2019 2867,2039 2862,1986 1821,1980"/>
                <Baseline points="1834,2016 1885,2016 1936,2017 1987,2017 2038,2018 2089,2019 2140,2019 2191,2020 2242,2021 2293,2022 2344,2023 2395,2024 2446,2025 2497,2025 2548,2027 2599,2027 2650,2028 2701,2029 2752,2030 2803,2031 2855,2032"/>
                <TextEquiv>
                    <Unicode>den Ton dieser Gestalt, die eine keineswegs nebensächliche</Unicode>
                </TextEquiv>
            </TextLine>
            <TextLine id="r1l36" custom="readingOrder {index:35;}">
                <Coords points="1813,2058 2773,2085 2872,2079 2873,2037 1813,2016"/>
                <Baseline points="1827,2058 1878,2058 1930,2058 1981,2058 2033,2059 2085,2060 2136,2060 2188,2061 2240,2062 2291,2063 2343,2064 2395,2065 2446,2066 2498,2066 2550,2067 2601,2067 2653,2068 2705,2068 2756,2068 2808,2067 2860,2067"/>
                <TextEquiv>
                    <Unicode>Rolle spielt und ihre ganz bestimmte Aufgabe in der</Unicode>
                </TextEquiv>
            </TextLine>
            <TextLine id="r1l37" custom="readingOrder {index:36;}">
                <Coords points="1810,2091 2726,2124 2880,2105 2881,2069 1811,2060"/>
                <Baseline points="1824,2098 1876,2097 1928,2097 1980,2098 2032,2098 2085,2099 2137,2099 2189,2100 2241,2101 2293,2102 2346,2103 2398,2104 2450,2105 2502,2105 2554,2106 2607,2106 2659,2106 2711,2106 2763,2106 2815,2105 2868,2104"/>
                <TextEquiv>
                    <Unicode>Entwicklung der Handlung hat, mit sicherer Erfassung des</Unicode>
                </TextEquiv>
            </TextLine>
            <TextLine id="r1l38" custom="readingOrder {index:37;}">
                <Coords points="1814,2137 1837,2142 1858,2137 1866,2145 1884,2147 1903,2140 1916,2147 1926,2142 1939,2153 1965,2140 1999,2145 1999,2106 1939,2106 1934,2100 1897,2106 1892,2100 1814,2097"/>
                <Baseline points="1826,2133 1852,2134 1879,2134 1906,2133 1932,2133 1959,2134 1986,2135"/>
                <TextEquiv>
                    <Unicode>Typus.</Unicode>
                </TextEquiv>
            </TextLine>
            <TextLine id="r1l39" custom="readingOrder {index:38;}">
                <Coords points="2019,2145 2570,2163 2700,2160 2732,2134 2875,2160 2876,2108 2019,2114"/>
                <Baseline points="2032,2132 2073,2135 2114,2137 2156,2139 2197,2140 2239,2141 2280,2142 2322,2143 2363,2143 2405,2144 2446,2144 2487,2144 2529,2144 2570,2144 2612,2145 2653,2145 2695,2145 2736,2146 2778,2147 2819,2147 2861,2149"/>
                <TextEquiv>
                    <Unicode>Schon diese flüchtigen Andeutungen lassen</Unicode>
                </TextEquiv>
            </TextLine>
            <TextLine id="r1l40" custom="readingOrder {index:39;}">
                <Coords points="1809,2173 1827,2173 1845,2184 1861,2184 1882,2179 1898,2167 1914,2167 1914,2141 1893,2140 1885,2146 1875,2140 1867,2143 1854,2137 1844,2145 1836,2137 1810,2134"/>
                <Baseline points="1823,2171 1848,2171 1874,2172 1900,2172"/>
                <TextEquiv>
                    <Unicode>als</Unicode>
                </TextEquiv>
            </TextLine>
            <TextLine id="r1l41" custom="readingOrder {index:40;}">
                <Coords points="1930,2182 2074,2166 2149,2202 2188,2182 2243,2201 2411,2168 2499,2204 2564,2195 2565,2159 2289,2132 1931,2142"/>
                <Baseline points="1943,2174 1973,2173 2003,2173 2034,2172 2064,2172 2095,2172 2125,2173 2155,2173 2186,2174 2216,2175 2247,2176 2277,2177 2307,2177 2338,2178 2368,2179 2399,2180 2429,2181 2459,2182 2490,2183 2520,2183 2551,2184"/>
                <TextEquiv>
                    <Unicode>einen charakteristischen Zug</Unicode>
                </TextEquiv>
            </TextLine>
            <TextLine id="r1l42" custom="readingOrder {index:41;}">
                <Coords points="2557,2179 2609,2193 2649,2191 2670,2178 2693,2189 2711,2182 2742,2201 2753,2190 2868,2197 2869,2150 2819,2157 2741,2146 2693,2161 2676,2142 2558,2148"/>
                <Baseline points="2570,2180 2596,2180 2622,2181 2648,2181 2674,2181 2700,2182 2726,2182 2752,2183 2778,2184 2804,2184 2830,2184 2856,2184"/>
                <TextEquiv>
                    <Unicode>des Stuites</Unicode>
                </TextEquiv>
            </TextLine>
            <TextLine id="r1l43" custom="readingOrder {index:42;}">
                <Coords points="1815,2223 1933,2207 1964,2223 2029,2228 2131,2212 2131,2181 2089,2181 2063,2168 2042,2181 1815,2173"/>
                <Baseline points="1829,2208 1855,2211 1881,2212 1907,2213 1933,2213 1959,2213 1986,2212 2012,2211 2038,2211 2064,2211 2090,2211 2117,2212"/>
                <TextEquiv>
                    <Unicode>den Reichtum</Unicode>
                </TextEquiv>
            </TextLine>
            <TextLine id="r1l44" custom="readingOrder {index:43;}">
                <Coords points="2269,2221 2483,2232 2522,2209 2579,2242 2752,2218 2877,2238 2878,2186 2478,2191 2408,2174 2270,2190"/>
                <Baseline points="2283,2215 2312,2216 2341,2217 2370,2218 2399,2219 2428,2219 2457,2220 2486,2220 2515,2221 2544,2222 2573,2222 2602,2222 2631,2223 2660,2223 2689,2223 2718,2223 2747,2224 2776,2224 2805,2224 2834,2224 2863,2224"/>
                <TextEquiv>
                    <Unicode>Charakteren erkennen, den</Unicode>
                </TextEquiv>
            </TextLine>
            <TextLine id="r1l45" custom="readingOrder {index:44;}">
                <Coords points="1809,2264 2869,2267 2869,2233 2754,2218 1810,2220"/>
                <Baseline points="1823,2249 1874,2250 1926,2250 1977,2251 2029,2252 2081,2253 2132,2254 2184,2255 2235,2256 2287,2257 2339,2258 2390,2259 2442,2259 2493,2260 2545,2261 2597,2262 2648,2262 2700,2262 2751,2263 2803,2263 2855,2262"/>
                <TextEquiv>
                    <Unicode>Schnitzlers Kunst hier geschaffen hat, und den im Ein¬</Unicode>
                </TextEquiv>
            </TextLine>
            <TextLine id="r1l46" custom="readingOrder {index:45;}">
                <Coords points="598,2286 818,2319 1548,2301 1549,2251 1512,2233 599,2250"/>
                <Baseline points="611,2292 657,2292 703,2291 749,2290 795,2290 842,2290 888,2290 934,2290 980,2290 1026,2291 1073,2291 1119,2292 1165,2292 1211,2293 1257,2293 1304,2293 1350,2294 1396,2294 1442,2294 1488,2293 1535,2293"/>
                <TextEquiv>
                    <Unicode>General-Anzeiger, Frankfurt a. M.</Unicode>
                </TextEquiv>
            </TextLine>
            <TextLine id="r1l47" custom="readingOrder {index:46;}">
                <Coords points="1811,2301 2847,2318 2872,2266 1812,2262"/>
                <Baseline points="1825,2293 1876,2292 1928,2292 1980,2292 2031,2292 2083,2293 2135,2294 2186,2295 2238,2296 2290,2297 2342,2298 2393,2299 2445,2300 2497,2302 2548,2302 2600,2303 2652,2303 2703,2303 2755,2303 2807,2302 2859,2301"/>
                <TextEquiv>
                    <Unicode>zelnen zu beobachten, vielleicht der größte Reiz des Stückes</Unicode>
                </TextEquiv>
            </TextLine>
            <TextLine id="r1l48" custom="readingOrder {index:47;}">
                <Coords points="1804,2329 2864,2351 2864,2314 2632,2298 1805,2295"/>
                <Baseline points="1817,2330 1868,2330 1920,2331 1972,2331 2023,2332 2075,2333 2127,2334 2178,2335 2230,2335 2282,2336 2334,2337 2385,2338 2437,2338 2489,2339 2540,2340 2592,2340 2644,2341 2695,2341 2747,2342 2799,2342 2851,2342"/>
                <TextEquiv>
                    <Unicode>ist. Zugleich aber taucht schon hier ein grundlegender</Unicode>
                </TextEquiv>
            </TextLine>
            <TextLine id="r1l49" custom="readingOrder {index:48;}">
                <Coords points="1808,2367 2721,2399 2867,2385 2868,2351 1808,2328"/>
                <Baseline points="1822,2368 1873,2369 1925,2370 1976,2371 2028,2371 2080,2372 2131,2373 2183,2373 2234,2374 2286,2374 2338,2375 2389,2376 2441,2376 2492,2377 2544,2377 2596,2378 2647,2378 2699,2379 2750,2379 2802,2380 2854,2381"/>
                <TextEquiv>
                    <Unicode>Mangel auf, der die Wirkung des Stückes empfindlich</Unicode>
                </TextEquiv>
            </TextLine>
            <TextLine id="r1l50" custom="readingOrder {index:49;}">
                <Coords points="1813,2412 2841,2437 2879,2374 1814,2373"/>
                <Baseline points="1827,2408 1881,2408 1936,2409 1991,2410 2045,2410 2100,2411 2155,2412 2209,2413 2264,2414 2319,2415 2373,2416 2428,2417 2483,2418 2537,2418 2592,2419 2647,2419 2701,2420 2756,2420 2811,2419 2866,2419"/>
                <TextEquiv>
                    <Unicode>schädigt. Es ist kein Zufall, daß der Dichter jede seiner</Unicode>
                </TextEquiv>
            </TextLine>
            <TextLine id="r1l51" custom="readingOrder {index:50;}">
                <Coords points="1816,2454 2868,2464 2837,2422 1816,2413"/>
                <Baseline points="1828,2446 1879,2447 1930,2448 1982,2449 2033,2449 2084,2450 2136,2451 2187,2452 2238,2452 2290,2453 2341,2454 2392,2454 2444,2455 2495,2456 2546,2456 2598,2457 2649,2457 2700,2457 2752,2458 2803,2458 2855,2457"/>
                <TextEquiv>
                    <Unicode>Gestaltgn so subtil und persönlich schildert. Es ist viel¬</Unicode>
                </TextEquiv>
            </TextLine>
            <TextLine id="r1l52" custom="readingOrder {index:51;}">
                <Coords points="943,2425 991,2459 1061,2465 1078,2484 1285,2479 1289,2406 997,2388 944,2401"/>
                <Baseline points="954,2444 980,2447 1007,2450 1034,2452 1060,2455 1087,2456 1114,2457 1140,2459 1167,2459 1194,2460 1220,2461 1247,2461 1274,2462"/>
                <TextEquiv>
                    <Unicode>20 U. 11</Unicode>
                </TextEquiv>
            </TextLine>
            <TextLine id="r1l53" custom="readingOrder {index:52;}">
                <Coords points="1634,2490 1652,2491 1657,2486 1673,2492 1699,2490 1737,2505 1759,2493 1780,2494 1783,2429 1746,2427 1738,2432 1723,2426 1709,2436 1688,2440 1681,2432 1670,2431 1662,2439 1654,2433 1636,2433"/>
                <Baseline points="1647,2482 1677,2481 1707,2482 1737,2484 1768,2487"/>
                <TextEquiv>
                    <Unicode>U. K.</Unicode>
                </TextEquiv>
            </TextLine>
            <TextLine id="r1l54" custom="readingOrder {index:53;}">
                <Coords points="1799,2495 2875,2513 2857,2450 1800,2443"/>
                <Baseline points="1812,2488 1864,2487 1917,2487 1969,2487 2022,2488 2074,2488 2127,2489 2179,2490 2232,2491 2284,2492 2337,2494 2389,2495 2442,2496 2494,2497 2547,2498 2599,2498 2652,2499 2704,2499 2757,2498 2809,2498 2862,2497"/>
                <TextEquiv>
                    <Unicode>mehr eine notwendige Folge seiner psychologischen An¬</Unicode>
                </TextEquiv>
            </TextLine>
            <TextLine id="r1l55" custom="readingOrder {index:54;}">
                <Coords points="1806,2533 2866,2548 2867,2496 1807,2494"/>
                <Baseline points="1820,2525 1871,2525 1923,2525 1974,2525 2026,2526 2078,2526 2129,2527 2181,2528 2232,2530 2284,2531 2336,2532 2387,2533 2439,2535 2490,2536 2542,2536 2594,2537 2645,2538 2697,2538 2748,2538 2800,2538 2852,2537"/>
                <TextEquiv>
                    <Unicode>schauung und jener moralischen Theorie, die Schnitzler</Unicode>
                </TextEquiv>
            </TextLine>
            <TextLine id="r1l56" custom="readingOrder {index:55;}">
                <Coords points="811,2534 1800,2552 1800,2490 1774,2487 811,2469"/>
                <Baseline points="823,2522 871,2525 919,2527 967,2529 1016,2531 1064,2532 1112,2533 1160,2534 1209,2534 1257,2535 1305,2535 1353,2535 1402,2535 1450,2536 1498,2536 1546,2536 1595,2536 1643,2537 1691,2538 1739,2538 1788,2539"/>
                <TextEquiv>
                    <Unicode>= Frankfurter Schauspielhaus. Die mit Spannung</Unicode>
                </TextEquiv>
            </TextLine>
            <TextLine id="r1l57" custom="readingOrder {index:56;}">
                <Coords points="1811,2566 2803,2589 2868,2580 2869,2541 1812,2535"/>
                <Baseline points="1825,2560 1876,2561 1927,2562 1979,2563 2030,2564 2082,2565 2133,2566 2185,2567 2236,2568 2288,2569 2339,2570 2390,2571 2442,2572 2493,2573 2545,2574 2596,2574 2648,2575 2699,2576 2751,2576 2802,2577 2854,2577"/>
                <TextEquiv>
                    <Unicode>mit dem Titel seines Stückes symbolisch ausdrücken will.</Unicode>
                </TextEquiv>
            </TextLine>
            <TextLine id="r1l58" custom="readingOrder {index:57;}">
                <Coords points="763,2566 1678,2595 1806,2581 1807,2550 763,2535"/>
                <Baseline points="775,2566 825,2566 876,2568 927,2569 978,2569 1029,2570 1080,2572 1131,2573 1182,2573 1233,2574 1284,2575 1334,2576 1385,2577 1436,2577 1487,2578 1538,2578 1589,2579 1640,2579 1691,2579 1742,2579 1793,2578"/>
                <TextEquiv>
                    <Unicode>rwartete erste Aufführung von Arthur Schnißlers</Unicode>
                </TextEquiv>
            </TextLine>
            <TextLine id="r1l59" custom="readingOrder {index:58;}">
                <Coords points="1806,2608 2819,2626 2868,2616 2869,2580 1807,2569"/>
                <Baseline points="1819,2602 1870,2602 1922,2603 1974,2603 2026,2604 2078,2604 2129,2605 2181,2606 2233,2607 2285,2608 2337,2609 2388,2610 2440,2611 2492,2612 2544,2612 2596,2613 2647,2613 2699,2613 2751,2613 2803,2613 2855,2612"/>
                <TextEquiv>
                    <Unicode>Denn sein eignes Leben hat den Dichter gelehrt, wie falsch es</Unicode>
                </TextEquiv>
            </TextLine>
            <TextLine id="r1l60" custom="readingOrder {index:59;}">
                <Coords points="756,2612 1087,2631 1445,2600 1768,2629 1798,2583 756,2573"/>
                <Baseline points="768,2602 818,2605 869,2607 920,2609 971,2610 1021,2611 1072,2612 1123,2613 1174,2613 1224,2613 1275,2613 1326,2613 1377,2613 1427,2613 1478,2614 1529,2614 1580,2614 1630,2614 1681,2615 1732,2616 1783,2617"/>
                <TextEquiv>
                    <Unicode>Tragikomödie „Dasweite Land“ hat sich nun end¬</Unicode>
                </TextEquiv>
            </TextLine>
            <TextLine id="r1l61" custom="readingOrder {index:60;}">
                <Coords points="1813,2647 2872,2669 2873,2612 1813,2606"/>
                <Baseline points="1826,2641 1877,2642 1929,2642 1981,2643 2032,2644 2084,2644 2136,2645 2187,2646 2239,2646 2291,2647 2343,2648 2394,2648 2446,2649 2498,2650 2549,2651 2601,2651 2653,2652 2704,2653 2756,2653 2808,2654 2860,2655"/>
                <TextEquiv>
                    <Unicode>ist, den Handlungen des Menschen einen engbegrenzten Weg</Unicode>
                </TextEquiv>
            </TextLine>
            <TextLine id="r1l62" custom="readingOrder {index:61;}">
                <Coords points="764,2646 1802,2669 1803,2622 764,2609"/>
                <Baseline points="776,2643 826,2644 877,2645 927,2646 978,2647 1029,2647 1079,2648 1130,2648 1181,2649 1231,2649 1282,2650 1333,2650 1383,2650 1434,2651 1485,2651 1535,2651 1586,2652 1637,2652 1687,2653 1738,2653 1789,2654"/>
                <TextEquiv>
                    <Unicode>ich am Samstag ermöglichenlasien.Die Aufnahme des</Unicode>
                </TextEquiv>
            </TextLine>
            <TextLine id="r1l63" custom="readingOrder {index:62;}">
                <Coords points="1808,2684 2878,2692 2753,2654 1808,2647"/>
                <Baseline points="1820,2678 1872,2679 1924,2679 1976,2680 2028,2681 2081,2682 2133,2683 2185,2684 2237,2685 2289,2686 2342,2687 2394,2688 2446,2689 2498,2689 2550,2690 2603,2690 2655,2690 2707,2690 2759,2690 2811,2690 2864,2689"/>
                <TextEquiv>
                    <Unicode>vorzuschreiben und sie nach einem festen Maßstab zu beur¬</Unicode>
                </TextEquiv>
            </TextLine>
            <TextLine id="r1l64" custom="readingOrder {index:63;}">
                <Coords points="752,2694 1809,2710 1791,2660 752,2652"/>
                <Baseline points="766,2683 817,2684 868,2685 920,2686 971,2687 1023,2688 1074,2688 1126,2689 1177,2689 1229,2689 1280,2689 1331,2689 1383,2689 1434,2689 1486,2690 1537,2690 1589,2690 1640,2691 1692,2692 1743,2693 1795,2694"/>
                <TextEquiv>
                    <Unicode>Stückes war so, wie sie in den letzten Jahren die Premieren</Unicode>
                </TextEquiv>
            </TextLine>
            <TextLine id="r1l65" custom="readingOrder {index:64;}">
                <Coords points="1809,2725 2809,2741 2863,2734 2864,2695 1810,2683"/>
                <Baseline points="1822,2717 1873,2718 1924,2719 1976,2720 2027,2721 2079,2721 2130,2722 2182,2723 2233,2724 2285,2725 2336,2725 2387,2726 2439,2727 2490,2727 2542,2728 2593,2728 2645,2728 2696,2728 2748,2728 2799,2728 2851,2728"/>
                <TextEquiv>
                    <Unicode>teilen und er hat erkannt, ein wie ungeheuer kompliziertes</Unicode>
                </TextEquiv>
            </TextLine>
            <TextLine id="r1l66" custom="readingOrder {index:65;}">
                <Coords points="753,2729 1784,2752 1803,2702 753,2697"/>
                <Baseline points="765,2722 816,2722 867,2723 918,2724 969,2724 1020,2725 1071,2725 1123,2725 1174,2726 1225,2727 1276,2727 1327,2727 1378,2728 1429,2729 1481,2729 1532,2730 1583,2731 1634,2732 1685,2733 1736,2734 1788,2735"/>
                <TextEquiv>
                    <Unicode>neuer Stücke oft gefunden haben: es war kein Mißerfolg,</Unicode>
                </TextEquiv>
            </TextLine>
            <TextLine id="r1l67" custom="readingOrder {index:66;}">
                <Coords points="1801,2766 2822,2786 2871,2768 2872,2719 1802,2727"/>
                <Baseline points="1814,2756 1866,2757 1918,2758 1970,2759 2022,2760 2075,2761 2127,2761 2179,2762 2231,2763 2283,2763 2336,2764 2388,2765 2440,2765 2492,2766 2544,2767 2597,2767 2649,2768 2701,2769 2753,2770 2805,2771 2858,2772"/>
                <TextEquiv>
                    <Unicode>Gebilde die Seele des Menschen ist, und daß es unmöglich</Unicode>
                </TextEquiv>
            </TextLine>
            <TextLine id="r1l68" custom="readingOrder {index:67;}">
                <Coords points="749,2765 1801,2785 1801,2748 1744,2737 749,2739"/>
                <Baseline points="761,2760 812,2761 863,2762 914,2763 966,2764 1017,2765 1068,2765 1120,2766 1171,2766 1222,2766 1274,2767 1325,2767 1376,2768 1427,2768 1479,2769 1530,2769 1581,2770 1633,2771 1684,2772 1735,2772 1787,2774"/>
                <TextEquiv>
                    <Unicode>es war aber auch kein Erfolg. Schnitzler wird als Dichter,</Unicode>
                </TextEquiv>
            </TextLine>
            <TextLine id="r1l69" custom="readingOrder {index:68;}">
                <Coords points="1806,2807 2861,2822 2861,2772 1807,2762"/>
                <Baseline points="1820,2796 1871,2797 1922,2797 1974,2798 2025,2798 2077,2799 2128,2800 2179,2800 2231,2801 2282,2802 2334,2803 2385,2803 2436,2804 2488,2805 2539,2805 2591,2806 2642,2806 2693,2807 2745,2807 2796,2807 2848,2807"/>
                <TextEquiv>
                    <Unicode>ist, dieses Chaos unbewußter Gefühle und bewußter Ver¬</Unicode>
                </TextEquiv>
            </TextLine>
            <TextLine id="r1l70" custom="readingOrder {index:69;}">
                <Coords points="741,2796 1570,2828 1797,2824 1798,2785 741,2770"/>
                <Baseline points="755,2798 806,2799 858,2799 909,2800 961,2800 1012,2801 1064,2802 1115,2803 1167,2804 1218,2804 1270,2805 1321,2806 1373,2807 1424,2808 1476,2809 1527,2809 1579,2810 1630,2810 1682,2811 1733,2811 1785,2811"/>
                <TextEquiv>
                    <Unicode>d. h. als Menschengestalter niemals versagen. Seine</Unicode>
                </TextEquiv>
            </TextLine>
            <TextLine id="r1l71" custom="readingOrder {index:70;}">
                <Coords points="1810,2845 2854,2860 2831,2810 1810,2804"/>
                <Baseline points="1823,2837 1873,2837 1924,2837 1975,2837 2026,2837 2077,2838 2128,2838 2179,2839 2230,2840 2281,2841 2332,2842 2382,2843 2433,2843 2484,2844 2535,2845 2586,2845 2637,2846 2688,2846 2739,2846 2790,2846 2841,2845"/>
                <TextEquiv>
                    <Unicode>nunft mit Machtworten und Vorschriften zum Kosmos</Unicode>
                </TextEquiv>
            </TextLine>
            <TextLine id="r1l72" custom="readingOrder {index:71;}">
                <Coords points="745,2848 1800,2867 1800,2817 746,2795"/>
                <Baseline points="758,2839 809,2839 860,2840 912,2840 963,2841 1015,2841 1066,2842 1117,2842 1169,2843 1220,2843 1272,2844 1323,2845 1374,2845 1426,2846 1477,2846 1529,2847 1580,2847 1631,2848 1683,2848 1734,2849 1786,2849"/>
                <TextEquiv>
                    <Unicode>Menschen tragen immer eigene Züge. Sie haben jeder</Unicode>
                </TextEquiv>
            </TextLine>
            <TextLine id="r1l73" custom="readingOrder {index:72;}">
                <Coords points="1810,2873 2870,2888 2854,2844 1810,2841"/>
                <Baseline points="1824,2875 1875,2875 1927,2876 1978,2877 2030,2877 2082,2878 2133,2878 2185,2879 2237,2879 2288,2880 2340,2881 2392,2881 2443,2882 2495,2883 2547,2883 2598,2884 2650,2885 2702,2885 2753,2886 2805,2887 2857,2888"/>
                <TextEquiv>
                    <Unicode>zu verwandeln. Und er beobachtet nun von diesem!</Unicode>
                </TextEquiv>
            </TextLine>
            <TextLine id="r1l74" custom="readingOrder {index:73;}">
                <Coords points="738,2879 1798,2894 1783,2857 739,2845"/>
                <Baseline points="752,2881 803,2880 855,2880 906,2880 958,2880 1010,2880 1061,2880 1113,2881 1165,2882 1216,2882 1268,2883 1320,2884 1371,2884 1423,2885 1475,2886 1526,2887 1578,2888 1630,2888 1681,2889 1733,2889 1785,2890"/>
                <TextEquiv>
                    <Unicode>mit sich selbst zu tun, erleben jeder sein eigenes und eigen¬</Unicode>
                </TextEquiv>
            </TextLine>
            <TextLine id="r1l75" custom="readingOrder {index:74;}">
                <Coords points="1810,2917 2870,2934 2855,2884 1811,2876"/>
                <Baseline points="1823,2913 1874,2914 1926,2915 1978,2916 2029,2917 2081,2917 2133,2918 2184,2919 2236,2919 2288,2920 2340,2920 2391,2921 2443,2921 2495,2922 2546,2922 2598,2923 2650,2923 2701,2924 2753,2924 2805,2925 2857,2925"/>
                <TextEquiv>
                    <Unicode>Standpunkte aus das Treiben der Menschen und ins¬</Unicode>
                </TextEquiv>
            </TextLine>
            <TextLine id="r1l76" custom="readingOrder {index:75;}">
                <Coords points="746,2926 1779,2941 1796,2895 747,2877"/>
                <Baseline points="759,2918 810,2917 861,2917 912,2917 963,2918 1015,2918 1066,2919 1117,2919 1168,2920 1219,2921 1271,2922 1322,2923 1373,2924 1424,2925 1475,2926 1527,2927 1578,2927 1629,2928 1680,2929 1731,2929 1783,2930"/>
                <TextEquiv>
                    <Unicode>tümliches Schicksal und haben einen eigenen Maßstab für</Unicode>
                </TextEquiv>
            </TextLine>
            <TextLine id="r1l77" custom="readingOrder {index:76;}">
                <Coords points="1810,2958 2867,2974 2849,2921 1810,2917"/>
                <Baseline points="1823,2952 1874,2952 1926,2953 1977,2953 2029,2954 2080,2955 2132,2956 2183,2957 2235,2958 2286,2959 2338,2960 2390,2960 2441,2961 2493,2962 2544,2962 2596,2963 2647,2963 2699,2963 2750,2962 2802,2962 2854,2961"/>
                <TextEquiv>
                    <Unicode>besondere der leichtlebigen Gesellschaft in den Kurorten</Unicode>
                </TextEquiv>
            </TextLine>
            <TextLine id="r1l78" custom="readingOrder {index:77;}">
                <Coords points="747,2966 1386,2952 1704,2982 1801,2967 1802,2931 747,2911"/>
                <Baseline points="759,2958 810,2957 861,2957 913,2957 964,2957 1016,2957 1067,2958 1118,2958 1170,2959 1221,2960 1273,2961 1324,2962 1375,2963 1427,2964 1478,2965 1530,2965 1581,2966 1632,2966 1684,2966 1735,2965 1787,2965"/>
                <TextEquiv>
                    <Unicode>ihre Handlungen, — während sie gegenüber den Hand¬</Unicode>
                </TextEquiv>
            </TextLine>
            <TextLine id="r1l79" custom="readingOrder {index:78;}">
                <Coords points="1802,2993 2749,3022 2861,3005 2862,2971 1802,2954"/>
                <Baseline points="1814,2991 1865,2991 1917,2992 1969,2993 2021,2993 2072,2994 2124,2994 2176,2995 2228,2995 2279,2996 2331,2996 2383,2997 2435,2998 2486,2998 2538,2999 2590,2999 2642,3000 2693,3000 2745,3001 2797,3002 2849,3003"/>
                <TextEquiv>
                    <Unicode>und den Sommerfrischen des Hochgebirges, das seinen scharf¬</Unicode>
                </TextEquiv>
            </TextLine>
            <TextLine id="r1l80" custom="readingOrder {index:79;}">
                <Coords points="754,3001 1798,3018 1798,2971 1673,2961 754,2957"/>
                <Baseline points="767,2998 817,2997 868,2996 919,2996 970,2996 1021,2996 1072,2996 1123,2997 1174,2998 1225,2999 1276,3000 1326,3001 1377,3002 1428,3003 1479,3004 1530,3005 1581,3006 1632,3006 1683,3006 1734,3007 1785,3007"/>
                <TextEquiv>
                    <Unicode>lungen der Mitmenschen die vorgeschriebene Moral zur</Unicode>
                </TextEquiv>
            </TextLine>
            <TextLine id="r1l81" custom="readingOrder {index:80;}">
                <Coords points="1804,3037 2548,3025 2786,3052 2851,3045 2852,3006 1805,2995"/>
                <Baseline points="1817,3029 1868,3029 1919,3029 1970,3029 2021,3029 2072,3030 2123,3031 2174,3032 2225,3032 2276,3033 2328,3035 2379,3036 2430,3037 2481,3038 2532,3039 2583,3040 2634,3040 2685,3041 2736,3041 2787,3041 2839,3040"/>
                <TextEquiv>
                    <Unicode>und weitblickenden Augen bald als ein komisches Ge¬</Unicode>
                </TextEquiv>
            </TextLine>
            <TextLine id="r1l82" custom="readingOrder {index:81;}">
                <Coords points="745,3050 1387,3034 1692,3061 1799,3046 1800,3010 745,3000"/>
                <Baseline points="759,3035 810,3035 861,3035 912,3035 964,3035 1015,3036 1066,3036 1118,3037 1169,3038 1220,3039 1272,3040 1323,3041 1374,3042 1425,3042 1477,3043 1528,3044 1579,3044 1631,3044 1682,3044 1733,3044 1785,3043"/>
                <TextEquiv>
                    <Unicode>Anwendung bringen. Es gehört eine große und tief¬</Unicode>
                </TextEquiv>
            </TextLine>
            <TextLine id="r1l83" custom="readingOrder {index:82;}">
                <Coords points="1803,3074 2852,3086 2852,3045 2550,3025 1803,3035"/>
                <Baseline points="1815,3068 1866,3069 1917,3069 1968,3069 2020,3070 2071,3070 2122,3071 2173,3071 2225,3072 2276,3072 2327,3073 2378,3073 2430,3074 2481,3075 2532,3075 2583,3076 2635,3077 2686,3078 2737,3078 2788,3079 2840,3080"/>
                <TextEquiv>
                    <Unicode>wimmel, bald aber auch als eine Tragödie erscheinen muß.</Unicode>
                </TextEquiv>
            </TextLine>
            <TextLine id="r1l84" custom="readingOrder {index:83;}">
                <Coords points="756,3074 1792,3092 1792,3047 756,3037"/>
                <Baseline points="769,3074 819,3074 870,3074 920,3074 971,3074 1021,3075 1072,3075 1122,3076 1173,3076 1223,3077 1274,3078 1324,3079 1375,3079 1425,3080 1476,3081 1526,3082 1577,3082 1627,3083 1678,3084 1728,3084 1779,3085"/>
                <TextEquiv>
                    <Unicode>reichende Kenntnis der Seele dazu, um alle diese</Unicode>
                </TextEquiv>
            </TextLine>
            <TextLine id="r1l85" custom="readingOrder {index:84;}">
                <Coords points="1801,3112 2855,3136 2856,3081 1802,3073"/>
                <Baseline points="1815,3106 1866,3106 1917,3107 1969,3107 2020,3108 2072,3109 2123,3110 2174,3111 2226,3112 2277,3112 2329,3113 2380,3114 2431,3115 2483,3116 2534,3117 2586,3118 2637,3118 2688,3119 2740,3119 2791,3119 2843,3119"/>
                <TextEquiv>
                    <Unicode>Das ist die eigentümliche Auffassung vom Handeln des</Unicode>
                </TextEquiv>
            </TextLine>
            <TextLine id="r1l86" custom="readingOrder {index:85;}">
                <Coords points="748,3116 1797,3132 1797,3093 1756,3087 748,3064"/>
                <Baseline points="761,3112 812,3112 863,3112 914,3112 965,3113 1017,3113 1068,3114 1119,3114 1170,3115 1221,3116 1273,3117 1324,3117 1375,3118 1426,3119 1477,3120 1529,3120 1580,3121 1631,3122 1682,3123 1733,3123 1785,3124"/>
                <TextEquiv>
                    <Unicode>Variationen menschlicher Charaktere, wie Schnitzler sie in</Unicode>
                </TextEquiv>
            </TextLine>
            <TextLine id="r1l87" custom="readingOrder {index:86;}">
                <Coords points="1799,3157 1927,3170 2050,3149 2248,3173 2274,3155 2349,3175 2394,3158 2456,3177 2532,3157 2533,3129 1800,3108"/>
                <Baseline points="1813,3144 1848,3144 1883,3144 1918,3145 1954,3145 1989,3145 2024,3146 2060,3147 2095,3148 2130,3149 2166,3149 2201,3151 2236,3151 2271,3152 2307,3153 2342,3153 2377,3154 2413,3154 2448,3154 2483,3154 2519,3154"/>
                <TextEquiv>
                    <Unicode>Menschen, zu der Schnitzler gelangt ist.</Unicode>
                </TextEquiv>
            </TextLine>
            <TextLine id="r1l88" custom="readingOrder {index:87;}">
                <Coords points="756,3152 1792,3173 1793,3129 1736,3120 757,3113"/>
                <Baseline points="769,3151 819,3151 870,3151 920,3151 971,3152 1021,3152 1072,3153 1122,3153 1173,3154 1223,3155 1274,3156 1324,3157 1375,3157 1425,3158 1476,3159 1526,3160 1577,3160 1627,3161 1678,3161 1728,3161 1779,3161"/>
                <TextEquiv>
                    <Unicode>besonderer Reichhaltigkeit gerade in diesem Stücke geschaffen</Unicode>
                </TextEquiv>
            </TextLine>
            <TextLine id="r1l89" custom="readingOrder {index:88;}">
                <Coords points="755,3192 1812,3189 1812,3157 755,3153"/>
                <Baseline points="769,3190 820,3189 871,3189 923,3189 974,3190 1026,3190 1077,3191 1129,3192 1180,3193 1232,3194 1283,3195 1334,3196 1386,3197 1437,3198 1489,3199 1540,3199 1592,3200 1643,3200 1695,3200 1746,3200 1798,3199"/>
                <TextEquiv>
                    <Unicode>hat, auf ihrer eigenen Bahn zuhalten und auch den kleinsten</Unicode>
                </TextEquiv>
            </TextLine>
            <TextLine id="r1l90" custom="readingOrder {index:89;}">
                <Coords points="1823,3198 2853,3245 2855,3167 2732,3157 2593,3191 2513,3161 1824,3164"/>
                <Baseline points="1837,3201 1887,3202 1937,3202 1987,3203 2037,3204 2088,3204 2138,3205 2188,3206 2238,3206 2288,3207 2339,3208 2389,3209 2439,3210 2489,3211 2539,3212 2590,3213 2640,3214 2690,3216 2740,3217 2790,3219 2841,3221"/>
                <TextEquiv>
                    <Unicode>Von hier aus aber ist es nicht möglich, zu</Unicode>
                </TextEquiv>
            </TextLine>
            <TextLine id="r1l91" custom="readingOrder {index:90;}">
                <Coords points="761,3232 2849,3256 762,3193"/>
                <Baseline points="773,3228 876,3229 979,3231 1082,3232 1185,3233 1289,3234 1392,3235 1495,3237 1598,3238 1701,3240 1805,3241 1908,3242 2011,3244 2114,3245 2217,3247 2321,3248 2424,3250 2527,3252 2630,3254 2733,3256 2837,3258"/>
                <TextEquiv>
                    <Unicode>Rollen ein eigenes Gesicht zu geben. Da ist auch keine von leiner dramatischen, geschlossenen Handlung zu ge¬</Unicode>
                </TextEquiv>
            </TextLine>
            <TextLine id="r1l92" custom="readingOrder {index:91;}">
                <Coords points="746,3273 1806,3289 1806,3245 1718,3239 747,3229"/>
                <Baseline points="760,3265 811,3266 863,3267 914,3268 966,3268 1018,3269 1069,3269 1121,3269 1172,3270 1224,3270 1276,3270 1327,3270 1379,3271 1430,3271 1482,3272 1534,3272 1585,3273 1637,3275 1688,3276 1740,3277 1792,3280"/>
                <TextEquiv>
                    <Unicode>den zahlreichen Gestalten, die das Per sonenver zeichnis anführt,</Unicode>
                </TextEquiv>
            </TextLine>
            <TextLine id="r1l93" custom="readingOrder {index:92;}">
                <Coords points="1798,3294 2860,3311 2843,3253 1799,3247"/>
                <Baseline points="1811,3280 1862,3280 1914,3281 1966,3282 2018,3283 2070,3284 2122,3285 2173,3287 2225,3288 2277,3289 2329,3290 2381,3292 2433,3293 2485,3294 2536,3294 2588,3295 2640,3296 2692,3296 2744,3296 2796,3296 2848,3295"/>
                <TextEquiv>
                    <Unicode>langen, da diesen Einzelwesen, deren jedes nur seine"</Unicode>
                </TextEquiv>
            </TextLine>
            <TextLine id="r1l94" custom="readingOrder {index:93;}">
                <Coords points="753,3312 1789,3329 1790,3285 1712,3278 754,3276"/>
                <Baseline points="766,3303 816,3303 867,3304 917,3304 968,3305 1018,3305 1069,3306 1119,3306 1170,3307 1220,3307 1271,3308 1322,3308 1372,3309 1423,3310 1473,3311 1524,3312 1574,3312 1625,3314 1675,3315 1726,3316 1777,3318"/>
                <TextEquiv>
                    <Unicode>mit der Schablone hergestellt. Jede ist dem wirklichen</Unicode>
                </TextEquiv>
            </TextLine>
            <TextLine id="r1l95" custom="readingOrder {index:94;}">
                <Coords points="1803,3328 2858,3329 2623,3289 1804,3286"/>
                <Baseline points="1816,3319 1867,3320 1918,3320 1970,3321 2021,3322 2073,3323 2124,3324 2175,3325 2227,3326 2278,3327 2330,3328 2381,3329 2432,3330 2484,3331 2535,3332 2587,3332 2638,3333 2689,3333 2741,3333 2792,3333 2844,3333"/>
                <TextEquiv>
                    <Unicode>egoistischen Zwecke verfolgt, jede Beziehung zu dem großen,</Unicode>
                </TextEquiv>
            </TextLine>
            <TextLine id="r1l96" custom="readingOrder {index:95;}">
                <Coords points="739,3363 1765,3368 1804,3361 1805,3319 740,3316"/>
                <Baseline points="752,3340 804,3342 856,3344 908,3345 960,3347 1012,3348 1064,3349 1116,3350 1168,3350 1220,3351 1272,3351 1324,3352 1376,3352 1428,3352 1480,3353 1532,3353 1584,3353 1636,3354 1688,3354 1740,3355 1792,3356"/>
                <TextEquiv>
                    <Unicode>Leben entnommen und zeugt von scharfer Beobachtung,</Unicode>
                </TextEquiv>
            </TextLine>
            <TextLine id="r1l97" custom="readingOrder {index:96;}">
                <Coords points="1794,3363 2857,3378 2855,3328 1795,3321"/>
                <Baseline points="1808,3361 1859,3361 1911,3361 1963,3362 2015,3362 2067,3363 2118,3363 2170,3364 2222,3365 2274,3366 2326,3366 2377,3367 2429,3368 2481,3369 2533,3369 2585,3370 2636,3371 2688,3371 2740,3371 2792,3371 2844,3371"/>
                <TextEquiv>
                    <Unicode>gewaltigen Schicksal fehlt, die dem Leben einen Sinn gebem</Unicode>
                </TextEquiv>
            </TextLine>
            <TextLine id="r1l98" custom="readingOrder {index:97;}">
                <Coords points="752,3398 2818,3438 2866,3381 752,3351"/>
                <Baseline points="765,3388 869,3388 973,3388 1078,3388 1182,3389 1286,3390 1391,3391 1495,3392 1599,3393 1704,3394 1808,3396 1912,3397 2017,3399 2121,3401 2225,3402 2330,3404 2434,3406 2538,3408 2643,3410 2747,3412 2852,3413"/>
                <TextEquiv>
                    <Unicode>wie sie nur dem Dichter eigen ist. Jeder trägt, mehr oderl und die jenen Verlauf des Menschenlebens herbeiführen,</Unicode>
                </TextEquiv>
            </TextLine>
            <TextLine id="r1l99" custom="readingOrder {index:98;}">
                <Coords points="2754,4200 2777,4204 2790,4199 2800,4210 2811,4211 2834,4212 2845,4204 2876,4214 2918,4208 2920,4158 2902,4157 2894,4165 2866,4150 2858,4158 2842,4157 2819,4138 2757,4138"/>
                <Baseline points="2768,4181 2795,4182 2823,4183 2850,4184 2878,4186 2906,4187"/>
                <TextEquiv>
                    <Unicode>—.—</Unicode>
                </TextEquiv>
            </TextLine>
            <TextEquiv>
                <Unicode>La
24. Das veiteand
box 29/2
mußte aber eine Reichsfinanzreform ablehnen. die Renfligi
sozialen Ausgleich gegenüber den indirekten Steuern nicht
enthielt und einseitig einzelne Volksschichten belastete.
Die Wahlaufrufe der Fortschrittlichen Volkspartei und der
Die nächsten Wahlen rufen das Volk auf zum Gericht! Nationalliberalen, die am gestrigen Tage an die Oeffent¬
gefundene Gemälde zeigt den Dichter in Dreiviertelansicht
weniger ausgeprägt, seine individnellen Züge. Zugleich
von links ausgenommen. Das linke Auge, die ganze Stirn¬
aber sind sie auch sämtlich mit dem Stempel einer ge¬
partie und die obere Nasengegend haben volles Licht, das
meinsamen Kultur gezeichnet, beherrschen alle mit Sicher¬
um die unteren Mundwinkel und um die Nasenflügel noch
heit den typischen plauschenden, liebenswürdig lächeln¬
einmal emporzuckt. Das linke Ohr liegt bereits im tiefen
den, niemals ernsten Ton des Gespräches und suchen
Schatten, so daß das Licht schräg von vorne eingefallen zu
einander zu übertreffen in der Kenntnis der intimen ge¬
sein scheint, womit allerdings die Schatten auf der rechten
gesellschaftlichen Beziehungen und der neuesten Skan¬
Wange nicht ganz in Einklang zu bringen sind. Ueber den
dälchen und Sensatiönchen. Das Ideal der jüngeren
Augen fallen die seingeschnittenen Brauen auf. Die Augen
Generation, zu der sich noch mancher freiwillige Rekrut
aus den höheren Jahrgängen gesellt, ist natürlich das
Tennis. Besonders gut gelungen ist ein junger Fanatiker
dieses Spieles, der mit dem Racket auf die Welt ge¬
kommen scheint und der immer in den spannendsten und
diskretesten Situationen vom Tennisplatz hergestürzt
kommt und schon von Weitem aufgeregt von der letzten
Partie berichtet. Etwas anderes hat ihm die Natur als
Lebensaufgabe nicht auferlegt. Herr Kanzenel traf
den Ton dieser Gestalt, die eine keineswegs nebensächliche
Rolle spielt und ihre ganz bestimmte Aufgabe in der
Entwicklung der Handlung hat, mit sicherer Erfassung des
Typus.
Schon diese flüchtigen Andeutungen lassen
als
einen charakteristischen Zug
des Stuites
den Reichtum
Charakteren erkennen, den
Schnitzlers Kunst hier geschaffen hat, und den im Ein¬
General-Anzeiger, Frankfurt a. M.
zelnen zu beobachten, vielleicht der größte Reiz des Stückes
ist. Zugleich aber taucht schon hier ein grundlegender
Mangel auf, der die Wirkung des Stückes empfindlich
schädigt. Es ist kein Zufall, daß der Dichter jede seiner
Gestaltgn so subtil und persönlich schildert. Es ist viel¬
20 U. 11
U. K.
mehr eine notwendige Folge seiner psychologischen An¬
schauung und jener moralischen Theorie, die Schnitzler
= Frankfurter Schauspielhaus. Die mit Spannung
mit dem Titel seines Stückes symbolisch ausdrücken will.
rwartete erste Aufführung von Arthur Schnißlers
Denn sein eignes Leben hat den Dichter gelehrt, wie falsch es
Tragikomödie „Dasweite Land“ hat sich nun end¬
ist, den Handlungen des Menschen einen engbegrenzten Weg
ich am Samstag ermöglichenlasien.Die Aufnahme des
vorzuschreiben und sie nach einem festen Maßstab zu beur¬
Stückes war so, wie sie in den letzten Jahren die Premieren
teilen und er hat erkannt, ein wie ungeheuer kompliziertes
neuer Stücke oft gefunden haben: es war kein Mißerfolg,
Gebilde die Seele des Menschen ist, und daß es unmöglich
es war aber auch kein Erfolg. Schnitzler wird als Dichter,
ist, dieses Chaos unbewußter Gefühle und bewußter Ver¬
d. h. als Menschengestalter niemals versagen. Seine
nunft mit Machtworten und Vorschriften zum Kosmos
Menschen tragen immer eigene Züge. Sie haben jeder
zu verwandeln. Und er beobachtet nun von diesem!
mit sich selbst zu tun, erleben jeder sein eigenes und eigen¬
Standpunkte aus das Treiben der Menschen und ins¬
tümliches Schicksal und haben einen eigenen Maßstab für
besondere der leichtlebigen Gesellschaft in den Kurorten
ihre Handlungen, — während sie gegenüber den Hand¬
und den Sommerfrischen des Hochgebirges, das seinen scharf¬
lungen der Mitmenschen die vorgeschriebene Moral zur
und weitblickenden Augen bald als ein komisches Ge¬
Anwendung bringen. Es gehört eine große und tief¬
wimmel, bald aber auch als eine Tragödie erscheinen muß.
reichende Kenntnis der Seele dazu, um alle diese
Das ist die eigentümliche Auffassung vom Handeln des
Variationen menschlicher Charaktere, wie Schnitzler sie in
Menschen, zu der Schnitzler gelangt ist.
besonderer Reichhaltigkeit gerade in diesem Stücke geschaffen
hat, auf ihrer eigenen Bahn zuhalten und auch den kleinsten
Von hier aus aber ist es nicht möglich, zu
Rollen ein eigenes Gesicht zu geben. Da ist auch keine von leiner dramatischen, geschlossenen Handlung zu ge¬
den zahlreichen Gestalten, die das Per sonenver zeichnis anführt,
langen, da diesen Einzelwesen, deren jedes nur seine"
mit der Schablone hergestellt. Jede ist dem wirklichen
egoistischen Zwecke verfolgt, jede Beziehung zu dem großen,
Leben entnommen und zeugt von scharfer Beobachtung,
gewaltigen Schicksal fehlt, die dem Leben einen Sinn gebem
wie sie nur dem Dichter eigen ist. Jeder trägt, mehr oderl und die jenen Verlauf des Menschenlebens herbeiführen,
—.—</Unicode>
            </TextEquiv>
        </TextRegion>
    </Page>
</PcGts>
