3436 4384
1507 181 1626 238 en
281 165 1462 237 4. 7. Anatols Hochzeitsmor
1690 161 2142 260 box 8/3
2355 119 3216 201 Wien, I., Concordiaplatz 4.
2598 194 2987 259 Vertretungen
2188 218 2271 267 0
2185 238 3327 294 *0 in Berlin, Budapest, Chicage, Christiania, Genf, Kopen¬
2257 283 3329 341 hagen, London, Madrid, Mailand, Minneapolis, New Vork,
2191 320 3322 387 ch Paris, Rom, San Francisco, Stockholm, St. Petersburg.
2601 369 3003 422 Muellenangahe ohne Gewähr.)
2175 380 2256 436 2
2177 421 2669 498 1 Ausschnitt aus:
2181 495 2270 550 62
2577 475 2775 564 12.35
2748 508 3020 607 Pr 8980,
2256 538 2427 592 vom:
2249 620 3331 691 [Concordia“=Matinee.] Die vom Journalisten¬
2162 666 3331 750 lund Schriststellerverein „Concordia“ im Johann
2185 720 3328 791 [Strauß=Theater heranstaltete Matinee hat gestern mit
2200 777 3340 815 ihrem erlesenen literarischen Programm und durch die Mit¬
2194 815 3331 892 wirkung unserer hervorragendsten Bühnenkünstler einen
2193 880 3336 921 glänzenden Erfolg erzielt. Schon die Introduktion erregte
2195 907 3327 962 großes Interesse. Thaddäus Rittner hat mit seinem
2189 938 3329 998 #eigenartigen Talent bereits die Aufmerksamkeit der Kenner
2195 990 3323 1041 auf sich gelenkt. Sein „Besuch in der Dämmerung
2198 1035 3336 1076 ist wieder ein starker und origineller Versuch, psychologische
2195 1067 3333 1127 Vorgänge, Ereignisse der menschlichen Seele, die unter der
2190 1116 3336 1173 Schwelle des Bewußtseins liegen, dramatisch zu gestaiten,
2200 1159 3327 1224 in lebendigen Symbolen plastisch vorzuführen. Der von
2190 1192 3341 1253 Schmerzen um seine verstorbene Gattin macerierte Mann,
2197 1245 3373 1305 den ein Zufall mit einer von Oede und Lebenssehnsucht ver¬
2186 1299 3332 1347 zehrten Frau zusammenführt, wird wie jene im wirklichen
2192 1332 3343 1381 Leben gewiß nicht so sprechen, wie Rittner sie reden lüßt.
2191 1380 3330 1438 Seine Art ist, im Leben selbst Ungesagtes und Ungehörtes,
2182 1418 3328 1465 eben nur unbewußt Empfundenes, in Worte zu kleiden.
2184 1465 3331 1521 und in szenischem Geschehen auszudrücken. Die psychologi¬
2191 1504 3333 1560 schen Marionetten, als die seine Figuren gleichsam erscheinen,
2196 1548 3333 1595 wurden von Fräulein Galafrés und H. Edthofer
2202 1587 3329 1637 mit vollem Verständnis und mit ergreifender Gefühlsechtheit
2190 1634 3334 1691 dargestellt. Nach dieser literarischen Gourmandise, die vom
2189 1688 3336 1729 Publikum sehr beifällig ausgenommen wurde, folgte die von
2188 1718 3326 1755 A. M. Willner rerfaßte Szene „Der Pechvogel“
2192 1756 3333 1808 die eine rührende Geschichte aus der französischen Revolutions¬
2197 1806 3340 1867 zeit sehr wirksam dramatisiert. H. Edthofer, als der
2200 1854 3341 1911 junge Marquis von Fontenailles, der aus einem erst im
2187 1885 3324 1946 Kerter entsponnenen Liebesglück zur Guillotine geführt wird,
2192 1934 3333 1990 war von bezaubernder Ritterlichkeit und ergriff mit seinem
2192 1974 3329 2021 herben Lächeln der Traurigkeit die Herzen der Zuschauer.
2194 2020 3340 2072 Gleich ihm fanden die Herren Kramer und Leyrir, die
2191 2060 3343 2122 Damen Schweighofer und Hannemann und der
2188 2102 3335 2147 Verfasser des Stückes, der öfters vor der Rampe erscheinen
2198 2139 3341 2204 konute, lauten Beifall des Publikums. Als Schluß der
2196 2197 3335 2244 Matinee wurde „Anatols Hochzeitsmorgen“ von
2201 2238 3335 2287 Arthur Schnitzler gegeben. Eine jener entzückenden
2193 2281 3331 2330 Szenen aus Schnitzlers erster Zeit, die mit jugendlichem
2196 2317 3332 2377 Uebermut und grazioser Keaheit gewagteste Themen spielerisch
2193 2358 3341 2410 meistern. Herrn Kramer als Anatol glaubte man den
2199 2407 3339 2461 süßen Lebemann und Lebekünstler, der vor seiner Hochzeit
2199 2444 3336 2503 noch eine Nacht mit einer auf der Redoute wiedergefundenen
2209 2491 3346 2546 Freundin verbringt und sich dann schwer aus den Armen
2210 2537 3334 2591 seines „süßen Mädels“ winoet, um donn doch mit tragikomi¬
2212 2565 3346 2629 scher Verzweiflung zum Altar zu schreiten. Fräulein Gala¬
2206 2615 3346 2679 frés gab der Ilona so viel vornehmen Chic und so viel
2211 2667 3337 2721 glaubwürdige Innigkeit, daß man den zur Ehe verurteilten
2210 2708 3337 2765 Anatol von Herzen bedauerte. Herr Klitsch erfreute als
2209 2742 3336 2800 Assistent des Lebenskünstlers, Anatols Freund Max, mit
2213 2797 3347 2844 seinem schlicht=wienerischen Ton. Dichter und Darsteller
2207 2829 3336 2886 wurden vom Publikum durch andauernden Beifall ausge¬
2212 2888 3344 2932 zeichnet. Dichterisch und schauspielerisch bedeutete Oskar
2210 2912 3343 2977 Wildes „Florentinische Tragödie“ den Höhe¬
2207 2957 3347 3024 punkt der Vorstellung. Es ist eines der wunderbarsten Werke
2213 3014 3347 3058 des großen, unglücklichen Dichters. Die glänzend dahin¬
2218 3037 3341 3102 strömenden Verse tragen eine Handlung, deren tnapper Bau
2205 3087 3350 3148 sich in eine rsychologische Pointe von tiefster Menschentenntnis
2209 3127 3339 3194 zuspitzt. Der Kaufmann Simone findet, von einer Reise
2218 3170 3347 3233 heimkehrend, den Prinzen Guido bei seinem Weibe. Wie
2212 3212 3336 3275 nun erst der Krämer Schamgefühl und Rachsucht durch ein
2203 3267 3347 3318 gewinnreiches Geschäft mit dem Prinzen gleichsam übertönen
2205 3313 3342 3353 und in sich ersticken möchte und doch dann der Mann all¬
2208 3343 3338 3396 mählich in ihm aufwacht und ihn nicht losläßt, bis er den
2217 3396 3341 3442 Schänder seiner Ehre im Zweikampf niedergestreckt und lang¬
2217 3422 3347 3497 sam vor den Augen seines Weibes getötet hat, entwickelt sich
2208 3472 3347 3531 vor uns mit der intensivsten dramatischen Glut. Kainz
2210 3515 3352 3578 als Simone häufte alle Zaubermittel seiner Kunst zu einer
2213 3566 3343 3620 schauspielerischen Glanzleistung, die uns alles empfinden ließ,
2209 3596 3349 3654 was wir an diesem Künstler besessen haben und nun vielleicht
2212 3641 3342 3699 bald verlieren werden. Frau Medelsky und Herr
2222 3690 3350 3744 Gerasch als Bianca und Guido waren würdige Partner
2215 3731 3350 3785 des Meisters, der wohl ein dutzendmal vor der Rampe er¬
2221 3772 3347 3831 scheinen mußte. Und so hat die genußreiche Vorstellung
2225 3817 3345 3878 dem Wiener Publikum auch Gelegenheit gegeben, einem seiner
2201 3852 3349 3918 Lieblinge eine rauschende Ovation der Dankbarkeit und des
2176 3968 3327 4055 „Verständnisses zu bereiten, die den beifallsgewöhnten Künstler
2177 4002 2477 4076 sichtlich ergriff.
