3484 4352
278 272 1610 358 4. 7. Anatols Hochzeitsmorgen
552 331 1422 372 enne e. en e e den de e ene i ene enenenee, Teen enereee
1153 1086 1554 1183 Telephon 12801.
367 1236 1524 1354 — Anztetenier sunng
373 1336 1542 1419 S l. österr. behördl. konz. Unternehmen für Zeitungs¬
867 1396 1157 1456 Ausschnitte
546 1440 1436 1528 Wien, I., Concordiaplatz 4.
363 1434 470 1535 4
801 1519 1193 1583 Vertretungen
370 1529 1553 1635 — in Berlin, Budapest, Chicago, Christiania, Gent, Kopen¬
461 1619 1548 1660 hagen, London, Madrid, Mafland, Minneapolis, New Vork,
460 1653 1549 1707 Paris, Rom, San Francisco, Stockholm, St. Petersburg.
808 1691 1206 1757 (Quellonangabe ohns Gewühr.)
375 1719 1624 1819 in Ausschnitt ausWIENER ABENDPOST
451 1838 620 1905 vom:
929 1842 1259 1969 —
671 1959 1360 2062 Theater, Krast und Literatur.
525 2044 1544 2119 Im Deutschen Volkstheater wurden Samstag
486 2094 1547 2170 vier Einakter gespielt. Die beiden ersten „Der Pech¬
497 2165 1538 2234 vogel“ von A. M. Willner und „Anatols Hoch¬
486 2209 1535 2268 [zeitsmorgen“ von Artur Schnitzler, sind aus der
504 2245 1550 2305 „Concordia“=Matinee bekannt ###somit bloß über
497 2295 1535 2346 ihre Aufnahme vor einem weniger festlich gestimmten Publikum
491 2349 1535 2412 zu berichten. Willners „Szenen aus der Conciergerie“
509 2397 1540 2443 wirkten peinlich. Sie entsetzten, erschreckten, aber sie er¬
498 2453 1537 2524 schütterten nicht. Man erfuhr wieder einmal, daß Schrecken
486 2491 1539 2541 und Mitleid sich durch vollständig unkünstlerische Mittel
486 2548 1552 2607 erreichen lassen. Der Schnitzlersche Einakter unterhielt
495 2572 1549 2666 und gefiel. Felix Saltens lustige Komödie „Auf¬
488 2651 1542 2707 erstehung" (aus dem Zyklus „Vom anderen Ufer")
497 2681 1551 2751 wurde nach längerer Pause wieder in den Spielplan auf¬
495 2737 1544 2800 genommen. Neu war darin Frl. Waldow als Daisy
494 2787 1550 2842 Leblanc. Sie wirkte durch ihre spinöse, trockene Pikanterie.
486 2843 1550 2912 Zuletzt gab es noch eine vierte, halbe Premiere: „Die
499 2894 1537 2951 grüne Schnur“ von Max Bernstein. Vom Burg¬
492 2943 1550 3010 theater her bekannt. Dort hatte das Stück — sogar mit
485 2984 1550 3065 Kainz! — gar nicht gefallen. Der Mißerfolg blieb ihm
483 3039 1075 3109 auch an der neuen Stätte treu.
1769 257 2103 338 box 8/1
2625 1632 3030 1722 Telephon 12801.
1872 1727 1942 1811 22
2104 1775 2867 1886 WRETERTERTETS
1868 1863 3018 1963 G l. österr. behördi. konz. Unternehmen für Zeitungs¬
2351 1932 2618 1996 Ausschnitte
2031 1971 2921 2080 Wien, I., Concordtaplatz 4.
2285 2052 2662 2129 Vertretungen
1846 2090 3027 2178 — in Berlin, Budapest, Chicago, Christiania, Genf, Kopen¬
1941 2150 3033 2218 hagen, London, Madrid, Mailand, Minneapolis, New York,
1943 2193 3025 2250 Paris, Rom, San Francisco, Stockholm, St. Petersburg.
2282 2233 2674 2300 Anellenangabe ehne Oewähr.)
1854 2288 2345 2370 m Ausschnitt aus:
2352 2328 3019 2468 (Bomuisas Zeitung, Wien
1949 2387 2123 2458 vom:
1947 2433 2974 2498 (Deutsches Volkstheater.) Einakter gehören
1823 2474 2956 2535 im allgemeinen zu den erträglicheren Uehein. Man regt sich
1837 2531 2973 2581 nicht weiter darüber auf, daß einer in wenigen Worten nichts
1834 2579 2980 2626 zu sagen weiß. Aber es gibt Menschen, die auch Kleinigkeiten
1836 2618 2975 2672 so bedächtig verrichten, daß man in ein paar Minuten endlose
1837 2653 2985 2716 Langweile spürt. Den letzten der Mer Einakter, die Samstag
2566 2696 2970 2755 Mal im Deutschen
1840 2700 2476 2760 zum ersten — und vorletzten?
1841 2737 2964 2800 Volkstheater aufgeführt wurden, hat das Publikum eigen¬
1835 2789 2973 2845 mächtig gekürzt: es verließ mitten drin den Saal.
1841 2838 1985 2918 Aenen
2813 2824 3036 2910 Snenen
1878 2902 3017 2968 Aber den ersten, „Der Pechvogel“ von A. M.
1889 2949 3024 3005 Willner, hat man ausgehalten, in einer Erwartung,
1888 2999 3029 3060 gegen welche das alte Wort im Recht blieb, daß selten was
1886 3037 3022 3096 Besseres nachkommt. Was nachkam, war: „Anatols Hochzeits¬
1897 3083 3033 3124 morgen“ — wie ist die Grazie der Anatol=Szene bereits ver¬
1884 3116 3038 3181 staubt! — Herrn Saltens Akt „Auferstehung“ (aus dem Zyklus
1891 3166 3027 3221 „Vom anderen Ufer“) und jene Szene „Die grüne Schnur“ von
1889 3210 3033 3258 Max Bernstein, die man nicht mehr aushielt. Vier Akte von
1893 3248 3021 3295 vier Autoren; aber der gemeinsame Titel, der sonst bei mehreren
1883 3288 3019 3357 Akten eines einzigen Autors so gesucht klingt, wäre diesmal
1873 3340 3021 3407 leicht zu finden gewesen: „Eile mit Weile!“ Es ist das Rezept,
1870 3387 2867 3455 nach dem diese Kleinigkeiten gemacht zu sein scheinen.
