3436 4384
1523 170 1631 235 en
1750 162 2152 255 box 8/3
515 172 1477 234 Anatols Hochzeitsnor
268 164 1630 265 7 RESHegEA
652 1193 3128 1244 dem Material, aus dem Emporkömmlinge geschnitzt sind, die noch viel Unausgeglichenes, viel Sprunghaftes und geistig noch
1885 1227 3128 1285 nicht ganz Bewältigtes war, daß hier überhastet, dort verzögert
646 1228 1898 1283 über degenerierte Geschlechter den Sieg des Lebens davon¬
342 1215 664 1330 3/ M
652 1266 3116 1328 tragen. Ungesund, degeneriert, überfeinert und damit das wurde, kommt wohl auf Rechnung noch nicht erreichter künst¬
1877 1302 3126 1360 lerischer Festigung. Gleichwohl durfte diese Leistung als eine
656 1312 1880 1365 Modewort nicht fehle, pervers ist die Gräfin Julie, die sich in
1878 1344 3124 1399 vielversprechende hingenommen werden. Von Fräulein Sarto
646 1352 1880 1404 der Schwüle der Johannisnacht dem Diener anbietet und hin¬
185 1340 475 1425 „Anatol“.
1876 1382 3134 1437 werden wir voraussichtlich Wildes Salome dargestellt sehen.
639 1379 1879 1436 gibt. Auf ihr lastet die sittliche und physische Decadence eines
190 1410 579 1480 in im Residenztheater.
1884 1424 3130 1473 Die Aufnahme des Stückes beim Publikum war trotz der pro¬
643 1425 1877 1488 alten Geschlechtes, und eine Erziehung in Männerhaß und
1876 1454 3128 1528 vozierenden Naturalismen von einigen ungerechtfertigten
188 1454 654 1517 rrn Direktors Paul
655 1474 1874 1519 =verachtung hat ihr Triebleben verwirrt. Eine Fülle der
1876 1501 3122 1574 Heiterkeitsausbrüchen abgesehen, sehr günstig und beifalls¬
181 1510 658 1565 mls willkommener Gast
653 1506 1875 1560 pikantesten, reizvollsten psychologischen Details hat der Dichter
1873 1542 2072 1607 freudig.
178 1546 672 1602 t uns eine Reihe von
656 1539 1878 1597 über diese beiden Gestalten ausgestreut, und von dieser Seite
1941 1562 3125 1629 Mehr Heiterkeit von dem im Residenztheater gewohnten
193 1589 1883 1635 lassen, daß die höher=ist sein Werk ein Meisterstückchen. Die kritischen Bedenken
1887 1613 3109 1668 Genre löste Schnitzlers Einakter „Anatols Hochzeitsmorgen“
189 1620 1873 1684 üblichen Sommerschlaf heften sich am ehesten an den Aufbau des Handlungsverlaufes,
1875 1644 3115 1718 aus. Man spielte diese pikante Szene im Stile einer Schwank¬
195 1657 1873 1712 nicht gänzlich mitver= der von Willkürlichkeiten, auch Roheiten nicht ganz frei ist, und
1885 1690 3116 1745 episode. Das war schmerzlich, denn auch hier hätte „théätre
191 1703 663 1760 Schnitzler u. a. sollen in
650 1710 1881 1762 an den Schluß, bei dem die Motivierung nicht klar und über¬
1884 1731 3124 1786 intime“ sein müssen. Wer Schnitzlers Anatol kennt, weiß, daß
206 1747 1878 1797 . Der Anfang wurde zeugend heraustritt, weshalb schließlich Jean der Gräfin das
1878 1771 3134 1827 dieser „leichtsinnige Melancholiker“, wie er sich selbst einmal
197 1791 1872 1837 gemacht; auf August Rasiermesser zum Selbstmord in die Hand drückt. Daß Fräu¬
1882 1813 3128 1862 kennzeichnet, der von Schnitzler geschaffene Typus des müden,
185 1824 1871 1891 issers, naturalistisches lein Julie als „ein Ueberbleibsel des alten Kriegeradels“ nach
1868 1850 3123 1900 weichen, in seinen Gefühlen zerfaserten Dekadenten wiene¬
189 1855 1845 1925 te Arthur Schnitz=lihrem Fall nicht ohne Ehre weiterleben kann, ist zuzugeben. —
1878 1883 3130 1947 rischer Prägung ist, das Produkt übersteigerter Nervenkultur,
192 1905 1879 1954 ches Capriccio „Ana=Eine intensive Darstellungskunst fordert der naturalistische Stil,
1890 1931 3127 1989 der hypochondrische Lebemann mit dem Willen zur Krankheit.
185 1925 1875 1996 chließende Bluette des der mit der Nüchternheit des Realismus auch die Gefühlsdurch¬
1888 1970 3119 2023 Ihm steht als Gegensatz sein Freund Max gegenüber, der
653 1983 1881 2033 sättigung der „Stimmung“ vereinen will. Diesen Anforde¬
211 1981 658 2033 . Zuerst also der nun
1875 1999 3121 2053 Realist mit dem Willen zur Gesundheit. Er bleibt als Anatols
186 2024 652 2079 er der proteusartigsten
647 2026 1881 2072 rungen des „intimen Theaters“ blieb man bei der Aufführung
1884 2047 3124 2090 Freund und Mentor bestehen, während die Reihe der Geliebten¬
185 2061 651 2117 her der verblüffendsten
659 2066 1880 2108 im Residenztheater viel schuldig. Die Schwüle der Juninacht
1880 2069 3129 2139 der „süßen Mädels“, wechselt. Und so entsteht eine Folge von
186 2096 649 2148 Weg von Rousseau zu
653 2103 1875 2153 schwebte nicht suggestiv in diesem Raume, und daß viel zu lant
1875 2122 3130 2172 kleinen, auf den Ton feinster Eleganz des Aeußeren und raffi¬
656 2143 1878 2193 gespielt wurde — vielleicht mit der Unvertrautheit des Künst¬
186 2144 652 2201 Haß gegen das männer¬
1873 2159 3131 2223 niertesten Stimmungslebens abgestimmten Liebesszenen, die
293 2177 651 2234 Sein „Fräulein
663 2183 1881 2227 lers mit den akustischen Verhältnissen zu entschuldigen — zer¬
182 2174 296 2230 nt.
1887 2202 3127 2255 mit Anatols schließlicher Hochzeit enden. „Man heiratet ja
184 2214 653 2274 us der Werdezeit des
652 2218 1877 2270 störte viele feine Reize. Herr Willy Hagen fand sich mit
1881 2235 3127 2293 immer eine andere“. Ilona, die letzte der Reihe, hat das Nach¬
190 2259 659 2306 lig hat ihm der Dichter
655 2260 1886 2309 dem Diener Jean nur leidlich ab; es gelang ihm wohl das
1876 2278 3119 2330 sehen, aber sie wird „ihr ganzes Geschlecht rächen“. Wie ge¬
182 2296 1884 2355 bhandlung mit auf den Herrische in der Bedientennatur stark zu betonen, aber das
1888 2318 3119 2365 sagt, die Szene mußte ganz intim gespielt werden, mit einem
182 2339 1887 2389 Eh das théatre intime erotische Vibrieren in Momenten des Hingerissenseins, die
1878 2341 3128 2400 seltsam gepreßten Humor. Statt dessen war die Darstellung
184 2365 1890 2430 stig keine Galerie, son= seinere Nuance fehlte Die Nebenfigur der Köchin Christine
1878 2394 3127 2444 nahezu possenhaft. Herr Hans Stock als Anatol entsprach
195 2403 1882 2464 Leben wie es ist, wollte wurde von Fräulein Jutta Versen ohne hervorstechende
1882 2437 3119 2482 der Zeichnung des Dichters nicht; er war eigentlich nur nervös.
189 2455 1882 2510 lich stellte sich doch her= Charakterisierung gespielt, Das Fräulein Julie spielte Frl.
1888 2474 3115 2524 Sein Freund Max (Herr Paul Bildt) dagegen hatte sich
177 2503 1883 2549 Stilisierung ist und sich[Else Sarto. Ich glaube, daß in dieser noch sehr jungen,
1887 2509 3124 2564 eine zu abgelebte Maske gemacht. Frl. Henny Alsen nahm
176 2534 1884 2592 Leben widersprechenden seingliedrigen Schauspielerin eine bedeutende und eigenartige
1879 2550 3125 2599 die Ilona zu massig und derb. Im Sinne der Dichtung war
178 2567 1883 2632 ran fehlt es in Strind= Kraft schlummert. Eine entzückend mädchenhafte Stimme, ein
1879 2587 3110 2640 die Aufführung verfehlt; es darf aber nicht verschwiegen wer¬
191 2618 1878 2668 seich er selbst betont, daßmarkantes und doch weiches Profil sind günstige äußere Gaben
1883 2625 3105 2680 den, daß sich bei den humoristischen Situationen das zahlreich¬
652 2656 1883 2709 für jugendliche Mädchengestalten moderner Zeichnung; durch
193 2652 668 2712 pse des Tages“ liege.
1882 2669 3110 2715 Publikum köstlich amüsierte und daß es den lustigen Akt eber
184 2692 1889 2748 ers Jean ist im Grunde eine außerordentlich kennzeichnende Haltung von Hals und
1887 2707 3114 2773 als eine kleine Schwankergötzlichkeit mit Vergnügen aufnahm
212 2739 1890 2782 des sozialen Kampfes Kopf, ein wechselndes Verfallen und Sichfestigen der Haltung
2502 2748 3093 2818 Felix Zimmermann.
201 2767 1892 2824 Herrschen fähig fühlt. des Körpers, über den manchmal ein Schauer dekabenter Er¬
187 2806 1886 2867 lungenste des Dramas, regung lief, charakterisierte Else Sarto die sinnenhungrige
193 2850 1892 2916 rMann ist gesund, ausjunge Gräfin vorzüglich. Daß in Mimik und Sprechvortrag
