3436 4352
235 264 2107 348 4. 7. Anatols Hochzeitsmorgen box 8/3
1180 317 1428 374 — nie  M.
597 325 984 383 An. den uene eie eie ee eien aund
618 864 696 961 1
720 874 1358 1000 S)
720 1145 1108 1237 Vereretungen
288 1186 356 1262 8
283 1212 1459 1285 ## in Berlin, Budapest, Chicago, Christiania, Geni, Kopen¬
371 1260 1454 1322 hagen, Lonton, Madrid, Mailand, Minneapolis, New York,
372 1305 1468 1368 Paris, Rom, San Francisco, Stockholm, St. Petersburg.
709 1347 1118 1412 alienangabe ohns Gewahn.)
291 1350 382 1412 a
294 1378 831 1482 in Ausschnitt aus:
702 1418 907 1540 Masn
365 1493 508 1562 vom
2486 1506 2850 1608 Telephon 12.801.
971 1514 1321 1613 AN 4598
1879 1596 2613 1764 = „OBSERVER“
480 1695 1418 1772 Deutsches Volkstheater. Der gestrige Premieken¬
386 1754 1412 1806 abend des Deutschen Volkstheaters brachte vier nakter.
1752 1736 2856 1825 l. östarr. behördl. konz. Unternehmen für Zeitungs-Auscchnitte
386 1777 1412 1863 Zwei dieser kleinen Stücke: „Der Pechvogel“ von
1897 1800 2731 1893 Wien, I., Concordiaplatz 4.
398 1839 1405 1910 A. M. Willner und „Anatols Hochzeits¬
382 1880 1407 1962 morgen“ von A####ler hat man vor einer Woche
2088 1876 2534 1957 Vertretungen
390 1931 1410 1992 in einer „Cattordia =Malinee auf einer andern Bühne,
1761 1906 2856 1997 in Berlin, Budapest, Chicago, Christiania, Genf, Kopen¬
1777 1993 2862 2052 hagen, London, Madrid, Mailand. Minneapolis, New-Vork,
392 1979 1418 2042 aber schon in der gleichen, vorzüglichen Darstellung gesehen.
1800 2019 2816 2087 Paris, Rom, San Francisco, Stockholm, St. Petersburg.
397 2013 1411 2092 Ihre Aufnahme in den Spielplan des Deutschen Volks¬
2109 2062 2524 2125 (Cuellenangabe ohne Gewähr).
387 2061 1399 2125 theaters hat sich gestern bewährt. Im „Pechvogel“ waren
391 2103 1408 2186 auch die Gefängnisbilder aus der Pariser Revolutionszeit
1761 2115 2147 2196 Ausschnitt aus
385 2154 1408 2214 wieder von starker Wirkung. Zu diesem kräftigen Einakter,
2123 2132 2857 2240 Arbeiter Zellung, Wier
381 2193 1413 2269 in dem eine tragische Aneldote sehr geschickt durchgeführt
1757 2227 1938 2321 vom:
377 2231 1418 2289 ist, standen Schnitzlers Dialoge, die Anatol vor der
389 2284 1380 2347 Trauung in der drolligsten Verlegenheitsstg
1951 2266 2518 2363 i. Per slng. 6
385 2328 1404 2397 in einem sehr anmutigen Kontraste. Die heitere Stimmung,
385 2364 1407 2429 die nun geweckt war, fand neue Nahrung in der witzigen
1760 2381 2839 2461 Deutsches Volkstheater. Von den Einaktern, die
389 2420 1405 2481 Komödie „Auferstehung“, die man in diesem Hause
1656 2429 2881 2494 kürzlich für die „Concordia“ gegeben wurden, ließ die Direktion 3
390 2454 1397 2518 schon vor einem Jahre im Felix Saltenschen Einakter¬
1651 2479 2802 2544 den wahrscheinlich interessanteren des Dichters Thaddäus
388 2495 1402 2562 Zyklus „Vom andern Ufer“ als ein lustiges Stück kennen
1659 2540 2799 2587 Rittner fallen, dagegen nahm sie den trivialen Einakter
389 2549 1395 2612 selernt hat. Es ist ein Schwankmotiv von nicht gewöhn¬
1667 2564 2812 2636 „Der Pechvogel“ des Librettisten Willner ins
397 2585 1392 2653 icher Art, daß sich ein Mann, der während einer schweren
1654 2623 2770 2688 Repertoire. Die Zuschauer wurden nicht warm, nicht kalt. —
397 2637 1413 2717 drankheit schon aufgegeben worden war, nach seiner
1658 2660 2883 2738 Dagegen gefiel „Anatols Hochzeitsmorgen“ von 2
1660 2702 2810 2762 Schnitzler sehr. Wie alt ist das kleine Stückchen jetzts
401 2716 1415 2789 Wiederherstellung wegen seiner Genesung förmlich ent¬
1659 2742 2839 2821 Schon gut fünfzehn Jahre. Und doch noch frisch. Jetzt erst sieht
398 2782 1424 2835 schuldigen muß. Den Schluß der Vorstellung machte Max
1650 2804 2804 2876 man, daß Schnitzler von seiner rsten Arbeit an einen eigenen,
400 2820 1416 2888 Bernsteins Szene „Die grüne Schnur“ die vom
1657 2850 2798 2914 sympathisch leichten Ton angeschlagen hat. Im „Anatol“ war
397 2852 1415 2934 Burgtheater übernommen worden ist. Hier soll die Ueber¬
1644 2892 2801 2959 die Ironie noch ein wenig unterstrichen, in der „Komtesse Mizzi“
402 2915 1425 2975 stürzung eines Prozesses verspottet werden, aber ein Ver¬
1643 2941 2812 3001 ist die Ironie schon ganz leicht und fast unbetont. Der Einakter
400 2959 1428 3012 fahren, das im Gerichtssaale überhastet wäre, kann doch
1654 2998 2807 3059 wurde von Herrn Klitsch und Fräukein Galafrès reizend
396 3001 1414 3071 im Theater, wie sich gestern zeigte, als viel zu langwierig
1644 3032 2799 3101 gespielt. Herr Klitsch ist immer ein wenig zu schwer, zu
391 3047 1409 3112 empfunden werden. Der Erfolg, der den vorangegangenen
1658 3080 2813 3151 gewichtig. Sozusagen neu war ein breitspuriger Spaß „Die
387 3090 1426 3160 Einaktern beschieden war, blieb diesem kleinen, aber keines¬
1661 3136 2804 3197 seidene Schnur“ von Max Bernstein, den die
393 3131 1421 3201 wegs kurzweiligen Stücke versagt. Die Vorstellung bot
1667 3176 2805 3244 Herren Amon, Russeck und Ehmann mit Behagen
399 3183 1419 3250 den Damen Hannemann, Schweighofer und
2615 3225 2768 3285 st. gr.
1666 3227 1871 3294 vortrugen.
389 3225 1424 3299 Glöckner, sowie den Herren Kramer, Homma,
1774 3240 2813 3346 Muttsaunn Mieher eiwe Mremiave iüe Minken. on##
396 3274 1421 3339 Edthofer und Klitsch Gelegenheit zu interessanten,
390 3326 1431 3399 vom Publikum mit großem Beifalle ausgenommenen
389 3362 620 3441 Leistungen.
