3436 4384
1491 54 1579 113 er¬
286 52 1478 135 auch keineswegs. Aber gut gespielt versehlt sie nicht ihte
282 104 1593 183 heiternde Wirkung auf die Zuschauer. Das war auch diesmal der
285 142 1580 223 Fall. Frl. Steimann gab mit der resoluten, ihre bittere Ent¬
286 185 1595 246 tauschung willensstark überwindenden Gutsbesitzerin einen neuen erfreulichen
287 227 1593 299 Beweis ihrer zu schöner Reife gediehenen Charakterisierungskunst.
288 277 1591 344 Frl. Horwitz als schwärmerische Else, Herr Junker als wissens¬
276 303 1588 379 loser Herzenbrecher und Frl. Düren als kokettes Stubenmädchen boten
278 352 1593 414 ebenfalls durchweg Befriedigendes. Besonderes Lob verdient noch Herr
278 413 1425 487 Landsberg für seinen prächtig gezeichneten alten Wirtschafter.
367 447 1591 505 Als der Vorhang zum zweiten Male sich geteilt hatte, war man sehr
294 482 1597 560 erstaunt, bei Clara Vrebigs=„Fräulein Freschbolzen“ den früheren
287 513 1608 605 Referendar Alex Oppermann als Versicherungsagenten Gustav Kundke
286 564 1601 644 wiederzufinden und ihn sein altes Spiel weltertreiben zu sehen. Freilich
296 611 1602 681 ist er nun noch erheblich tiefer gesunken. Er läßt sich von der viel¬
284 657 1611 735 geplagten Modistin aushalten, amüsiert sich höchlichst, wenn sie an seiner
288 699 1541 780 Tür um einen Groschen bettelt, und betrügt sie doppelt, indem er
294 731 1611 812 recht ansehnlichen Betrag einer von ihm einkassierten Rechnung für sich
298 784 1594 862 behält und das unterschlagene Geld in Gesellschaft der hübschesten und zu¬
293 842 1612 920 gleich frechsten der Näherinnen auf dem Maskenballe in Sekt vertrinkt.
292 868 1601 946 Daneben poussiert er noch das Lehrmädel und verdreht dem armen
299 908 1608 994 naiven Dinge völlig den Kopf. Und abermals wird zum Schlusse
298 957 1606 1044 seine ganze Schlechtigkeit entdeckt, und der freche Kerl geht aus dem
300 982 1617 1071 Schneidatelier ebenso gleichmütig davon wie Dreyers „zauberhafter“
298 1028 1623 1115 =Refere###r nach seiner Verprügetung aus Friederik=Petzolds Gutehaus.
307 1073 1613 1150 Das Ende ist in Clara Viebigs Komödie, die in dem aus vier
309 1113 1618 1195 Dramen bestehenden Zyklus „Der Kampf um den Mann“ den dritten
312 1158 1616 1234 Teil bildet, freilich recht sentimental, aber im übrigen sind die
300 1204 1617 1282 beiden Einakter so ähnlich, daß Herr Direktor Ziegel besser daran getan
306 1249 1618 1324 haben würde, wenn er sie nicht an einem Abende und noch dazu un¬
315 1291 1621 1367 mittelbar hinter einander hätte in Szene gehen lassen. Das Milleu ist
313 1329 1627 1407 mit kräftigen, breiten Strichen sicher gezeichnet, jede Gestalt aus dem
309 1374 1630 1452 Leben gegriffen und in voller Echtheit auf die Bühne gestellt. Allerdings
312 1423 1621 1500 sind diese typischen Figuren aus dem Großstadtleben mit all ihren physischen
312 1468 1626 1542 und sittlichen Gebrechen auch schon von anderen mit gleicher Schärfe er¬
326 1503 1624 1588 faßt und geschildert worden und zwar in weniger holzschnittmäßiger Art.
319 1546 1618 1632 Eine gewisse weibliche Breite macht sich zu oft ermüdend bemerkbar;
321 1593 1619 1664 durch straffere Zusammenfassung würde das Ganze erheblich gewinnen
313 1615 1632 1722 und den starken Eindruck erzielen, den die reichbegable Verfasserin, deren
309 1685 1628 1757 ganzes Können sich aber nur auf dem Geblete des realistischen Romans
314 1728 1620 1797 offenbart, beabsichtigt, jedoch nicht zu erreichen vermocht hat.
320 1763 1630 1847 Unter der umsichtigen Regie des Herrn Bertram wurde die
323 1811 1630 1882 realistische Komödie meisterhaft gespielt. Fräusein Steimann gab die
1941 1850 2028 1900 S
1115 1847 1633 1913 die Verteilung der beiden
322 1864 1051 1947 Titelrolle, Herr Junker den Kundke
1798 1888 2878 1969 eine gewisse Aehnlichkeit und innere Verwandtsehaft durch
325 1897 1638 1970 Hauptrollen war also gleichfalls dieselbe wie in dem Dreyerschen Werkchen,
1807 1942 2876 1989 ihr Grundmotiv: „Der Mann“. Ob wie, wie in Max
319 1923 1642 2002 was die Ahnlichkeit noch auffälliger machte — Frl. Horwitz die dreiste
1797 1976 2445 2027 [Dreyers „Liebesträume“,
2451 1975 2878 2027 die fesche Guts¬
316 1979 1633 2063 Trude Meyer, Frl. Laßwitz das kleine Lehrmädel Frieda, die Damen
1802 2012 2882 2078 besitzerin, der sentimentale Backfisch und das dralle Stuben¬
319 2023 1628 2098 Hoffmann, Düren, Rakaricz und Fröhlich die übrigen Nähterinnen
1806 2050 2873 2090 mädchen von dem von Blume zu Blume flatternden Don¬
317 2081 1633 2131 mit vortrefflicher Charakterisierung, auch in der äußeren Erscheinung.
1808 2088 2874 2146 Juan und Referendar a. D. Alex Oppermann genasführt
1797 2111 2871 2162 werden, ob in Clara Viebigs „Fräulein Fresch¬
323 2113 1586 2191 Ungenügend war nur die Baronin der Frau Lotte Spira=Andresen.
1803 2160 2881 2205 bolzen“ der Don Juan in der Gestalt eines ordinären
396 2143 1627 2214 Nach den beiden derben Komödien Dreyers und Clara Viedigs folgte
1793 2200 2876 2243 Menschen, des Agenten Kundke, seine Geliebte, die In¬
330 2192 1637 2259 als Schluß Arthur Schnitzlers bei aller Frivolität tiebenswürdiger und
1789 2234 2858 2290 haberin eines Schneiderateliers, finanziell ausbeutet, ja
331 2225 1643 2323 gelstreicher Akt „Anatols Hochzeitsmorgen“, eine Probe aus den
1807 2269 2876 2327 fast ruiniert und sie nebenbei noch mit einem ihrer Näh¬
334 2278 1637 2349 unter dem Gesamttitel „Anatol“ vereinigten sieben dramatischen Kabinett¬
1805 2307 2808 2349 mädchen hinters Licht führt oder ob schließlich¬
324 2311 1633 2397 stückchen, zu denen Hugo von Hofmannsthal eine reizvolle poetische Einleitung
1800 2339 2885 2390 Schnitzlers „Anatols Hochzeitsmorgen“ die“
323 2367 1637 2439 geschrieben hat, in der Schnitzlers dichterische Eigenart fein dargelegt wird. Unter
1804 2380 2879 2442 heißblütige Ungarin Ilona sich betrogen fühlt und zur
1802 2424 2864 2467 tollen Katze wird, als sie erfährt, daß ihr eben erst in der
324 2393 1645 2482 diesen besonders durch ihren prickelnden, elegonten Dialog ausgezeichneten
1796 2445 2869 2499 vergangenen Nacht (auf einer Redoute) wiedergefundener
329 2447 1649 2516 Sachen nimmt wohl die an zündendem Esprit mit den besten französischen
1795 2496 2868 2551 Anatol am Nachmittag vor den Traualtar muß, immer
349 2483 1655 2555 Schöpfungen wettelfernde „Frage an des Schicksal“ den ersten Platz ein.
1802 2531 2859 2578 ist's der Mann und des Weibes Kampf um ihn, in bald
345 2524 1649 2615 Aber auch „Anatols Hochzeitsmorgen“, ist einer Aufführung wert.
1791 2563 2858 2636 scherzhafter, bald halb tragischer, bald geistreich amüsanter
338 2577 1652 2649 Das ergötzliche, pikante Werkchen zeigt uns Anatol, die Verkörperung
1803 2604 2339 2663 Form, um den es sich dreht.
340 2618 1648 2691 wienerischer Leichtlehigkeit, am Vormittage nach seinem Polterabende. In
1864 2643 2857 2705 Clara Viebig's „Fräulein Freschbolzen“ stammt ja
337 2671 1659 2747 wenigen Stunden soll er heiraten. Aber er hat seine Geliebte bei sich,
1791 2665 2869 2745 auch aus einem vierteiligen Einakter=Zyklus, der direkt
352 2706 1649 2775 eine äußerst temperamentvolle Ungarin, die nichts von seiner Verlobung
1796 2718 2860 2759 den Titel „Der Kampf um den Mann“ führt. Freilich
1796 2753 2869 2808 wird gerade in dem uns vorgeführten Stück das dramatische
352 2747 1653 2834 weiß und ihn nicht von sich lassen will, als er ihr verlügt, er müsse
1794 2797 2858 2842 Hauptmotiv durch eine undramatische, allerdings durch
339 2789 1653 2883 als „Kranzelherr“ zu einer Trau#ung gehen. Endlich gesteht er
1792 2833 2862 2884 ihre lebensvollen Details sehr fesselnde Milieuschilderung
342 2834 1664 2907 die Wahrheit, und Ilona bereitet ihm nun eine heftige Szene, rast und
1791 2866 2864 2919 überwuchert. Man interessiert sich schließlie, für die ver¬
343 2889 1654 2964 schreit und zerschlägt, was ihr in die Finger kommt. Anatol macht sich
1794 2901 2863 2951 schiedenen Nähmädchen und ihre Schicksale, namentlich bei
354 2917 1650 2999 aus dem Staube, sein Freund Mox aber tröstet Ilona mit den Worten:
1784 2932 2856 3000 so guter Charakteristik, wie sie durch die Damen Meta
353 2954 1661 3045 „Die Hauptsache ist, daß nicht Sie die Betrogene sind! Zu Ihnen kann
1784 2969 2864 3018 [Düren, Hilde Laßwitz, Mirjam Horwitz, Anka
1783 3006 2858 3050 [Rakavicz und Clara Fröhlich durchweg erfuhren,
345 2996 1657 3086 mnan zurückkehren, jene kann man verlassen.“ Und die feurige Ungarin,
1788 3050 2858 3113 mehr, als für Kundke, diesen ganz gewöhnlichen Schuft
344 3046 1668 3108 eine von denen, „welche beißen, wenn sie lieben“, freut sich über diese
1790 3086 2871 3148 und Betrüger. Die Hauptdarsteller leisteten Vorzügliches.
347 3077 1662 3171 Lösung; sie kommt sich wie ein Dämon der Rache vor — und ist doch
1794 3122 2866 3158 Henny Steinmann wußte die frisch=herbe mecklen¬
346 3127 1660 3222 eigentlich nur ein Weib. „Das ist aber grode genug!“ sogt Max zum
1777 3152 2857 3205 burgische Gutsbesitzerin Friederike Pezold ebenso lebens¬
356 3173 1657 3258 Schlusse, als er sie hinausbegleitet. Herr Ziegel als Anatol und zu¬
1786 3201 2864 3255 voll darzustellen, wie sie uns die kleinen und großen
1780 3227 2852 3280 Leiden des Frl. Freschbolzen mitempfinden zu lassen ver¬
357 3213 1662 3296 gleich als Regisseur, Fri. Horwitz als Ilona und Herr Spira als
1779 3264 2857 3327 stand. Herr Junker als Alex Oppermann und Ver¬
361 3258 1667 3347 Freund Max lösten ihre Aufgaben ganz vorzüglich und wurden dafer
1787 3307 2860 3370 sicherungsagent Hundke war dem netten wie dem gemeinen
363 3323 950 3391 mit lebhaftem Beifalle belohnt.
1790 3344 2854 3390 Don Juan darstellerisch gleich gut gewachsen. Miriam
1785 3377 2860 3445 Horwitz ließ in den drei Stücken ihre interessante Dar¬
1780 3417 2855 3480 stellungskunst nacheinander in drei Farben, dem Sanft¬
1780 3452 2845 3515 blond des sentimentalen Backsisches Else Rehberg, dem
1773 3490 2851 3548 Grellblond der schneidig=schnoddrigen Berlinerin Trude
1785 3523 2849 3587 Meyer und in dem Rabenschwarz der rabiaten Ungarin
1778 3565 2855 3618 Ilona schimmern. Herr Erich Ziegel gab einen künst¬
1782 3590 2841 3665 lerisch feindurchdachten Anatol, dem es nur etwas an der
983 3604 1529 3678 Thegter und Kunft.
1773 3632 2846 3693 spezifisch wienerischen Note fehlte: Herr Landsberg
748 3634 1547 3734 Qz X Breslauer Somzer=Theater.
1776 3682 2849 3733 als Wirtschafter Uppleger in „Liebesträume" und Herr
808 3705 2863 3769 Die drei Einakter, (die Kern Direktor Ziegel am[Spira als Anatols Freund Max sind mit Anerkennung
729 3737 2876 3831 Sonnahend eirem Heinahe aulsverkauften Hause vorsetzte, zu erwähnen. Dank der abgerundeten Durstellung fanden?
727 3786 2438 3853 haben alle drei, unbeschadet iter sonstigen Verschiedenbeit.l alle drei Stücke lebbaften Annlaua
