3392 4352
1477 217 1576 276 en
227 233 1440 286 4. 7. Anatols Hochzeitsnor“
478 259 1577 312 Aee  ee eneeeee ee Serenen
798 1020 1478 1106 emcago Christiania, Genk, Kopen¬
479 1074 1489 1145 I#, London, Madrid, Mailand, Minneapolis, New-Vork,
434 1118 1452 1201 Paris, Rom, San Francisco, Stockholi, St. Petersburg.
724 1175 1166 1243 (Quelleng###be ehne Gewübs).
394 1220 776 1312 Ausschnitt aus:
900 1212 1624 1325 Prager Tagblatt
823 1290 980 1389 1912.
401 1345 523 1395 vom:
636 1343 857 1422 ZM
796 1362 1533 1427 chnitzlers „Anatol"englische Operette.!
555 1412 1504 1482 In der LonönerMufie Hall Tivoli, wo die
547 1468 1512 1522 urwüchsigsten englischen Volkssänger wie Harry
545 1520 1513 1562 Lauder, Mark Sheridan, Phil Ray und ähnliche
557 1553 1509 1615 starke Komiker ihre grotesken Spiele treiben,
548 1592 1508 1642 tanzen und singen seit wenigen Tagen in einer
558 1634 1504 1689 einaktigen Operette, im — „Hochzeitsmor¬
558 1669 1512 1741 gen“ Schnitzlers, Anatel, sein Freund Max
557 1715 1504 1779 und ein Dämchen, das Fifi, oder Lulu oder so
558 1758 1528 1834 ähnlich heißt. Wenn Schnitzler das sehen würde!
550 1818 1512 1871 — Anatol kommt im Frack, mit derangiertem
545 1841 1524 1912 Kragen und verschobener Krawatte auf die Bühne;
564 1889 1516 1950 er hat die Nacht durchschwärmt und taumelt noch
565 1933 1516 1992 (man weiß, wie das im Varieté gemacht wird).
558 1975 1529 2028 Er zeigt Max die Hochzeitsgeschenke, die er er¬
556 2030 1526 2084 halten hat: ein Dutzend Spazierstöcke, ein Dutzend
552 2059 1528 2121 Zigarettendosen, ein Dutzend Bilder, Vasen und
558 2110 1525 2173 dergleichen unnützes Zeug. Nun folgt ein Duett.
551 2144 1528 2197 „Schön ist das Boheme=Leben — aber jetzt kommt
1141 2186 1527 2244 so ungefähr; dann
560 2189 1039 2255 der Ernst des Lehens
556 2231 1528 2303 erscheint Fifi, kostämiert, leicht geschürzt und
564 2272 1523 2328 dekolletiert, aus dem Schlafzimmer. Der Diener
574 2317 1527 2377 schämt sich (man weiß, wie Diener auf dem
594 2355 1527 2416 Varieté sich schämen); aber Anatol erklärt soforf
673 2396 1523 2456 nd, daß er die junge Dame wohl auf einem
586 2436 1531 2511 Maskenball aufgegabelt und ihr Gastfreundschaft
577 2496 1525 2543 in seinem Zimmer gegeben habe, daß er selbst aber
577 2527 1549 2578 im Klub geschlafen habe. (Jetzt weiß man, wie
570 2566 1546 2630 moralisch Anatols im englischen Barieté zu sein
573 2613 1546 2682 pflegen). Natürlich ist jetzt der Anlaß zu einem
537 2706 1536 2785 Terzelt gegeben; Fifi steigt auf Stühle und Tische
548 2760 1484 2809 und benimmt sich auch sonst sehr fifinenhaft —
560 2790 1523 2869 bis der Moment kommt, da Anatol ihr erklären
570 2832 1527 2895 muß, daß heute mittag seine eigene Hochzeit statt¬
572 2874 1521 2946 findet. Fifi schlägt alle Hochzeitsgeschenke in
573 2915 1526 2978 Scherben und will sich eben von Max trösten
561 2963 1526 3040 lassen, da — Ueberraschung! — stürzt Anatol
571 3002 1526 3066 wieder ins Zimmer. Er hat soeben eine Depesche
559 3046 1530 3126 bekommen: seine Braut ist mit einem andern da¬
1148 3092 1187 3139 0
1175 3095 1445 3150 Umarmung
566 3100 1106 3164 vongegangen. Frohlocken
570 3128 1526 3204 Jubel — Entzücken! Die drei nehmen einander
575 3172 1546 3240 bei den Händen: „Hoch die Freiheit, die Liebe!
1260 3215 1536 3284 Cancan und
571 3224 1185 3290 Hoch Bohemia, Bohemia!“ —
554 3264 1532 3354 Tusch! X Traurig senkte sich der Vorhang ....
1702 199 2094 285 box 8/3
1845 859 2816 952 Tagesbote aus Mähren und Sehlesien
2228 935 2445 1010 Brünn.
2176 991 2514 1082 Abendblatt
1811 1067 2299 1163 GARZ 19
1838 1108 2962 1196 K. u. k. Fronttheater. Man schreibt aus Wien: Jetzt
1750 1186 2962 1239 eben in der zweiten Hälfte des dritten Kriegsjahres ist das
1739 1237 2942 1292 k k. Fronttbeater gegründei worden und soll fortan — wie
1744 1264 2955 1348 es zuvor schon in Deutschland (freilich in ganz anderer
1750 1332 2936 1393 Form und unter ganz anderen äußeren Bedingungen) ge¬
1747 1388 2946 1438 schehen — auch an die k. k. Fronten in Nord, Ost und
1745 1421 2952 1477 Süd ein bißchen künstlerischen Frohsinn bringen. Ein
1745 1464 2952 1522 Schauspieler Dr. Benno Wünsch hat die Idee dazu gehabt.
1754 1524 2945 1589 Das Kriegspressequartier hat sie beifällig aufgegriffen
1753 1579 2951 1643 die Wiener Privatbühnen haben den einfachen, leicht
1749 1635 2944 1689 transportablen Fundus beigesteuert, und so ist denn das
1757 1670 2947 1732 „Fronttheater der Wiener Privatbühnen“ (wie es mit
1760 1727 2898 1779 seinem vollen Titel heißt) entstanden, an dessen Spitze —
1766 1761 2959 1818 im Rang eines Leutnants — der ehemalige Direktor der
1756 1809 2946 1875 Wiener Residenzbühne L. Wolf steht. Die Schauspieler
1761 1845 2951 1924 sind lauter Feldaraue keine Stars zwar. aber sie haben
1770 1909 2939 1965 in einer öffentlichen Generalprobe (im Wiener Johann¬
1770 1956 2939 2030 Strauß=Theater) gezeigt, daß sie ganz beträchtliches zu
1761 2005 2944 2065 leisten vermögen. Die Hauptanziehung aber war — wie
1754 2052 2943 2118 es auf dem Zettel hieß. „die für das Fronttheater erbause
1754 2103 2949 2176 mobl#e Bühne in feldmäßiger Ausstattung“. Das ist ein¬
1764 2144 2948 2216 ganz entzückende Reliefszene, ohne Kulisse, ein Kasperl¬
1748 2214 2934 2264 theater, auf dem ein toller Verwechslungsschwank („Die spa¬
1757 2255 2941 2325 nische Fliege“ von Franz Arnold und Ernst Bach) ganz
1758 2309 2944 2365 kasperlmäßig und marionettenhaft und zum Schreien
1755 2349 2944 2406 lustig heruntergespielt worden ist. Mit den nämlichen
1762 2388 2948 2457 Requisiten wird man auch den ewigen „Raub der Sabi¬
1766 2443 2946 2500 nerinnen“ darstellen können. Außerdem aber nimmt das
1756 2490 2948 2562 Fronttheater literarisches Gepäck nachdenklich gedämpfter
1757 2547 2951 2605 Lustigkeit, es nimmt richtige österreichische Dichtungen.
1757 2606 2944 2658 dreier richtiger Wiener Dichter mit: Hans Saßmanns!
1761 2623 2944 2707 „Blaues Auge“. Felix Saltens „Auferstchung“ und „Ana¬
1753 2704 2941 2754 tols Hochzeitsmorgen“ von Artur Schnitzler Gar so ein¬
1767 2729 2942 2795 fach war die Repertoirhildung nicht. Es gab hundertundein
1758 2778 2940 2850 Zensurbedenken und hundertundzwei technische Schwierig¬
1743 2832 2931 2895 keiten. Man brauchte Stücke mit möglichst geringem Fun¬
1751 2868 2935 2948 dus. Dern die Reise geht in ewas bühnenfremde Gegen¬
1751 2934 2928 3002 den, zunächst zwar nur nach Krakau, von da aber nach
1745 2975 2942 3050 Lublin, nach Kowel, nach Wladimir Wolinsk und dann
1740 3030 2929 3091 vom Norden nach dem östlichsten Osten. Konstantinopel ist
1744 3077 2928 3153 d#e Endziel. Montag den 5. Mirz ist das aanze
1736 3105 2938 3182 Theater mit Sack und Pack abgedaripft. Einen Monat
1733 3173 2931 3242 lang wird das Spiel im Norden dauerr: Es gibt Offiziers¬
1740 3215 2939 3292 und Mannschaftsvorstellungen (die natirlick grat's sind),
1736 3257 2939 3337 Die Koiten trügt der Staat: und die Kozten sind nicht klein:
1743 3317 2950 3391 jedes Mitglied des Fronttheaters bezieht z. B. nebst freiem
1754 3383 2946 3432 Quartier und vollständig freier Verpflegung — eine Tages¬
1753 3425 2948 3480 gage von 13 bis 20 K. Vorläufig verspricht man sich von
1741 3465 2948 3530 der Einrichtung sehr großen Erfolg: denn am 14. März
1745 3523 2944 3591 geht eine zweite Frankbühne ab, an deren Spitze die Ope¬
1746 3578 2425 3642 rettendiva Annie Dirkens steht.
