<?xml version="1.0" encoding="UTF-8" standalone="yes"?>
<PcGts xmlns="http://schema.primaresearch.org/PAGE/gts/pagecontent/2013-07-15" xmlns:xsi="http://www.w3.org/2001/XMLSchema-instance" xsi:schemaLocation="http://schema.primaresearch.org/PAGE/gts/pagecontent/2013-07-15 http://schema.primaresearch.org/PAGE/gts/pagecontent/2013-07-15/pagecontent.xsd">
    <Metadata>
        <Creator>prov=University of Rostock/Institute of Mathematics/CITlab/Gundram Leifert/gundram.leifert@uni-rostock.de:name=ONB_Newseye_GT_M1+(htr_id=10810)::::v=2.4.2
prov=University of Rostock/Institute of Mathematics/CITlab/Tobias Gruening/tobias.gruening@uni-rostock.de:name=de.uros.citlab.module.baseline2polygon.B2PSeamMultiOriented:v=2.4.2
prov=University of Rostock/Institute of Mathematics/CITlab/Tobias Gruening/tobias.gruening@uni-rostock.de:name=/mnt/transkribus/LA/DEA/URO/LA_news_onb_att.pb:de.uros.citlab.segmentation.CITlab_LA_ML:v=2.4.2
Transkribus</Creator>
        <Created>2019-10-07T11:49:49.180+02:00</Created>
        <LastChange>2019-10-08T18:27:43.704+02:00</LastChange>
        <TranskribusMetadata docId="223995" pageId="9503403" pageNr="11" tsid="16606321" status="IN_PROGRESS" userId="40391" imgUrl="https://files.transkribus.eu/Get?id=OGDOBVIYCBRFMEYFZYKINBTV&amp;fileType=view" xmlUrl="https://files.transkribus.eu/Get?id=TJWVIERVDZRMRXYFRWKUTLXI" imageId="6193617"/>
    </Metadata>
    <Page imageFilename="223995_0011.jpeg" imageWidth="3436" imageHeight="4384">
        <ReadingOrder>
            <OrderedGroup id="ro_1711444781569" caption="Regions reading order">
                <RegionRefIndexed index="0" regionRef="r1"/>
            </OrderedGroup>
        </ReadingOrder>
        <TextRegion orientation="0.0" id="r1" custom="readingOrder {index:0;}">
            <Coords points="244,189 244,4141 2344,4141 2344,189"/>
            <TextLine id="r1l1" custom="readingOrder {index:0;}">
                <Coords points="1720,235 1754,223 1773,235 1882,235 1907,214 1963,244 2005,242 2023,224 2102,231 2101,159 2061,141 1920,180 1889,159 1862,176 1802,173 1775,150 1720,175"/>
                <Baseline points="1727,221 1753,219 1779,218 1805,218 1832,218 1858,218 1884,218 1911,218 1937,219 1963,219 1989,218 2016,218 2042,216 2068,214 2095,211"/>
                <TextEquiv>
                    <Unicode>box 8/3</Unicode>
                </TextEquiv>
            </TextLine>
            <TextLine id="r1l2" custom="readingOrder {index:1;}">
                <Coords points="1487,229 1507,230 1520,224 1546,230 1550,227 1566,229 1579,219 1589,221 1589,183 1577,186 1559,183 1539,166 1530,164 1507,177 1487,181"/>
                <Baseline points="1495,219 1523,217 1552,217 1581,219"/>
                <TextEquiv>
                    <Unicode>en</Unicode>
                </TextEquiv>
            </TextLine>
            <TextLine id="r1l3" custom="readingOrder {index:2;}">
                <Coords points="846,233 1411,229 1410,181 1357,174 1252,184 1203,161 1105,186 1044,160 989,184 846,173"/>
                <Baseline points="853,220 880,220 908,221 935,221 963,221 990,221 1018,221 1045,221 1073,221 1100,220 1128,220 1156,220 1183,219 1211,219 1238,218 1266,218 1293,218 1321,217 1348,217 1376,217 1404,217"/>
                <TextEquiv>
                    <Unicode>Hochzeitsnor</Unicode>
                </TextEquiv>
            </TextLine>
            <TextLine id="r1l4" custom="readingOrder {index:3;}">
                <Coords points="237,234 310,251 345,226 372,243 393,221 443,242 652,232 651,170 634,165 559,189 514,172 482,204 443,198 373,153 237,184"/>
                <Baseline points="244,223 269,225 294,227 319,228 344,228 369,229 394,229 419,229 444,229 469,229 494,228 519,227 544,227 569,225 594,224 619,223 644,222"/>
                <TextEquiv>
                    <Unicode>4.7. Ana</Unicode>
                </TextEquiv>
            </TextLine>
            <TextLine id="r1l5" custom="readingOrder {index:4;}">
                <Coords points="495,256 1497,264 1591,222 1523,224 1464,173 1405,223 495,228"/>
                <Baseline points="502,245 556,246 610,247 664,247 718,247 772,247 826,247 880,247 934,247 988,246 1042,246 1096,245 1150,244 1204,243 1258,242 1312,242 1366,241 1420,240 1474,240 1528,240 1583,239"/>
                <TextEquiv>
                    <Unicode>nnenenenenetentenenenenenen Aenenenten, K. C. —</Unicode>
                </TextEquiv>
            </TextLine>
            <TextLine id="r1l6" custom="readingOrder {index:5;}">
                <Coords points="1803,584 1901,568 1933,582 2053,563 2173,571 2184,568 2183,499 2092,480 1970,518 1849,505 1802,519"/>
                <Baseline points="1809,551 1835,550 1861,550 1887,550 1914,549 1940,548 1966,547 1993,546 2019,546 2045,545 2071,545 2098,544 2124,544 2150,544 2177,545"/>
                <TextEquiv>
                    <Unicode>Telephon 12.801.</Unicode>
                </TextEquiv>
            </TextLine>
            <TextLine id="r1l7" custom="readingOrder {index:6;}">
                <Coords points="1324,735 1512,707 1661,727 1717,702 1821,726 1944,689 1943,612 1807,588 1706,608 1550,599 1524,621 1411,609 1322,649"/>
                <Baseline points="1331,719 1361,717 1391,714 1421,712 1452,711 1482,710 1512,709 1543,709 1573,708 1603,708 1634,708 1664,708 1694,708 1724,708 1755,707 1785,707 1815,707 1846,706 1876,705 1906,704 1937,702"/>
                <TextEquiv>
                    <Unicode>„OBSERVER“</Unicode>
                </TextEquiv>
            </TextLine>
            <TextLine id="r1l8" custom="readingOrder {index:7;}">
                <Coords points="1103,789 2190,771 2189,719 1102,732"/>
                <Baseline points="1110,784 1163,783 1217,782 1270,781 1324,780 1378,779 1431,778 1485,778 1539,777 1592,776 1646,775 1700,774 1753,773 1807,772 1861,771 1914,770 1968,768 2022,767 2075,765 2129,763 2183,762"/>
                <TextEquiv>
                    <Unicode>L österr. behördl. konz. Unternehmen für Zeitungs-Ausschnitte</Unicode>
                </TextEquiv>
            </TextLine>
            <TextLine id="r1l9" custom="readingOrder {index:8;}">
                <Coords points="1233,856 1815,872 2071,844 2070,790 1935,779 1504,813 1430,791 1381,818 1233,796"/>
                <Baseline points="1241,847 1282,848 1323,848 1364,848 1405,848 1446,848 1487,848 1528,847 1569,846 1610,845 1652,844 1693,843 1734,843 1775,842 1816,841 1857,840 1898,839 1939,839 1980,838 2021,838 2063,838"/>
                <TextEquiv>
                    <Unicode>Wien, I., Concordiaplatz 4.</Unicode>
                </TextEquiv>
            </TextLine>
            <TextLine id="r1l10" custom="readingOrder {index:9;}">
                <Coords points="1432,938 1543,911 1644,925 1692,911 1706,922 1811,917 1858,899 1857,868 1617,882 1593,869 1503,880 1431,861"/>
                <Baseline points="1439,909 1464,908 1490,908 1516,908 1542,908 1567,908 1593,908 1619,908 1645,909 1670,908 1696,908 1722,908 1748,907 1773,906 1799,905 1825,903 1851,901"/>
                <TextEquiv>
                    <Unicode>Vertretungen</Unicode>
                </TextEquiv>
            </TextLine>
            <TextLine id="r1l11" custom="readingOrder {index:10;}">
                <Coords points="1108,979 2172,966 2187,913 1107,936"/>
                <Baseline points="1115,969 1168,968 1221,967 1274,966 1328,964 1381,964 1434,962 1487,961 1541,960 1594,959 1647,958 1700,957 1754,955 1807,955 1860,953 1913,953 1967,952 2020,951 2073,951 2126,950 2180,950"/>
                <TextEquiv>
                    <Unicode>in Berlin, Budapest, Chicago, Christiania, Genf, Kopen¬</Unicode>
                </TextEquiv>
            </TextLine>
            <TextLine id="r1l12" custom="readingOrder {index:11;}">
                <Coords points="1100,1028 2187,1005 2146,955 1099,984"/>
                <Baseline points="1107,1007 1160,1007 1214,1006 1267,1006 1321,1005 1375,1004 1428,1003 1482,1002 1535,1001 1589,1000 1643,999 1696,998 1750,997 1803,996 1857,995 1911,994 1964,993 2018,992 2071,991 2125,991 2179,990"/>
                <TextEquiv>
                    <Unicode>hagen, London, Madrid, Mailand, Minneapolis, New-Vork,</Unicode>
                </TextEquiv>
            </TextLine>
            <TextLine id="r1l13" custom="readingOrder {index:12;}">
                <Coords points="1144,1074 1232,1049 1307,1082 1456,1039 2009,1060 2142,1041 2141,1001 1143,1033"/>
                <Baseline points="1150,1047 1199,1046 1248,1045 1297,1045 1347,1043 1396,1042 1445,1041 1494,1040 1544,1038 1593,1037 1642,1036 1691,1035 1741,1034 1790,1033 1839,1032 1888,1032 1938,1032 1987,1032 2036,1033 2085,1034 2135,1035"/>
                <TextEquiv>
                    <Unicode>Paris, Rom, San Francisco, Stockholm, St. Petersburg.</Unicode>
                </TextEquiv>
            </TextLine>
            <TextLine id="r1l14" custom="readingOrder {index:13;}">
                <Coords points="1448,1080 1483,1100 1508,1085 1578,1098 1646,1074 1687,1097 1727,1098 1786,1072 1871,1082 1870,1036 1845,1048 1686,1040 1656,1055 1629,1041 1573,1054 1447,1049"/>
                <Baseline points="1455,1074 1480,1073 1506,1072 1531,1071 1557,1069 1582,1069 1608,1067 1633,1067 1659,1066 1684,1065 1710,1065 1735,1065 1761,1065 1786,1065 1812,1066 1837,1067 1863,1068"/>
                <TextEquiv>
                    <Unicode>(Quellenangabe ohne Gewähr).</Unicode>
                </TextEquiv>
            </TextLine>
            <TextLine id="r1l15" custom="readingOrder {index:14;}">
                <Coords points="1812,1161 1826,1154 1868,1156 1878,1145 1909,1150 1926,1132 1972,1145 2002,1129 1996,1085 1945,1094 1924,1089 1902,1106 1883,1104 1842,1119 1806,1117"/>
                <Baseline points="1815,1131 1840,1131 1865,1128 1891,1124 1916,1119 1942,1115 1967,1111 1993,1109"/>
                <TextEquiv>
                    <Unicode>„ 223</Unicode>
                </TextEquiv>
            </TextLine>
            <TextLine id="r1l16" custom="readingOrder {index:15;}">
                <Coords points="1106,1175 1184,1158 1274,1170 1361,1146 1420,1177 1444,1169 1463,1181 1487,1172 1485,1106 1368,1117 1322,1092 1290,1118 1242,1106 1173,1123 1150,1109 1105,1135"/>
                <Baseline points="1113,1154 1139,1155 1165,1155 1191,1154 1217,1154 1243,1153 1269,1152 1296,1150 1322,1149 1348,1149 1374,1148 1400,1147 1426,1146 1452,1146 1479,1147"/>
                <TextEquiv>
                    <Unicode>Ausschnitt aus:</Unicode>
                </TextEquiv>
            </TextLine>
            <TextLine id="r1l17" custom="readingOrder {index:16;}">
                <Coords points="1820,1232 1836,1223 1850,1232 1946,1226 1988,1197 2044,1196 2073,1179 2088,1187 2122,1176 2111,1116 2077,1112 2034,1110 1971,1145 1924,1133 1910,1150 1807,1157"/>
                <Baseline points="1824,1214 1850,1213 1876,1211 1902,1208 1929,1204 1955,1199 1981,1195 2007,1189 2034,1184 2060,1177 2086,1172 2113,1167"/>
                <TextEquiv>
                    <Unicode>.han es</Unicode>
                </TextEquiv>
            </TextLine>
            <TextLine id="r1l18" custom="readingOrder {index:17;}">
                <Coords points="1106,1251 1135,1257 1145,1265 1153,1261 1187,1265 1237,1256 1249,1259 1249,1223 1231,1226 1189,1213 1176,1218 1146,1208 1127,1222 1116,1212 1106,1213"/>
                <Baseline points="1113,1253 1138,1255 1164,1254 1189,1254 1215,1253 1241,1254"/>
                <TextEquiv>
                    <Unicode>vom:</Unicode>
                </TextEquiv>
            </TextLine>
            <TextLine id="r1l19" custom="readingOrder {index:18;}">
                <Coords points="1630,1292 1727,1269 1783,1301 2263,1317 2266,1241 1850,1237 1819,1210 1764,1208 1632,1237"/>
                <Baseline points="1638,1273 1668,1277 1699,1280 1730,1282 1761,1285 1792,1287 1823,1289 1854,1291 1885,1293 1916,1294 1947,1295 1977,1296 2008,1298 2039,1298 2070,1299 2101,1299 2132,1300 2163,1300 2194,1300 2225,1300 2256,1300"/>
                <TextEquiv>
                    <Unicode> Wiener Tagbtat.</Unicode>
                </TextEquiv>
            </TextLine>
            <TextLine id="r1l20" custom="readingOrder {index:19;}">
                <Coords points="1291,1395 2164,1393 2206,1373 2206,1318 1290,1312"/>
                <Baseline points="1297,1389 1342,1386 1387,1385 1432,1384 1477,1382 1522,1382 1567,1382 1612,1381 1657,1381 1702,1381 1748,1381 1793,1381 1838,1381 1883,1381 1928,1381 1973,1380 2018,1379 2063,1378 2108,1377 2153,1375 2199,1373"/>
                <TextEquiv>
                    <Unicode>„Concordia“=Matinee. Der Journalistenverein</Unicode>
                </TextEquiv>
            </TextLine>
            <TextLine id="r1l21" custom="readingOrder {index:20;}">
                <Coords points="1195,1441 1607,1415 1644,1452 2095,1428 2312,1467 2351,1456 2351,1386 1195,1409"/>
                <Baseline points="1202,1431 1259,1433 1316,1434 1373,1435 1430,1435 1487,1433 1544,1432 1601,1430 1658,1428 1715,1427 1773,1425 1830,1424 1887,1424 1944,1424 2001,1425 2058,1428 2115,1430 2172,1435 2229,1442 2286,1450 2344,1460"/>
                <TextEquiv>
                    <Unicode>„Concordia“ hatte für geßtern wachmittag das Johann #al.</Unicode>
                </TextEquiv>
            </TextLine>
            <TextLine id="r1l22" custom="readingOrder {index:21;}">
                <Coords points="1201,1483 2196,1473 2195,1442 2095,1428 1201,1441"/>
                <Baseline points="1209,1478 1260,1479 1312,1479 1363,1479 1415,1479 1466,1478 1518,1477 1569,1477 1621,1476 1672,1474 1724,1474 1775,1473 1827,1472 1878,1471 1930,1471 1981,1470 2033,1471 2084,1471 2136,1472 2188,1474"/>
                <TextEquiv>
                    <Unicode>Strauß=Theater gemieket, simepfer Einakter vorzuführen,</Unicode>
                </TextEquiv>
            </TextLine>
            <TextLine id="r1l23" custom="readingOrder {index:22;}">
                <Coords points="1199,1527 2115,1518 2214,1549 2213,1484 2011,1470 1199,1500"/>
                <Baseline points="1206,1529 1256,1528 1306,1527 1356,1526 1406,1524 1456,1524 1506,1522 1556,1522 1606,1521 1656,1520 1706,1519 1756,1519 1806,1518 1856,1518 1906,1517 1956,1517 2006,1517 2056,1517 2106,1517 2156,1517 2206,1518"/>
                <TextEquiv>
                    <Unicode>die ins Wien noch nuchtfgespielt wurden und von denen</Unicode>
                </TextEquiv>
            </TextLine>
            <TextLine id="r1l24" custom="readingOrder {index:23;}">
                <Coords points="1202,1583 2156,1575 2197,1539 1201,1530"/>
                <Baseline points="1208,1575 1257,1574 1306,1573 1355,1572 1404,1571 1453,1570 1502,1570 1551,1569 1600,1569 1649,1568 1699,1568 1748,1567 1797,1567 1846,1566 1895,1565 1944,1565 1993,1564 2042,1563 2091,1562 2140,1561 2190,1560"/>
                <TextEquiv>
                    <Unicode>dreibeimishe Herkunft sind. Die interessante Autoren¬</Unicode>
                </TextEquiv>
            </TextLine>
            <TextLine id="r1l25" custom="readingOrder {index:24;}">
                <Coords points="1197,1632 2211,1600 2187,1564 2030,1559 1196,1593"/>
                <Baseline points="1203,1622 1253,1619 1303,1618 1353,1616 1403,1615 1453,1614 1503,1613 1553,1612 1603,1612 1653,1611 1703,1611 1753,1611 1803,1610 1853,1610 1903,1610 1953,1610 2003,1609 2053,1609 2103,1608 2153,1607 2204,1606"/>
                <TextEquiv>
                    <Unicode>listé Die“ Vereinigung von hervorragenden Künstlern zur</Unicode>
                </TextEquiv>
            </TextLine>
            <TextLine id="r1l26" custom="readingOrder {index:25;}">
                <Coords points="1203,1670 2209,1651 2200,1599 2094,1634 1203,1630"/>
                <Baseline points="1210,1668 1259,1667 1309,1666 1358,1665 1408,1665 1458,1663 1507,1662 1557,1661 1606,1660 1656,1659 1706,1658 1755,1657 1805,1656 1854,1655 1904,1654 1954,1653 2003,1653 2053,1652 2102,1652 2152,1652 2202,1652"/>
                <TextEquiv>
                    <Unicode>Darstellung, insbeschdere auch die Mitwirkung von</Unicode>
                </TextEquiv>
            </TextLine>
            <TextLine id="r1l27" custom="readingOrder {index:26;}">
                <Coords points="1191,1738 1466,1706 2142,1718 2210,1700 2210,1650 1190,1666"/>
                <Baseline points="1197,1714 1247,1711 1297,1709 1347,1706 1398,1705 1448,1704 1498,1702 1549,1701 1599,1701 1649,1701 1700,1700 1750,1700 1800,1700 1850,1700 1901,1700 1951,1700 2001,1700 2052,1699 2102,1699 2152,1698 2203,1697"/>
                <TextEquiv>
                    <Unicode>Josef Kainz — dies alles ließ wertvolle Darbietungen</Unicode>
                </TextEquiv>
            </TextLine>
            <TextLine id="r1l28" custom="readingOrder {index:27;}">
                <Coords points="1200,1772 2210,1752 2209,1715 2122,1701 1199,1730"/>
                <Baseline points="1207,1757 1256,1756 1306,1755 1356,1754 1406,1753 1455,1752 1505,1751 1555,1750 1605,1749 1654,1748 1704,1747 1754,1746 1804,1746 1853,1745 1903,1744 1953,1744 2003,1744 2052,1744 2102,1744 2152,1744 2202,1744"/>
                <TextEquiv>
                    <Unicode>erwarten, und man sah sich nicht getäuscht. Den Anfang</Unicode>
                </TextEquiv>
            </TextLine>
            <TextLine id="r1l29" custom="readingOrder {index:28;}">
                <Coords points="1206,1803 2016,1806 2214,1795 2214,1753 1205,1773"/>
                <Baseline points="1213,1801 1262,1800 1312,1800 1362,1799 1411,1799 1461,1798 1511,1798 1560,1797 1610,1796 1660,1796 1710,1795 1759,1794 1809,1793 1859,1793 1908,1792 1958,1791 2008,1790 2057,1790 2107,1788 2157,1788 2207,1787"/>
                <TextEquiv>
                    <Unicode>machte ein zartes, fast schon zu zartes Stimmungsbild:</Unicode>
                </TextEquiv>
            </TextLine>
            <TextLine id="r1l30" custom="readingOrder {index:29;}">
                <Coords points="1210,1845 2001,1832 2213,1863 2189,1784 1999,1816 1209,1808"/>
                <Baseline points="1217,1849 1266,1847 1315,1845 1365,1844 1414,1843 1464,1842 1513,1841 1563,1840 1612,1840 1662,1839 1711,1839 1760,1839 1810,1838 1859,1838 1909,1838 1958,1838 2008,1838 2057,1837 2107,1837 2156,1836 2206,1836"/>
                <TextEquiv>
                    <Unicode>„Besuch in der Dämmerung“ von Thaddäus</Unicode>
                </TextEquiv>
            </TextLine>
            <TextLine id="r1l31" custom="readingOrder {index:30;}">
                <Coords points="1210,1895 2208,1875 2114,1836 1210,1849"/>
                <Baseline points="1217,1890 1266,1889 1315,1888 1364,1887 1413,1886 1462,1885 1511,1884 1561,1884 1610,1883 1659,1883 1708,1882 1757,1882 1806,1882 1855,1881 1905,1881 1954,1881 2003,1880 2052,1880 2101,1879 2150,1879 2200,1878"/>
                <TextEquiv>
                    <Unicode>Rittner. Ein Dialog soll zeigen, wie rasch sich die Leiden¬</Unicode>
                </TextEquiv>
            </TextLine>
            <TextLine id="r1l32" custom="readingOrder {index:31;}">
                <Coords points="1205,1941 2163,1941 2217,1889 1205,1891"/>
                <Baseline points="1213,1934 1262,1933 1312,1932 1362,1931 1412,1930 1462,1930 1512,1929 1561,1929 1611,1929 1661,1929 1711,1929 1761,1928 1811,1928 1861,1928 1910,1928 1960,1928 2010,1928 2060,1928 2110,1927 2160,1927 2210,1926"/>
                <TextEquiv>
                    <Unicode>schaft einer Frau am Schmerze eines Mannes entzünden</Unicode>
                </TextEquiv>
            </TextLine>
            <TextLine id="r1l33" custom="readingOrder {index:32;}">
                <Coords points="1200,1986 2219,1990 2198,1927 1200,1941"/>
                <Baseline points="1208,1984 1258,1983 1308,1981 1358,1980 1408,1979 1459,1977 1509,1976 1559,1975 1609,1974 1659,1973 1710,1973 1760,1972 1810,1971 1860,1971 1910,1970 1961,1970 2011,1969 2061,1969 2111,1968 2161,1968 2212,1968"/>
                <TextEquiv>
                    <Unicode>kann, und wie gleichschnell der Schmerz eines Mannes</Unicode>
                </TextEquiv>
            </TextLine>
            <TextLine id="r1l34" custom="readingOrder {index:33;}">
                <Coords points="1193,2036 2213,2033 2213,1983 1193,1991"/>
                <Baseline points="1200,2025 1250,2025 1300,2025 1350,2025 1401,2025 1451,2024 1501,2024 1552,2023 1602,2023 1652,2022 1703,2022 1753,2021 1803,2020 1853,2020 1904,2019 1954,2019 2004,2018 2055,2018 2105,2017 2155,2017 2206,2016"/>
                <TextEquiv>
                    <Unicode>vor der Leidenschaft eines Weibes weicht. Aber der</Unicode>
                </TextEquiv>
            </TextLine>
            <TextLine id="r1l35" custom="readingOrder {index:34;}">
                <Coords points="2075,2067 2101,2076 2108,2068 2121,2069 2125,2074 2144,2053 2161,2054 2173,2050 2172,2022 2159,2024 2153,2018 2142,2027 2138,2024 2128,2031 2112,2021 2105,2021 2091,2035 2074,2034"/>
                <Baseline points="2082,2066 2110,2061 2138,2061 2166,2062"/>
                <TextEquiv>
                    <Unicode>13</Unicode>
                </TextEquiv>
            </TextLine>
            <TextLine id="r1l36" custom="readingOrder {index:35;}">
                <Coords points="1186,2160 2215,2166 2205,2106 1187,2100"/>
                <Baseline points="1194,2152 1244,2151 1295,2150 1346,2149 1396,2149 1447,2149 1498,2149 1548,2149 1599,2149 1650,2150 1701,2150 1751,2151 1802,2151 1853,2152 1903,2152 1954,2152 2005,2153 2055,2153 2106,2153 2157,2152 2208,2152"/>
                <TextEquiv>
                    <Unicode>jähe Gemütswandel, der sich im Dunkel einer Dämmer¬</Unicode>
                </TextEquiv>
            </TextLine>
            <TextLine id="r1l37" custom="readingOrder {index:36;}">
                <Coords points="1185,2193 2032,2221 2215,2191 2168,2154 1914,2183 1185,2157"/>
                <Baseline points="1192,2199 1242,2199 1293,2198 1344,2198 1395,2197 1446,2197 1496,2197 1547,2197 1598,2197 1649,2197 1700,2198 1750,2198 1801,2198 1852,2198 1903,2198 1954,2198 2004,2198 2055,2198 2106,2198 2157,2197 2208,2197"/>
                <TextEquiv>
                    <Unicode>stunde vollzieht, ist nicht von Dauer; kaum sind die</Unicode>
                </TextEquiv>
            </TextLine>
            <TextLine id="r1l38" custom="readingOrder {index:37;}">
                <Coords points="1180,2270 1262,2241 2211,2233 2142,2201 1180,2194"/>
                <Baseline points="1187,2242 1237,2242 1288,2241 1339,2241 1390,2241 1441,2241 1492,2242 1542,2242 1593,2243 1644,2243 1695,2243 1746,2244 1797,2244 1848,2244 1898,2244 1949,2244 2000,2244 2051,2243 2102,2243 2153,2241 2204,2240"/>
                <TextEquiv>
                    <Unicode>Abendschatten verscheucht, da tritt auch schon die Er¬</Unicode>
                </TextEquiv>
            </TextLine>
            <TextLine id="r1l39" custom="readingOrder {index:38;}">
                <Coords points="1194,2293 2210,2287 2210,2253 2119,2240 1195,2241"/>
                <Baseline points="1201,2286 1251,2286 1301,2287 1351,2287 1401,2288 1451,2288 1501,2289 1551,2289 1601,2289 1651,2290 1702,2290 1752,2290 1802,2291 1852,2291 1902,2291 1952,2291 2002,2290 2052,2290 2102,2290 2152,2289 2203,2288"/>
                <TextEquiv>
                    <Unicode>nüchterung ein. Die kleine, erns#e Plauderei, die wie die</Unicode>
                </TextEquiv>
            </TextLine>
            <TextLine id="r1l40" custom="readingOrder {index:39;}">
                <Coords points="1186,2322 1273,2350 2213,2341 2203,2287 1186,2292"/>
                <Baseline points="1192,2327 1242,2329 1293,2329 1343,2330 1394,2331 1445,2332 1495,2333 1546,2333 1597,2334 1647,2334 1698,2334 1749,2335 1799,2335 1850,2335 1901,2335 1951,2335 2002,2335 2053,2335 2103,2336 2154,2336 2205,2336"/>
                <TextEquiv>
                    <Unicode>Dramatisierung eines Romankapiiels anmutet, wurde</Unicode>
                </TextEquiv>
            </TextLine>
            <TextLine id="r1l41" custom="readingOrder {index:40;}">
                <Coords points="1193,2378 2217,2375 2186,2335 1273,2349 1193,2323"/>
                <Baseline points="1200,2372 1250,2374 1301,2375 1351,2376 1402,2377 1452,2378 1503,2378 1553,2379 1604,2379 1654,2380 1705,2380 1755,2380 1806,2380 1856,2380 1907,2379 1957,2379 2008,2378 2058,2378 2109,2377 2159,2376 2210,2376"/>
                <TextEquiv>
                    <Unicode>von Fräulein Galafrés, Herrn Leyrer und Herrn</Unicode>
                </TextEquiv>
            </TextLine>
            <TextLine id="r1l42" custom="readingOrder {index:41;}">
                <Coords points="1194,2422 2212,2430 2212,2375 1437,2400 1195,2376"/>
                <Baseline points="1201,2420 1251,2420 1301,2421 1351,2421 1401,2422 1451,2422 1501,2423 1552,2423 1602,2423 1652,2424 1702,2424 1752,2424 1802,2424 1852,2425 1903,2425 1953,2424 2003,2424 2053,2424 2103,2424 2153,2423 2204,2422"/>
                <TextEquiv>
                    <Unicode>Edthofer mit liebevollem Eingehen auf psychologische</Unicode>
                </TextEquiv>
            </TextLine>
            <TextLine id="r1l43" custom="readingOrder {index:42;}">
                <Coords points="1192,2475 2211,2480 2203,2430 1193,2420"/>
                <Baseline points="1199,2468 1249,2468 1299,2468 1349,2468 1400,2468 1450,2468 1500,2468 1550,2468 1601,2469 1651,2469 1701,2469 1751,2469 1802,2469 1852,2470 1902,2470 1952,2470 2003,2471 2053,2471 2103,2472 2153,2473 2204,2473"/>
                <TextEquiv>
                    <Unicode>Feinheiten gespielt. Als greller Gegensatz zu viesem, in</Unicode>
                </TextEquiv>
            </TextLine>
            <TextLine id="r1l44" custom="readingOrder {index:43;}">
                <Coords points="1195,2507 2205,2529 2205,2479 2174,2474 1195,2475"/>
                <Baseline points="1202,2514 1251,2513 1301,2513 1351,2513 1401,2513 1451,2513 1500,2514 1550,2514 1600,2515 1650,2515 1700,2515 1749,2516 1799,2517 1849,2517 1899,2517 1949,2518 1998,2518 2048,2518 2098,2519 2148,2519 2198,2518"/>
                <TextEquiv>
                    <Unicode>matten Farben gehaltenen Bilde folgte ein robuster,</Unicode>
                </TextEquiv>
            </TextLine>
            <TextLine id="r1l45" custom="readingOrder {index:44;}">
                <Coords points="1203,2563 2043,2577 2212,2550 2018,2508 1950,2538 1203,2506"/>
                <Baseline points="1210,2554 1259,2555 1309,2556 1359,2556 1408,2558 1458,2558 1508,2559 1557,2560 1607,2560 1657,2561 1707,2561 1756,2562 1806,2562 1856,2562 1905,2562 1955,2561 2005,2561 2054,2560 2104,2559 2154,2558 2204,2557"/>
                <TextEquiv>
                    <Unicode>überkräftiger Einakter von A. M. Willner: „Der Pech¬</Unicode>
                </TextEquiv>
            </TextLine>
            <TextLine id="r1l46" custom="readingOrder {index:45;}">
                <Coords points="1199,2606 2227,2623 2227,2577 2171,2568 1200,2556"/>
                <Baseline points="1206,2598 1256,2599 1307,2601 1357,2602 1408,2603 1459,2604 1509,2605 1560,2606 1611,2606 1661,2606 1712,2607 1763,2607 1813,2607 1864,2607 1915,2607 1965,2607 2016,2607 2067,2607 2117,2607 2168,2607 2219,2607"/>
                <TextEquiv>
                    <Unicode>vogel“. Die Handlung spielt in einem Gefängnisse in</Unicode>
                </TextEquiv>
            </TextLine>
            <TextLine id="r1l47" custom="readingOrder {index:46;}">
                <Coords points="1192,2643 2214,2664 2136,2607 1193,2608"/>
                <Baseline points="1200,2644 1250,2645 1300,2646 1351,2648 1401,2649 1451,2649 1502,2650 1552,2651 1602,2651 1653,2652 1703,2652 1753,2652 1804,2652 1854,2652 1904,2652 1955,2652 2005,2652 2055,2652 2106,2653 2156,2653 2207,2653"/>
                <TextEquiv>
                    <Unicode>Paris, während der großen Revolution. Einige Kavaliere</Unicode>
                </TextEquiv>
            </TextLine>
            <TextLine id="r1l48" custom="readingOrder {index:47;}">
                <Coords points="1194,2700 2210,2693 2133,2658 1195,2644"/>
                <Baseline points="1202,2689 1252,2691 1302,2692 1352,2693 1402,2694 1452,2694 1502,2695 1552,2695 1602,2695 1652,2695 1702,2695 1752,2695 1802,2695 1852,2696 1902,2696 1952,2696 2002,2696 2052,2697 2102,2698 2152,2699 2203,2700"/>
                <TextEquiv>
                    <Unicode>und vornehme Damen erwarten in heroischer Haltung den</Unicode>
                </TextEquiv>
            </TextLine>
            <TextLine id="r1l49" custom="readingOrder {index:48;}">
                <Coords points="1194,2740 2206,2750 2165,2701 1195,2699"/>
                <Baseline points="1202,2736 1251,2737 1301,2737 1351,2737 1401,2737 1451,2738 1501,2738 1550,2739 1600,2740 1650,2740 1700,2741 1750,2742 1800,2742 1850,2743 1899,2743 1949,2744 1999,2744 2049,2744 2099,2744 2149,2744 2199,2743"/>
                <TextEquiv>
                    <Unicode>gewaktsamen Tod. Liebende schließen einen Herzensbund,</Unicode>
                </TextEquiv>
            </TextLine>
            <TextLine id="r1l50" custom="readingOrder {index:49;}">
                <Coords points="1195,2787 2213,2783 2213,2749 2162,2746 1716,2768 1195,2740"/>
                <Baseline points="1202,2783 1252,2784 1302,2785 1352,2786 1402,2787 1453,2787 1503,2788 1553,2788 1603,2789 1653,2789 1704,2789 1754,2789 1804,2789 1854,2789 1904,2789 1955,2789 2005,2788 2055,2788 2105,2788 2155,2787 2206,2786"/>
                <TextEquiv>
                    <Unicode>das Blutgericht vor Augen. Ein Edelmann, der immer</Unicode>
                </TextEquiv>
            </TextLine>
            <TextLine id="r1l51" custom="readingOrder {index:50;}">
                <Coords points="1179,2827 2215,2830 2077,2789 1179,2810"/>
                <Baseline points="1187,2829 1238,2829 1289,2829 1340,2829 1391,2829 1442,2830 1493,2830 1544,2831 1595,2832 1646,2832 1697,2833 1748,2834 1799,2834 1850,2835 1901,2835 1952,2835 2003,2834 2054,2833 2105,2832 2156,2830 2208,2828"/>
                <TextEquiv>
                    <Unicode>Unglück hatte — in der Jagd, im=Spiele und in der</Unicode>
                </TextEquiv>
            </TextLine>
            <TextLine id="r1l52" custom="readingOrder {index:51;}">
                <Coords points="1185,2891 2199,2895 2214,2846 1185,2827"/>
                <Baseline points="1192,2874 1242,2874 1293,2875 1344,2875 1394,2876 1445,2876 1496,2877 1546,2878 1597,2878 1648,2879 1699,2879 1749,2880 1800,2880 1851,2881 1901,2881 1952,2881 2003,2881 2053,2881 2104,2881 2155,2881 2206,2880"/>
                <TextEquiv>
                    <Unicode>Liebe — hat nun plötzlich anscheinend das größte Glück,</Unicode>
                </TextEquiv>
            </TextLine>
            <TextLine id="r1l53" custom="readingOrder {index:52;}">
                <Coords points="1183,2924 2208,2926 2151,2881 1184,2892"/>
                <Baseline points="1190,2917 1240,2918 1291,2918 1341,2919 1392,2920 1442,2921 1493,2922 1543,2923 1594,2924 1644,2925 1695,2926 1745,2926 1796,2927 1846,2927 1897,2928 1947,2928 1998,2928 2048,2928 2099,2928 2149,2927 2200,2926"/>
                <TextEquiv>
                    <Unicode>denn sein lebensüberdrüssiger Freund gibt sich für ihn aus,</Unicode>
                </TextEquiv>
            </TextLine>
            <TextLine id="r1l54" custom="readingOrder {index:53;}">
                <Coords points="1190,2966 2212,2970 2124,2928 1191,2930"/>
                <Baseline points="1197,2965 1247,2965 1297,2965 1348,2966 1398,2966 1449,2967 1499,2968 1549,2969 1600,2970 1650,2970 1701,2971 1751,2972 1801,2972 1852,2973 1902,2973 1953,2972 2003,2972 2053,2971 2104,2969 2154,2968 2205,2965"/>
                <TextEquiv>
                    <Unicode>wird sein Stellvertreter beim Todesgang. Aber „der Pech¬</Unicode>
                </TextEquiv>
            </TextLine>
            <TextLine id="r1l55" custom="readingOrder {index:54;}">
                <Coords points="1190,3016 2199,3018 2199,2978 2136,2972 1191,2966"/>
                <Baseline points="1198,3009 1247,3009 1297,3010 1347,3011 1396,3012 1446,3013 1496,3014 1545,3014 1595,3015 1645,3016 1695,3016 1744,3017 1794,3017 1844,3018 1893,3018 1943,3018 1993,3018 2042,3017 2092,3017 2142,3016 2192,3015"/>
                <TextEquiv>
                    <Unicode>vogel“ bleibt doch dem Unglücke geweiht. Gerabe der Rollen¬</Unicode>
                </TextEquiv>
            </TextLine>
            <TextLine id="r1l56" custom="readingOrder {index:55;}">
                <Coords points="1187,3053 2228,3084 2229,3037 1187,3018"/>
                <Baseline points="1194,3057 1245,3057 1296,3058 1348,3059 1399,3059 1451,3060 1502,3060 1553,3061 1605,3061 1656,3062 1708,3062 1759,3062 1810,3063 1862,3063 1913,3063 1965,3063 2016,3063 2067,3063 2119,3063 2170,3063 2222,3063"/>
                <TextEquiv>
                    <Unicode>tausch, der ihn retten sollte, kostet ihm das Leben.</Unicode>
                </TextEquiv>
            </TextLine>
            <TextLine id="r1l57" custom="readingOrder {index:56;}">
                <Coords points="1180,3110 2232,3116 2076,3062 1180,3074"/>
                <Baseline points="1187,3106 1238,3105 1290,3105 1342,3104 1394,3104 1446,3105 1498,3105 1549,3105 1601,3106 1653,3106 1705,3107 1757,3107 1809,3108 1861,3108 1912,3109 1964,3109 2016,3109 2068,3109 2120,3109 2172,3109 2224,3108"/>
                <TextEquiv>
                    <Unicode>Gerade ihm war, wie er zu spät erfährt, die Begnadigung</Unicode>
                </TextEquiv>
            </TextLine>
            <TextLine id="r1l58" custom="readingOrder {index:57;}">
                <Coords points="1177,3163 2210,3158 2210,3115 1177,3106"/>
                <Baseline points="1185,3155 1235,3154 1286,3152 1337,3151 1388,3150 1439,3150 1490,3149 1541,3149 1592,3149 1643,3149 1694,3149 1744,3150 1795,3150 1846,3151 1897,3151 1948,3152 1999,3152 2050,3153 2101,3153 2152,3153 2203,3154"/>
                <TextEquiv>
                    <Unicode>zugedacht; also bleibt sein Stellvertreter am Leben; und er</Unicode>
                </TextEquiv>
            </TextLine>
            <TextLine id="r1l59" custom="readingOrder {index:58;}">
                <Coords points="1178,3211 2219,3205 2219,3168 2144,3151 1179,3161"/>
                <Baseline points="1186,3198 1237,3198 1288,3198 1339,3198 1391,3198 1442,3198 1493,3198 1545,3198 1596,3198 1647,3198 1699,3198 1750,3199 1801,3199 1852,3199 1904,3200 1955,3200 2006,3200 2058,3200 2109,3200 2160,3200 2212,3200"/>
                <TextEquiv>
                    <Unicode>muß statt eines andern in den Tod. Der tragische Witz</Unicode>
                </TextEquiv>
            </TextLine>
            <TextLine id="r1l60" custom="readingOrder {index:59;}">
                <Coords points="1174,3257 2185,3260 2210,3208 1174,3212"/>
                <Baseline points="1181,3244 1232,3244 1283,3244 1334,3243 1385,3243 1436,3244 1487,3244 1538,3244 1589,3245 1640,3245 1691,3245 1742,3246 1793,3246 1844,3247 1895,3247 1946,3247 1997,3247 2048,3247 2099,3247 2150,3246 2202,3246"/>
                <TextEquiv>
                    <Unicode>wirkt, denn die Schilderung der Zeit ist geglückt, und in</Unicode>
                </TextEquiv>
            </TextLine>
            <TextLine id="r1l61" custom="readingOrder {index:60;}">
                <Coords points="1188,3286 2021,3310 2212,3300 2213,3249 1188,3250"/>
                <Baseline points="1195,3288 1245,3289 1296,3289 1346,3290 1397,3290 1447,3291 1498,3291 1548,3292 1599,3292 1649,3293 1700,3293 1750,3293 1801,3293 1851,3294 1902,3293 1952,3293 2003,3293 2053,3292 2104,3292 2154,3291 2205,3290"/>
                <TextEquiv>
                    <Unicode>raschem Laufe, Schlag auf Schlag, folgen einander die</Unicode>
                </TextEquiv>
            </TextLine>
            <TextLine id="r1l62" custom="readingOrder {index:61;}">
                <Coords points="1180,3332 2152,3356 2212,3349 2213,3295 1180,3281"/>
                <Baseline points="1187,3332 1240,3332 1294,3332 1347,3333 1401,3333 1455,3334 1508,3334 1562,3335 1616,3335 1669,3336 1723,3337 1776,3337 1830,3338 1884,3338 1937,3339 1991,3339 2045,3340 2098,3340 2152,3340 2206,3341"/>
                <TextEquiv>
                    <Unicode>atembeklemmenden Vorgänge. Fräulein Hannemann</Unicode>
                </TextEquiv>
            </TextLine>
            <TextLine id="r1l63" custom="readingOrder {index:62;}">
                <Coords points="1174,3391 2206,3381 2190,3342 1174,3345"/>
                <Baseline points="1181,3376 1231,3377 1282,3378 1333,3379 1384,3379 1435,3380 1486,3381 1536,3382 1587,3382 1638,3383 1689,3383 1740,3384 1791,3384 1842,3385 1892,3385 1943,3385 1994,3385 2045,3385 2096,3385 2147,3384 2198,3384"/>
                <TextEquiv>
                    <Unicode>ergriff, durch echte Gemütsköne, die Herren Kramer,</Unicode>
                </TextEquiv>
            </TextLine>
            <TextLine id="r1l64" custom="readingOrder {index:63;}">
                <Coords points="1180,3430 2206,3448 2206,3381 1180,3391"/>
                <Baseline points="1187,3422 1237,3422 1288,3423 1338,3423 1389,3423 1440,3424 1490,3425 1541,3426 1591,3427 1642,3427 1693,3428 1743,3429 1794,3430 1844,3430 1895,3431 1946,3431 1996,3431 2047,3430 2097,3429 2148,3429 2199,3427"/>
                <TextEquiv>
                    <Unicode>Edthofer und Fräulein Schweighofer ver¬</Unicode>
                </TextEquiv>
            </TextLine>
            <TextLine id="r1l65" custom="readingOrder {index:64;}">
                <Coords points="1172,3482 1999,3493 2208,3460 2036,3430 1172,3442"/>
                <Baseline points="1179,3472 1230,3471 1281,3471 1332,3470 1383,3470 1434,3470 1485,3471 1536,3471 1587,3472 1638,3472 1689,3473 1740,3473 1791,3474 1842,3474 1893,3474 1944,3475 1995,3474 2046,3474 2097,3474 2148,3473 2200,3471"/>
                <TextEquiv>
                    <Unicode>#####rten die mit knappen Strichen gezeichneten Unglücks¬</Unicode>
                </TextEquiv>
            </TextLine>
            <TextLine id="r1l66" custom="readingOrder {index:65;}">
                <Coords points="1175,3534 2085,3545 2211,3516 2147,3479 1175,3488"/>
                <Baseline points="1182,3514 1233,3515 1284,3515 1335,3515 1386,3516 1437,3516 1488,3517 1539,3517 1590,3518 1641,3518 1693,3518 1744,3519 1795,3519 1846,3520 1897,3520 1948,3521 1999,3521 2050,3522 2101,3522 2152,3523 2204,3523"/>
                <TextEquiv>
                    <Unicode>helden in rührender Weise. Mit den Darstellern dieses von</Unicode>
                </TextEquiv>
            </TextLine>
            <TextLine id="r1l67" custom="readingOrder {index:66;}">
                <Coords points="1172,3576 2204,3569 2204,3539 2138,3524 1173,3533"/>
                <Baseline points="1180,3562 1230,3562 1281,3562 1332,3563 1383,3563 1434,3563 1485,3563 1535,3564 1586,3564 1637,3564 1688,3565 1739,3565 1790,3566 1841,3566 1891,3567 1942,3567 1993,3568 2044,3568 2095,3569 2146,3570 2197,3570"/>
                <TextEquiv>
                    <Unicode>Dr. Fellner stimmungsvoll in Szene gesetzten Ein¬</Unicode>
                </TextEquiv>
            </TextLine>
            <TextLine id="r1l68" custom="readingOrder {index:67;}">
                <Coords points="1180,3610 2213,3611 2133,3571 1180,3571"/>
                <Baseline points="1187,3613 1240,3611 1294,3610 1347,3610 1401,3609 1455,3609 1508,3609 1562,3610 1616,3610 1669,3611 1723,3612 1776,3612 1830,3613 1884,3614 1937,3615 1991,3615 2045,3615 2098,3616 2152,3615 2206,3615"/>
                <TextEquiv>
                    <Unicode>akters wurde auch der Verfasser oft hervorgerufen. Als</Unicode>
                </TextEquiv>
            </TextLine>
            <TextLine id="r1l69" custom="readingOrder {index:68;}">
                <Coords points="1178,3661 2216,3682 2216,3639 2095,3618 1178,3611"/>
                <Baseline points="1185,3661 1236,3658 1287,3657 1338,3656 1389,3655 1441,3655 1492,3655 1543,3655 1594,3656 1645,3656 1697,3657 1748,3658 1799,3659 1850,3660 1901,3660 1953,3661 2004,3661 2055,3661 2106,3660 2157,3660 2209,3658"/>
                <TextEquiv>
                    <Unicode>Nachtstück von poetischem Werte erschien dann „Eine</Unicode>
                </TextEquiv>
            </TextLine>
            <TextLine id="r1l70" custom="readingOrder {index:69;}">
                <Coords points="1184,3705 2212,3710 2212,3680 2120,3662 1184,3658"/>
                <Baseline points="1192,3704 1242,3703 1293,3702 1343,3702 1394,3702 1445,3702 1495,3702 1546,3703 1596,3703 1647,3703 1698,3704 1748,3704 1799,3705 1849,3705 1900,3705 1951,3705 2001,3705 2052,3705 2102,3705 2153,3705 2204,3704"/>
                <TextEquiv>
                    <Unicode>florentinische Tragödie“ von Oskar Wilde in</Unicode>
                </TextEquiv>
            </TextLine>
            <TextLine id="r1l71" custom="readingOrder {index:70;}">
                <Coords points="1174,3742 2207,3767 2207,3716 2157,3713 1174,3707"/>
                <Baseline points="1181,3749 1231,3748 1282,3748 1333,3748 1384,3747 1435,3747 1486,3747 1537,3748 1588,3748 1639,3748 1690,3749 1740,3749 1791,3750 1842,3751 1893,3751 1944,3752 1995,3753 2046,3754 2097,3754 2148,3755 2199,3756"/>
                <TextEquiv>
                    <Unicode>der Uebersetzung von Max Meyerfeld. Der Dichter hat von</Unicode>
                </TextEquiv>
            </TextLine>
            <TextLine id="r1l72" custom="readingOrder {index:71;}">
                <Coords points="1179,3789 2203,3818 2203,3766 2142,3757 1962,3785 1910,3752 1179,3763"/>
                <Baseline points="1186,3799 1236,3797 1287,3795 1337,3794 1388,3793 1438,3793 1489,3793 1539,3793 1590,3794 1640,3795 1691,3796 1741,3797 1792,3797 1842,3798 1893,3799 1943,3799 1994,3799 2044,3799 2095,3798 2145,3797 2196,3795"/>
                <TextEquiv>
                    <Unicode>diesem Rennaissance=Einakter viel gehalten, denn er be¬</Unicode>
                </TextEquiv>
            </TextLine>
            <TextLine id="r1l73" custom="readingOrder {index:72;}">
                <Coords points="1182,3846 2166,3858 2208,3809 1182,3789"/>
                <Baseline points="1189,3843 1239,3841 1290,3840 1340,3839 1391,3838 1442,3838 1492,3838 1543,3839 1593,3839 1644,3840 1695,3841 1745,3842 1796,3843 1846,3844 1897,3844 1948,3845 1998,3845 2049,3844 2099,3844 2150,3843 2201,3841"/>
                <TextEquiv>
                    <Unicode>zeichnete ihn als ein „farhiges, musikalisches Werk“. Er ist</Unicode>
                </TextEquiv>
            </TextLine>
            <TextLine id="r1l74" custom="readingOrder {index:73;}">
                <Coords points="1181,3885 2206,3888 2206,3848 2139,3839 2052,3867 1182,3849"/>
                <Baseline points="1189,3888 1239,3887 1290,3886 1340,3885 1391,3885 1441,3885 1492,3885 1542,3886 1593,3886 1643,3887 1694,3888 1744,3889 1795,3889 1845,3890 1896,3891 1946,3891 1997,3892 2047,3892 2098,3891 2148,3891 2199,3890"/>
                <TextEquiv>
                    <Unicode>kucz vor der „Salome“ erschienen und hatte ein eigenes</Unicode>
                </TextEquiv>
            </TextLine>
            <TextLine id="r1l75" custom="readingOrder {index:74;}">
                <Coords points="1188,3933 1999,3960 2157,3953 2209,3931 2210,3892 1188,3890"/>
                <Baseline points="1195,3932 1245,3933 1295,3933 1346,3934 1396,3934 1447,3934 1497,3934 1547,3934 1598,3934 1648,3934 1699,3934 1749,3934 1799,3934 1850,3934 1900,3934 1951,3934 2001,3934 2051,3934 2102,3935 2152,3936 2203,3937"/>
                <TextEquiv>
                    <Unicode>Schicksal, denn er wurde dem Dichter vom Schreibtische</Unicode>
                </TextEquiv>
            </TextLine>
            <TextLine id="r1l76" custom="readingOrder {index:75;}">
                <Coords points="1180,3983 2208,3983 2208,3943 1181,3926"/>
                <Baseline points="1188,3979 1238,3980 1289,3981 1339,3981 1390,3981 1441,3982 1491,3982 1542,3982 1592,3981 1643,3981 1694,3981 1744,3981 1795,3981 1845,3981 1896,3981 1947,3981 1997,3982 2048,3982 2098,3983 2149,3984 2200,3985"/>
                <TextEquiv>
                    <Unicode>entwendet und erst nach seinem Tode in einer</Unicode>
                </TextEquiv>
            </TextLine>
            <TextLine id="r1l77" custom="readingOrder {index:76;}">
                <Coords points="1176,4034 1201,4028 1206,4033 1228,4030 1233,4036 1262,4032 1280,4041 1299,4032 1315,4039 1325,4029 1334,4030 1334,4004 1311,4001 1299,3987 1274,3994 1250,3981 1224,3990 1213,3983 1203,3984 1191,3995 1177,3995"/>
                <Baseline points="1183,4026 1211,4024 1240,4024 1269,4025 1298,4026 1327,4028"/>
                <TextEquiv>
                    <Unicode>älteren,</Unicode>
                </TextEquiv>
            </TextLine>
            <TextLine id="r1l78" custom="readingOrder {index:77;}">
                <Coords points="1347,4026 1563,4051 1696,4018 1916,4048 1955,4020 2018,4040 2106,4017 2140,4044 2205,4018 2205,3987 1347,3989"/>
                <Baseline points="1355,4028 1397,4027 1439,4027 1481,4027 1523,4027 1565,4027 1607,4027 1650,4027 1692,4027 1734,4027 1776,4027 1818,4027 1860,4027 1902,4027 1945,4027 1987,4027 2029,4027 2071,4028 2113,4028 2155,4028 2198,4029"/>
                <TextEquiv>
                    <Unicode>längst vergessenen Niederschrift wieder ge¬</Unicode>
                </TextEquiv>
            </TextLine>
            <TextLine id="r1l79" custom="readingOrder {index:78;}">
                <Coords points="1173,4082 1193,4085 1203,4080 1210,4086 1223,4076 1259,4071 1264,4077 1273,4070 1294,4080 1300,4074 1339,4069 1339,4054 1329,4054 1301,4032 1287,4041 1247,4031 1234,4037 1228,4031 1200,4029 1188,4036 1173,4032"/>
                <Baseline points="1180,4076 1205,4071 1230,4069 1255,4069 1280,4070 1305,4071 1331,4073"/>
                <TextEquiv>
                    <Unicode>funden.</Unicode>
                </TextEquiv>
            </TextLine>
            <TextLine id="r1l80" custom="readingOrder {index:79;}">
                <Coords points="1344,4081 1647,4065 2036,4097 2209,4064 1969,4022 1906,4049 1696,4018 1596,4045 1345,4038"/>
                <Baseline points="1351,4070 1393,4070 1436,4070 1478,4070 1521,4070 1563,4070 1606,4070 1648,4070 1691,4071 1733,4071 1776,4071 1819,4071 1861,4072 1904,4072 1946,4072 1989,4073 2031,4073 2074,4073 2116,4073 2159,4074 2202,4074"/>
                <TextEquiv>
                    <Unicode>Seltsam ist das Stück auch als ein ganz eigen¬</Unicode>
                </TextEquiv>
            </TextLine>
            <TextLine id="r1l81" custom="readingOrder {index:80;}">
                <Coords points="1179,4108 2205,4130 2205,4087 2154,4080 1179,4081"/>
                <Baseline points="1186,4109 1236,4114 1287,4117 1337,4120 1388,4121 1438,4123 1489,4123 1539,4123 1590,4122 1640,4121 1691,4121 1742,4120 1792,4119 1843,4118 1893,4118 1944,4118 1994,4119 2045,4120 2095,4123 2146,4126 2197,4131"/>
                <TextEquiv>
                    <Unicode>artiges Fragment weil ihm nicht der Schluß,</Unicode>
                </TextEquiv>
            </TextLine>
            <TextEquiv>
                <Unicode>box 8/3
en
Hochzeitsnor
4.7. Ana
nnenenenenetentenenenenenen Aenenenten, K. C. —
Telephon 12.801.
„OBSERVER“
L österr. behördl. konz. Unternehmen für Zeitungs-Ausschnitte
Wien, I., Concordiaplatz 4.
Vertretungen
in Berlin, Budapest, Chicago, Christiania, Genf, Kopen¬
hagen, London, Madrid, Mailand, Minneapolis, New-Vork,
Paris, Rom, San Francisco, Stockholm, St. Petersburg.
(Quellenangabe ohne Gewähr).
„ 223
Ausschnitt aus:
.han es
vom:
 Wiener Tagbtat.
„Concordia“=Matinee. Der Journalistenverein
„Concordia“ hatte für geßtern wachmittag das Johann #al.
Strauß=Theater gemieket, simepfer Einakter vorzuführen,
die ins Wien noch nuchtfgespielt wurden und von denen
dreibeimishe Herkunft sind. Die interessante Autoren¬
listé Die“ Vereinigung von hervorragenden Künstlern zur
Darstellung, insbeschdere auch die Mitwirkung von
Josef Kainz — dies alles ließ wertvolle Darbietungen
erwarten, und man sah sich nicht getäuscht. Den Anfang
machte ein zartes, fast schon zu zartes Stimmungsbild:
„Besuch in der Dämmerung“ von Thaddäus
Rittner. Ein Dialog soll zeigen, wie rasch sich die Leiden¬
schaft einer Frau am Schmerze eines Mannes entzünden
kann, und wie gleichschnell der Schmerz eines Mannes
vor der Leidenschaft eines Weibes weicht. Aber der
13
jähe Gemütswandel, der sich im Dunkel einer Dämmer¬
stunde vollzieht, ist nicht von Dauer; kaum sind die
Abendschatten verscheucht, da tritt auch schon die Er¬
nüchterung ein. Die kleine, erns#e Plauderei, die wie die
Dramatisierung eines Romankapiiels anmutet, wurde
von Fräulein Galafrés, Herrn Leyrer und Herrn
Edthofer mit liebevollem Eingehen auf psychologische
Feinheiten gespielt. Als greller Gegensatz zu viesem, in
matten Farben gehaltenen Bilde folgte ein robuster,
überkräftiger Einakter von A. M. Willner: „Der Pech¬
vogel“. Die Handlung spielt in einem Gefängnisse in
Paris, während der großen Revolution. Einige Kavaliere
und vornehme Damen erwarten in heroischer Haltung den
gewaktsamen Tod. Liebende schließen einen Herzensbund,
das Blutgericht vor Augen. Ein Edelmann, der immer
Unglück hatte — in der Jagd, im=Spiele und in der
Liebe — hat nun plötzlich anscheinend das größte Glück,
denn sein lebensüberdrüssiger Freund gibt sich für ihn aus,
wird sein Stellvertreter beim Todesgang. Aber „der Pech¬
vogel“ bleibt doch dem Unglücke geweiht. Gerabe der Rollen¬
tausch, der ihn retten sollte, kostet ihm das Leben.
Gerade ihm war, wie er zu spät erfährt, die Begnadigung
zugedacht; also bleibt sein Stellvertreter am Leben; und er
muß statt eines andern in den Tod. Der tragische Witz
wirkt, denn die Schilderung der Zeit ist geglückt, und in
raschem Laufe, Schlag auf Schlag, folgen einander die
atembeklemmenden Vorgänge. Fräulein Hannemann
ergriff, durch echte Gemütsköne, die Herren Kramer,
Edthofer und Fräulein Schweighofer ver¬
#####rten die mit knappen Strichen gezeichneten Unglücks¬
helden in rührender Weise. Mit den Darstellern dieses von
Dr. Fellner stimmungsvoll in Szene gesetzten Ein¬
akters wurde auch der Verfasser oft hervorgerufen. Als
Nachtstück von poetischem Werte erschien dann „Eine
florentinische Tragödie“ von Oskar Wilde in
der Uebersetzung von Max Meyerfeld. Der Dichter hat von
diesem Rennaissance=Einakter viel gehalten, denn er be¬
zeichnete ihn als ein „farhiges, musikalisches Werk“. Er ist
kucz vor der „Salome“ erschienen und hatte ein eigenes
Schicksal, denn er wurde dem Dichter vom Schreibtische
entwendet und erst nach seinem Tode in einer
älteren,
längst vergessenen Niederschrift wieder ge¬
funden.
Seltsam ist das Stück auch als ein ganz eigen¬
artiges Fragment weil ihm nicht der Schluß,</Unicode>
            </TextEquiv>
        </TextRegion>
    </Page>
</PcGts>
