3436 4352
1498 223 1556 273 n
224 201 1429 288 4. 7. Anatols Hochzeitsnor
465 193 2102 311 Ken box 8/3
2004 909 2439 1018 JasOBualH- Shn“
1802 1007 1873 1072 3
1826 1114 2913 1192 ∆ l. öste##venördl. konz. Unternehmen für Zeitungs-Ausschm.
1968 1155 2850 1271 Wien, I., Concordiaplatz 4.
1789 1214 1897 1281 *
1006 1198 1371 1298 Telephon 12.801.
2186 1239 2618 1318 Vertretungen
1846 1279 2956 1373 9 in Berlin, Budapest, Chicago, Christiania, Genf, Kopen¬
1788 1340 2949 1418 hagen, London, Madrid, Mailand, Minneapolis, New-Vork,
473 1325 528 1389 2
471 1384 535 1449 *
1896 1372 2910 1454 Paris, Rom, San Francisco, Stockholm, St. Petersburg.
518 1347 1329 1447 „UBSEHTEN =
2207 1415 2593 1483 (quellenangabe ohne Gewähr.)
296 1430 1382 1510 I. österr. behördl. konz Unternehmen für Zeitungs-Ausschnitte
1796 1439 2283 1570 ∆ Ausschnätfe ans,
425 1490 1259 1581 Wien, I., Concordiaplatz 4.
1783 1558 2023 1618 E vom:
628 1563 1057 1640 Vertretungen
2025 1555 3019 1654 — Osterr. Volkspresse, Wien
293 1613 1382 1687 in Berlin, Budapest, Chicago, Christiania, Genf, Kopen¬
300 1678 1372 1726 hagen, London, Madrid, Mailand. Minneapolis, New-Vork,
1918 1645 2889 1733 Deutsches Volkstha# Den letzten
329 1714 1328 1783 Paris, Rom, San Francisco, Stockholm, St. Petersburg.
1858 1704 2882 1789 Premierenabend bedeuteten vier Einakter, die be¬
635 1752 1048 1816 (Quellenangabe ohne Gewähr).
1866 1778 2884 1833 reits mehr oder weniger bekannt sind und daher
296 1799 693 1882 Ausschnitt aus:
1867 1818 2878 1881 eigentlich keine Neuheiten bilden. Der beste dieser
716 1820 1443 1923 Frankfurter Zeitung
1865 1865 2877 1924 vier Stücke ist unstreitig „Der „Pechvogel“
445 1856 722 1951 23 1. 1909
292 1894 433 1965 vom:
1866 1911 2890 1976 von A. M. Willner, Szenen in der Pariser
530 1934 1477 2044 Im Deütschen Volkstheater wurde tin
1864 1961 2886 2031 Conciergerie aus dem Revolutionsjahre 1789 dar¬
1297 2004 1346 2053 st.
336 1995 1463 2075 Premicrenabend mit vier Einaktern gefüllt. Am stärksten
1863 2012 2878 2075 stellend, in welchem bühnenwirksamen und auf
325 2032 1478 2108 hat „Der Pechvogel“ von Wüllner gewirkt. Man hat¬
1870 2049 2892 2117 äußerliche Effekte beruhenden Einakter die Herren
336 2069 1471 2150 wieder einmal erfahren, mit wieviel Grazie die Aristokraten
1870 2109 2878 2168 Edthofer, Kramer und die Damen Schweig¬
328 2104 1459 2183 des ancien régime das Schaffot bestiegen haben. Das Mit¬
326 2160 1468 2232 gefühl mit diesen Herzögen, Grafen und Marquisen will nicht
1859 2149 2888 2225 hofer und Hannemann die Hauptrollen vor¬
320 2186 1463 2258 enden. Recht so. Die Revolution hätte sich nicht mit Blut
1866 2209 2882 2282 trefflich spielten. Hierauf folgte „Anatols Hoch¬
317 2226 1481 2323 beflecken brauchen. Aber worum wird alles Bühnenmitleid
1861 2254 2880 2330 zeitsmorgen“ von Artur Schnitzler, eine
310 2276 1453 2357 für diese Opfer aufgespart; warum erbarmt sich nicht ein¬
1870 2302 2879 2383 nicht üble Schilderung der Auffassung, die gewisse
309 2330 1442 2381 mal ein Dichter der Tausende, die vom weißen Schrecken
1860 2366 2882 2422 Lebemänner von der Ehe haben. Dieser Einakter
311 2360 1449 2436 hingemordet wurden, der Helden der Kommune, der namen¬
305 2396 1438 2467 losen russischen Märtyrer, die jetzt alltäglich zu Dutzenden von
1866 2417 2882 2471 ist wohl eines der besten Sachen dieses modernen
298 2435 1444 2509 den Henkersknechten des Zarismus vom Leben zum Tode be¬
1867 2453 2891 2519 Autors. In diesem lockeren Stücke hatten natür¬
306 2476 666 2530 fördert werden ..
709 2496 1444 2545 Auch „Anatols Hochzeitsmor¬
1861 2500 2888 2563 lich Fräulein Galafrés und die Herren Kramer
303 2526 1432 2584 gen“ von Arib=Schutzler wurde für diesen Premierenabend
1858 2551 2876 2608 und Klitsch die Hauptrollen und waren mit Er¬
296 2539 1433 2625 ausgegraben. Wir ternten daraus, wieviel Schnitzler seitdem
300 2591 1426 2662 gelernt hat. Dann kam Felix Saltens „Auferstehung“
1862 2587 2880 2664 folg an dem Erfolg tätig. Hierauf folgte Felix
298 2641 1432 2700 aus dem Cyklus „Vom anderen Ufer". Saltens schriftstelle¬
1844 2649 2880 2721 Saltens „Auferstehung“, welche Komödie
309 2671 1434 2737 rische Persönlichkeit kennzeichnet man am besten mit drei V:
1832 2696 2875 2774 schon bei den früheren Aufführungen ausführlich
293 2702 1446 2778 Vitalität, Versatilität, Vulgarität. Ein ungemein ergiebiges
297 2749 1445 2812 Talent, in allen Sätteln gerecht, geschickt, nicht ungefällig,
1853 2745 2875 2809 besprochen wurde und somit keinen Anlaß zu einer
304 2787 1439 2853 imitiert virtuos jeden gangbaren Stil, coviert jede wirksame
1853 2803 2887 2867 wiederholten Besprechung gibt. Gespielt wurde von
292 2834 1437 2896 Eigenart, hat persönlich nichts, nicht das Geringste zu sagen.
1860 2851 2875 2916 den Herren Homma und Kramer und Frau
302 2870 1447 2934 Hat überhaupt nichts auf dem Herzen, hat höchstens etwas im
290 2907 1373 2965 Gehirn. „Die grüne Schnur“ von Bernstein,
1863 2894 2879 2965 Glöckner ganz famos. Den schlechten Schluß
290 2934 1445 3003 Ende gut alles gut — wurde explosiv ausgezischt., Es war ein
1860 2944 2874 3011 des Abends machte eine Szene „Die grüne
302 2974 662 3050 verlorener Abend.
1856 2993 2865 3058 Schnur“ von Max Bernstein, eine öde,
1854 3037 2856 3104 jeden Humor entbehrende Gerichtsszene, die so
1865 3084 2877 3158 langweilig wirkte, daß mitten im Stücke die
1856 3128 2875 3204 Premierengäste in fluchtartiger Eile das Haus
1860 3194 2875 3257 verließen. Wer nun die Physiognomie der Volks¬
1865 3228 2873 3311 tbeater=Premierengäste und den Autor Max Bern¬
1858 3278 2878 3349 stein kennt, kann sich vorstellen, was an dem
1855 3339 2880 3401 Zeug daran ist. Die Herren Amon, Ehmann
1855 3374 2887 3450 und Russek mühten sich vergeblich ab, diese lang¬
1861 3441 2650 3516 weilige Geschichte erträglich zu machen.
