3484 4384
937 183 1644 250 lochzeitsmorden
279 165 888 277 4.7. Anatéls
529 167 2168 282 g box B/3
1935 757 2291 867 Telephon 12891.
2733 860 2855 925 559
2107 896 2803 999 „ODSEHTEN
1918 965 3051 1050 I. österr. behördl. konz. Unternehmen für Zeitungs-Ausschnltte
391 1010 774 1124 Telenhon 12801..
2121 1029 2864 1124 Wien, I., Concordiaplatz 4.
1180 1061 1334 1148 □95
2333 1093 2645 1164 Vertretungen
594 1109 1279 1241 „JUSERVEN
1918 1137 3051 1204 in Berlin, Budapest, Chicago, Christiania, Genf, Kopenhagen,
1920 1189 3053 1264 London, Madrid, Mailand, Minneapolis, New-York, Paris, Rom,
401 1160 1513 1305 I. österr. behördl. konz. Unternehmen für Zeilungs-Ausschaltte
2107 1232 2865 1299 San Francisco, Stockholm, St. Petersburg.
2281 1272 2705 1342 (Quellenangabe ohne Gewähr.)
595 1232 1340 1359 Wien, I., Concordiaplatz 4.
818 1311 1139 1397 Vertretungen
1917 1342 3050 1447 Ausschnitt aus: Neues Wiener Journal
413 1335 1529 1464 in Berlin, Budapest, Chicago, Christiania, Genf, Kopenhagen.
416 1378 1536 1523 London, Madrid, Mailand, Minnespolis, New-York, Paris, Rom,
605 1422 1388 1526 dan Franeiseo, Stockhoim, St. Petersbare.
1916 1429 2483 1553 B
791 1472 1274 1556 (Cuellingngepg ehne Gerib#.
940 1471 1495 1598 hns Gesstuhar Wrien
2033 1514 3075 1602 Sezessionsbühne. Wenn ich das Glück hätte, eine Behörde
1916 1584 3083 1656 zu sein, würde ich mir das Vergnügen, die Vereinsleitung wegen
430 1601 856 1691 Ausschnitt aus:
1924 1642 3079 1695 „Irreführung“ zu belangen, nicht versagen. Die Vorstellung, die
1932 1680 3079 1730 laut Einladung präzise 8 Uhr beginnen sollte, sollte laut Theater¬
720 1676 923 1746 Snln 5
456 1696 598 1771 vom:
1919 1731 3072 1786 zettel erst präzise halb 9 Uhr anfangen und tatsächlich teilte sich
1924 1769 3083 1841 der Vorhang erst präzise ¾9 Uhr. Selbst diese späte Stunde
428 1747 666 1844 Sene.
594 1793 1468 1872 Vergangenen Freitag veranstaltete die „Sezessions¬
1923 1811 3078 1865 schien noch zu früh, denn mehrere Besucher kamen erst präzise
1521 1848 1574 1919 2
450 1852 1462 1926 bühne“ im Festfaale des Kaufmännischen Vereines eine
1924 1865 3075 1922 9 Uhr. Trotz des späten Anfanges schloß die Vorstellung schon zu
467 1904 1471 1961 interessante Vorstellung, bei der auch mehrere Novitäten
1920 1911 3081 1956 früher Mitternachtsstunde — präzise halb 12 Uhr. Reichlich ent¬
1919 1956 3074 2022 schädigt wurde man für dieses lange Warten durch endlose Pausen
481 1966 1493 2055 von namhaften Autoren zur Aufführung gelangten. Von
1932 2018 3071 2064 und einen Brautstands= sowie zwei Ehebrüche in Schnitziers
492 2041 1500 2093 besonderer Wirkung erwies sich „Nummer Achtzig“, eine
1925 2048 3070 2107 geistreichem Einakter „Anatols Hochzeitsmorgen“, danü
495 2075 1489 2134 „Skizze fürs Volk“, wie Herm. Heyermans jun. sein
1924 2098 3073 2164 Pserhofers flotter Cabaretskizze „Madame Esprit“ und endlich
487 2121 1499 2186 Stück bezeichnet, in welchem er das Schicksal eines russischen
1934 2139 3079 2201 in Tellheims frisch bearbeitetem französischen Schwank „Wer
493 2166 1492 2214 politischen Gefangenen, der am Tage seiner Befreiung
1927 2194 3076 2249 zuletzt lacht ...“. Heyermans Einakter „Ahasver“ wurde von
1521 2197 1602 2282 8
491 2207 1502 2274 in Wahnsinn verfällt, in meisterhaft realistischer Weise
1929 2244 3076 2304 Herrn Leo Edel gut zum Vortrag gebracht, nur möchte ich be¬
485 2252 1510 2315 schildert. Auch die übrigen Figuren des Stückes, durchweg
1933 2293 3082 2346 merken, daß es unbedingt nötig gewesen wäre, den alten, ortho¬
490 2307 1497 2357 russische Volkstypen, sind von überzeugender Lebenswahrheit.
1920 2322 3083 2392 doren Juden und seine Frau nicht berlinerisch, sondern mit
498 2340 1496 2395 Voll Charme und geistvoller Einfälle präsentierte sich Pfer¬
1931 2387 3076 2450 jüdischem Dialekt — in welchem ja auch die Ro### geschrieben
486 2378 1510 2453 hofers „Madame Esprit“, ein parodistisches Ehebruchsstück,
2132 2419 3087 2486 zu lesen. Emanuel Reichers Leiser Frenkel
1932 2427 2138 2488 sind —
490 2420 1508 2483 in welchem die List der Frau über einen tölpelhaften
502 2469 1518 2533 Gatten triumphiert. Außerdem kamen noch Schninler
1919 2461 3085 2532 in Tschirikows „Die Juden“ hätte ein ausgezeichnetes Muster
497 2524 1517 2592 mit „Anatols Hochzeitsmorgen“ sowie Güstav Tell=,
1917 2521 3078 2582 abgegeben! Desselben Autors Skizze für das Volk: „Nummer
488 2555 1515 2622 heim mit einem einaltigen Schwank „Wer zuletzt
1932 2565 3073 2619 Achtzig“ machte den Schluß. Die Charaktere sind schablonen¬
491 2612 1510 2659 lacht" zu Worte. Was die Darstellung anbelangt, so
1918 2609 3087 2670 mäßig gezeichnet, die Idee des Stückes sehr gut. Der Vater, die
492 2652 1518 2711 waren einige recht zufriedenstellende Leistungen darunter.
1930 2655 3089 2721 Gattin, das Kind eines Gefangenen erwarten ihn, der heute frei
500 2701 1506 2752 Insbesondere ist Herr Edel hervorzuheben, der an¬
1921 2718 3076 2775 werden soll, vor dem Gefängnis. Der Mann hat für eine
495 2725 1506 2786 erkennenswertes Talent mit guter Schulung verbindet
1930 2744 3089 2811 Majestätsbeleidigung — die Handlung spielt in Rußland — zwei
485 2780 1510 2847 und in der Rolle des Vaters des Strafgefangenen er¬
1933 2796 3103 2878 Jahre Gefängnis bekommen. Sein Geist ward zerrüttet — in der
486 2826 1518 2882 greifende und warme Töne fand. Auch Herr Boll¬
1929 2845 3086 2917 Nacht die seiner Freilassung vorangeht, wird er wahnsinnig. Als
500 2853 1520 2924 mann bot als entlassener Sträfling eine verständnis¬
1922 2909 3085 2960 seine Frau dies erfährt, bricht sie zusammen, das Kind schmiegt
484 2915 1517 2966 volle Auffassung und gutes Spiel. Fräulein Eberti,
1927 2937 3086 2988 sich ängstlich an sie, sein Vater sinkt in die Knie und hebt betend
491 2954 1519 3005 eine symnethische Bühnenerscheinung, spielte das ehe¬
1927 2999 3084 3051 die Hände empor zum Himmel. Damit ist dem Ganzen die Spitze
493 2989 1517 3057 brecherische Weibchen graziös und temperamentvoll. Von
493 3036 1513 3098 den übrigen Darstellern verdienen noch Herr Weilen
1932 3036 3089 3098 abgebrochen. Der alte Mann bringt den lieben Golt, indem er
496 3079 1509 3151 als Anatol und Fräulein Ernik als Ilona in
1929 3070 3088 3135 sich in einer solchen Angelegenheit an ihn wendet, nur in die
491 3117 1515 3209 Anatol H#c##eitsmorgen“ lobend erwähnt zu werden
1937 3145 3076 3190 peinlichste Verlegenheit, denn er kann doch nur anständigen Leuten
1928 3172 3085 3235 helfen und nicht der Familie eines Umstürzlers, der sich in seiner
1939 3219 3090 3282 Verruchtheit so weit hinreißen ließ, eine Väterchenbeleidigung zu
1934 3258 3091 3331 begehen! Der Alte sollte sich unter dem ungeheuerlichen Schlag,
1920 3313 3118 3400 der ihn betroffen, aufrichten, den Henkern seines Sohnes fluchen
1905 3444 3101 3544 Lund, da er selbst zu schwach is, den Knaben zum Rächer heran= 1
1934 3517 3079 3592 erziehen. Es scheint, als ob dies viele Väter im gegenwörtigen
1923 3551 2421 3632 Rußland getan hätten!...
2026 3589 3067 3671 Die Darstellung konnte bei allem Fleiß und redlichem Be¬
1932 3633 3082 3717 mühen nicht genügen. Detailausstellungen scheinen mir zwecklos.
1926 3687 3066 3788 Talent zeigte einzig Fragtein Edith Eberti, nur daß sie den
1931 3739 2549 3804 Konversationston zu schm, immt.
