3484 4352
895 177 1464 251 Hochzeitsnor
275 176 801 288 4.7. Anato
528 165 2153 292 Saenseneigen box 8/3
1281 821 1665 907 Telephon 12801.
551 909 607 986 5
513 980 1670 1089 2 Mnd errrerirS
2656 1035 3066 1138 Telephon 12801.
520 1074 1682 1136 O l. österr. behördl. konz. Unternehmen für Zeitungs-Ausschnitte
538 1121 616 1168 6
686 1129 1574 1232 Wien, I., Concordiaplatz 4.
518 1199 622 1269 —
913 1204 1347 1276 Vertretungen
1891 1202 3058 1337 * M WTeN Sm
534 1264 1662 1307 O in Berlin, Budapest, Chicago, Christiania, Genf, Kopen¬
510 1292 1669 1375 F hagen, London, Madrid, Mailand, Minneapolis, New-Vork,
1897 1293 3055 1407 G l. österr. behördl. konz. Unternehmen für Zeitungs¬
536 1343 635 1391 0
630 1347 1652 1404 Paris, Rom, San Francisco, Stockholm, St. Petersburg.
2384 1359 2660 1429 Ausschnitte
947 1383 1331 1430 „Quelienengabe ohne Gewähr.) 1.
527 1384 614 1427 0
886 1387 1451 1490 k. Mlustrr deurnat, Wien
2073 1398 2962 1511 Wien, I., Concordiaplatz 4.
516 1410 1004 1496 * Aussenzftf aus.
515 1459 577 1502 6
1897 1456 2008 1533 *
2339 1482 2717 1553 Vertretungen
709 1484 1010 1575 20. JAN 1909
503 1535 789 1614 E vom:
1892 1519 3068 1615 in Berlin, Budapest, Chicago, Christiania, Genf, Kopen¬
1987 1566 3076 1642 hagen, London, Madrid, Mailand, Minneapolis, New Vork,
892 1565 1123 1664 S
532 1582 695 1666 Wen
1915 1616 3089 1686 & Paris, Rom, San Francisco, Stockholm, St. Petersburg.
2339 1656 2745 1731 (Quellenangabe ohne Gawahr.)
557 1635 641 1724 3
801 1654 1231 1747 Vom Theater.
1908 1685 2001 1747 *
708 1729 1311 1803 Allgemeine Revue.
1905 1720 2422 1811 m Ausschnitt aus:
2853 1718 3054 1807 eitung
535 1714 685 1879 Ner
897 1786 1079 1893 4
1400 1802 1513 1892 *0
1989 1833 2280 1898 vom: 21
614 1869 1502 1947 Deutsches Volkstheater. Der Premieren¬
538 1929 1516 1991 abend vom 16. d. M. brachte vier Einakter. Zwei
1878 1919 3117 1999 * & Wien. Von vier Einaktern, die Samstag amde# Volks¬
1896 1972 3125 2041 theäter zur Aufführung kamen, waren zwei Neuhe#ten die ällerdings
543 1985 1503 2047 dieser kleinen Stücke: „Der Pechvogel“ von
1888 2022 3133 2072 schon in einer Matinee zum Besten des Schriftstellervereins Konkordia
538 2043 1510 2106 A. M. Willner und „Anatols Hochzeits¬
1891 2064 3122 2105 die Taufe erhalten hatten: Der Pechvogel, Szenen aus der Kon¬
532 2094 1518 2152 morgen“ von Artur Schnitzler, hat man vor
1883 2096 3130 2156 ciergerie in einem Aufzug von A. M. Willner, und Anatols Hochzeits¬
541 2135 1523 2197 einer Woche in einer „Concordia“=Matince auf einer
1894 2136 2545 2194 morgen, ein Akt von Artugc
2689 2143 3127 2196 Der Pechvogel ist das
1895 2170 3122 2239 Erstlingswerk eines vielversprechenven Reülings. Vier Aristokraten,
535 2173 1509 2239 anderen Bühne, aber schon in der gleichen vor¬
1890 2214 3123 2266 zwei Damen und zwei Herren, erwarten als letzte von 52 den Gang
541 2231 1519 2291 züglichen Darstellung gesehen. Ihre Aufnahme in
1894 2255 3132 2312 zur Guillotine des Konvents. Die ältere der beiden Damen wird zu¬
547 2269 1527 2339 den Spielplan des Deutschen Volkstheaters hat sich
1888 2290 3121 2350 erst abberufen. Von den zurückbleibenden drei haben Madelaine von
1881 2328 3122 2379 Chateaudun und der Marquis von Fontenailles einander liebgewonnen.
540 2328 1510 2376 bewährt. Im „Pechvogel“ waren auch die Gefängnis¬
1880 2366 3119 2424 Der Baron von Bressac nimmt es wahr und erklärt großmütig, als
543 2390 1517 2440 bilder aus der Pariser Revolutionszeit wieder von
1892 2412 3125 2453 Marquis von Fontenailles das Schaffot besteigen zu wollen, wenn
535 2423 1517 2489 starker Wirkung. Zu diesem kräftigen Einakter, in
544 2482 1508 2534 dem eine tragische Anekdote sehr geschickt durch¬
1890 2487 3120 2537 Hände er zum Liebesbunde vereint, ihr wenn auch kurzes Glück
1879 2517 3114 2575 wenigstens noch einen Tag genießen können. Richtig wird der Marquis
544 2518 1522 2596 geführt ist, standen Schnitzlers Dialoge, die Anatol
1887 2571 3116 2617 als nächster abberufen, und der Baron hält sein Wort und geht für
530 2569 1512 2654 1 vor der Trauung in der drolligsten Verlegen¬
1890 2603 3119 2654 ihn. Die Liebenden wollen eben ihr Liebesglück genießen, da erscheint
1881 2644 3118 2682 der Schließer noch einmal mit einem Kommissar, der den Baron von
510 2663 1498 2733 heitssituation zeigen, in einem sehr anmutigen
1892 2679 3127 2734 Bressac abführen will. Der Marquis von Fontenailles ist freigesprochen
515 2716 1487 2779 Kontrast. Die heitere Stimmung, die nun geweckt
1876 2725 3125 2775 worden, und der Baron, der die Rolle des Marquis übernommen,
1879 2756 3118 2802 hat auch bei diesem Freispruch den Rollentausch nicht enthüllt. Nun
510 2756 1495 2824 war, fand neue Nahrung in der witzigen Komödie
1878 2799 3113 2845 muß der wirkliche Marquis für den Baron, der als Förderer der
530 2807 1486 2877 Auferstehung", die man in diesem Hause
1877 2837 3124 2897 Flucht des Königs ohne weitere Gerichtsverhandlung zum Tode ver¬
511 2844 1487 2924 schon vor einem Jahre im Felix Saltenschen Ein¬
1887 2874 3124 2921 urteilt ist, das Leben lassen. Denn der Kommissar bleibt gegenüber
514 2892 1488 2960 akterzyklus „Vom anderen Ufer“ als ein lustiges
1882 2920 3126 2966 dem Jammern der beiden mißtrauisch und unerbittlich. Das alles ist
1885 2957 3116 3005 nicht ohne Geschick und Geist durchgeführt. Nur hätte der Verfasser
517 2951 1487 3003 Stück kennen gelernt hat, Es ist ein Schwankmotiv
1877 2991 3115 3041 nicht so geschmacklos sein sollen, seine Aristokraten, die ja Franzosen
511 2996 1489 3076 von nicht gewöhnlicher Art, daß sich ein Mann,
1878 3037 3118 3081 sind, französische Brocken in ihre Reden einstreuen zu lassen. Von den
513 3050 1476 3119 der während einer schweren Krankheit schon auf¬
1886 3073 3119 3115 Darstellern war Fräulein Hannemann Madelaine ergreifend, die übrigen
515 3106 1487 3162 gegeben worden war, nach seiner Wiederherstellung
1885 3115 3122 3166 ziemlich mäßig. Artur Schnitzlers Einakter — also der zweite in dieser
1888 3144 3119 3197 Saison — ist eine nach französischer Schablone gearbeitete Posse,
512 3153 1480 3219 wegen seiner Genesung förmlich entschuldigen muß.
1881 3179 3109 3233 allerdings, da sie von Herrn Kramer als Anatol und Fräulein Galafrés
506 3187 1474 3266 Den Schluß der Vorstellung machte Max Bern¬
1886 3226 3120 3270 als Ilona sehr flott gespielt wurde, ganz unterhaltlich. Anatol hat
515 3236 1479 3318 steins Szene „Die grüne Schnur“ die vom
1877 3261 3106 3313 die Zeit zwischen seinem Polterabend und seiner Hochzeit dadurch
511 3294 1489 3363 Burgtheater übernommen worden ist. Hier soll die
1889 3298 3117 3352 ausgefüllt, daß er auf eine Redoute ging und dort einer seiner auf¬
1885 3345 3104 3393 gegebenen Geliebten in die Hände fiel. Die komische Lage, in die er
505 3338 1487 3400 Ueberstürzung eines Prozesses verspottet werden,
1882 3376 3117 3430 nun gekommen ist, seiner dauerhaften und ahnungslosen Geliebten klar
498 3399 1490 3441 aber ein Verfahren, das im Gerichtssaal überhastet
1874 3420 3121 3474 zu machen, daß er sogleich heiraten muß, ist der Vorwurf der Posse.
498 3450 1474 3505 wäre, kann doch im Theater, wie sich zeigte, als viel
494 3494 1476 3555 zu langwierig empfunden werden. Der Erfolg, der
497 3532 1479 3600 den vorangegangenen Einaktern beschieden war, blieb
500 3578 1480 3650 diesem kleinen, aber keineswegs kurzweiligen Stücke
500 3644 1474 3687 versagt. Die Vorstellung bot den Damen Hanne¬
497 3695 1479 3754 mann, Schweighofer und Glöckner sowie
487 3735 1479 3779 den Herren Kramer, Homma, Edthofer und
495 3782 1481 3853 Klitsch=Gelegenheit zu interessanten, vom Publikum
501 3835 1411 3900 mit Kkoßem Beifall ausgenommenen Leistungen.
