3344 4384
1459 258 1913 365 box 36/1
248 268 1304 380 Panphlets, Offprints
1226 1037 1865 1128 — Hans Benzmann in Berlin.
828 1059 965 1124 186
834 1113 2294 1214 kommt — sie leuchtet in so wunderbarer Schlichtheit, daß sie die Geltung
823 1195 2288 1258 einer Einzelpersönlichkeit abstreift und zu einem wohlvertrauten, halb¬
837 1277 2304 1326 umdämmerten, holden Urbild wird, wie es unsere Träume in Volksgestalten
836 1312 2290 1374 an glücklichen Abenden sehen. Diese lautlos hingegebene Gestalt, die innig
839 1375 2304 1423 und zurückhaltend, glückles und selig und in der leifesten Regung Mädchen
836 1408 2296 1474 ist: sie stammt aus dem Gefild, auf dem die herbere Schönheit früher und
827 1457 2292 1536 liebster Goethe'scher Mädchen wuchs. Wen soll man neben ihr heut nennen?
833 1517 2306 1576 Fontanes Lene. Die weiblichen Erscheinungen moderner Dichter sind, gegen
830 1571 2310 1639 Christine gehalten, fast Alle reflectirt und mittelbar. Diese Gestalt fanden
840 1630 1826 1701 wir schon hier und dort im „Anatol“ angedeutet.
933 1660 2289 1747 Die Handlung ist eine sehr einfache. Fritz Lobheimer hat ein Liebes¬
837 1743 2298 1807 verhältniß mit einer verheiratheten Frau. Während dessen lernt er Christine
835 1791 2309 1851 durch ihre Jugendfreundin Mizzi Schlager kennen. Immer mehr bezaubert
841 1834 2308 1913 ihn das frische innige Wesen des Mädchens. Aus einer „Liebelei“ wird eine
831 1885 2300 1958 echte tiefe Liebe. Er erkennt allmählich, daß ihm nun das wahre Glück
847 1947 2300 2018 erblühen wird — da plötzlich bricht das Verhängniß herein. Der betrogene
847 2004 2289 2072 Ehemann hat von dem Ehebruch erfahren. Fritz wird im Duell erschossen.
835 2061 2298 2137 Als Christine erfährt, daß der Geliebte für eine Andere in den Tod ge¬
849 2102 2305 2188 gangen ist, daß er schon begraben ist, ohne daß sie davon erfuhr, stürzt sie
847 2186 2314 2250 sich in's Wasser. Diese Fabel ist nicht neu; aber die Behandlung des alten
838 2227 2312 2283 Herganges ist eine gänzlich neue. Sie zeigt den Dichter als modernen
833 2272 2300 2343 Künstler, der alles Theatralische vermeidet und der gerade in seiner vor¬
840 2332 2303 2399 nehmen schlichten Darstellungskunst ungemein lebenswahr wirkt. Wir er¬
853 2372 2315 2456 fahren von dem Duell nur, daß es stattfinden wird, und dann, daß es
845 2435 2319 2511 stattgefunden hat. Auch daß die ehebrecherische Gattin nicht selbst in irgend
852 2494 2321 2557 einer Scene auftritt, daß sie vollständig hinter der Bühne bleibt, ist ein
857 2535 2321 2622 Zug wirksamster Einfachheit. Scene an Scene zieht stimmungstief, in sich
846 2618 2315 2662 vollendet, an uns vorüber. Hier finden wir nicht eine todte Stelle. Der
854 2645 2307 2721 Dialog ist geradezu meisterhaft in seinem Tempo, in seiner steten Spannung.
852 2696 2323 2777 Hier redet nicht der Dichter zu uns, hier will er keine Ideen, Wahrheiten
860 2757 2311 2824 verkünden und beweisen, kurz, hier vernehmen wir nicht pathetische oder
861 2809 2320 2877 sinnreiche Worte, hier spricht das Leben, hier sprechen lebendige Menschen
852 2866 2319 2945 zu uns. Wie fein ist der Vater der Christine gezeichnet, eine prachtvolle
861 2913 2317 2984 Volksgestalt, ein Wiener, ein Musiker, ein lebenserfahrener, sein Kind
864 2972 2318 3042 innig liebender Greis. Wundervoll sind die letzten Scenen. Der alte
860 3030 2320 3089 Weiring hat von dem Ausgange des Duells erfahren, und nun will er die
849 3100 2321 3142 Kunde seiner Tochter in zartester Weise mittheilen. Er beginnt damit, in¬
856 3130 2320 3192 dem er ihr Verhältniß zu dem „jungen Herrn“ als ein vorübergehendes
861 3181 2321 3254 darstellt. Die Scene wird zu einer Offenbarung der liebenden Mädchen¬
867 3237 2316 3322 seele. Aber allmählich ahnt Christine etwas Dunkles, das man ihr verbirgt.
863 3290 2315 3364 Da erscheinen Theodor und Mizzi. Theodor ist schwarz gekleidet. Und
863 3333 2321 3416 nun erfährt sie Alles. Mit höchster Kunst hat der Dichter den Ausbruch
859 3386 2322 3470 des tiefsten Schmerzes geschildert. Als Christine dann noch erfährt, daß
2989 1074 3306 1199 Arthur Schnit
2467 1151 3295 1260 Fritz für eine Andere gefallen sei, da
2475 1211 3306 1318 Eifersucht, der Enttäuschung, der Verz
2474 1263 3305 1368 gepeinigte Seele. Sie fragt in wirren S
2469 1315 3298 1441 hre Qual heraus; Wahnsinn und Klarhe
2467 1371 3288 1474 das Bitterste durchzukosten, streiten um
2465 1426 3303 1521 zweiflung stürzt sie hinaus. Meines
2453 1472 3295 1581 nur ein wenig zu lang, zu abgerundet.
2455 1534 3304 1635 jenen Kritikern an, die da meinen, Christi
2457 1590 3312 1693 das ihr der Geliebte gethan habe, allzuf
2447 1640 3296 1732 kennt die Natur des Mädchens und des
2448 1683 3293 1803 Hier hat nicht nur eine Gefühlsexplosion,
2447 1735 3303 1855 änderung stattgefunden. In einem Momen
2441 1807 3278 1896 Weib erwacht, dessen Würde verletzt ist.
2442 1850 3298 1950 Anspannung aller Empfindungen bekämpfen
2438 1901 3315 2032 Alles, auch das Letzte zu erfahren, in unserer
2429 1954 3175 2061 Beziehung ein vollendetes Kunstwerk.
2527 2017 3316 2120 Das Drama „Freiwild“ ist wie „D
2431 2061 3310 2177 Es behandelt den „Ehrbegriff“ und die „Du
2435 2108 3314 2239 Ofsizler wird von einem Eivilisten geöhrfeigt
2433 2165 3289 2278 die dieser liebt, beleidigt hat. Natürlich f
2433 2218 3315 2347 Mater. Dieser verweigert das Duell, er erk
2425 2280 3313 2392 züchtigt habe. Der Offizier muß, falls er kef
2425 2332 3309 2441 Dienst quittiren. In seiner Verzweiflung schie
2426 2376 3303 2497 Straße nieder. Abgesehen davon, daß durch d
2416 2431 3308 2556 dieses Schauspiel an künstlerischem Werthe nied
2419 2492 3314 2605 zeigt sich Schnitzler auch in diesem Stücke als ba
2417 2551 3311 2657 endeter Dramatiker. Wir merken fast gar Nif
2412 2594 3313 2717 Prächtige lebendige Menschen sind es, die wis
2399 2655 3313 2770 ersten Scenen wird uns das lustige Leben,
2404 2705 3310 2818 Theatergesellschaft und der Verkehr derselben
2398 2771 3317 2875 geschildert. Das sind alles Figuren, wie sie da
2401 2814 3313 2926 schnitzt hat. Noch hören wir das lustige Geplau
2385 2876 3307 2980 an der Theaterthür, — da plötzlich gerathen die
2387 2920 3304 3020 die grelle Lohe des Hasses und der Leidenschaft
2386 2987 3300 3086 centrirt sich die Handlung: Aus dem Getändel,
2378 3035 3305 3144 wächst eine Tragödie empor, ein Schicksal, das
2382 3078 3316 3204 Wie ein Dämon verfolgt die angethane Schmac
2373 3144 3314 3246 folgen wir den Ereignissen, bis die Katastrophe ein
2378 3190 3316 3312 feste Charakter, Rönning, der Gegner des Offizi
2364 3243 3320 3366 Er hatte beschlossen, mit der Geliebten den Ort zu
2355 3293 3293 3404 der Gegner ihm auflauere. Sein Trotz erwacht,
2360 3350 3305 3481 dieser Eutschluß entspricht einigermaßen diesem
2343 3399 3236 3515 bleibt und läuft dem Feinde vor die Pistole.
