3344 4384
1463 258 1914 356 box 36/1
189 265 1279 369 Panphiets, Offprints
1314 1091 1925 1190 Hans Benzmann in Berlin.
893 1121 1028 1194 188
998 1205 2374 1283 Hier ist es dem Dichter besser wie in dem „Märchen“ gelungen,
890 1255 2359 1313 einen tiefen und starken und trotz seiner inneren Festgkeit und Harmonie
895 1300 2361 1384 brüchigen und nicht ganz consequenten Charakter, kurz einen außerordentlichen
899 1369 2370 1427 und doch sehr menschlichen Menschen zu schildern. Der Dialog zwischen
899 1431 2370 1491 Rönning und einem seiner Freunde über das Duell sagt uns nichts Neues;
905 1475 2368 1535 aber gerade das Alte, das hier gesagt wird entspricht dem Wesen der
906 1522 2366 1595 Charaktere und der Situation, sodaß selbst hier von einer Tendenz des
902 1570 2370 1654 Dichters Nichts zu merken ist. Wundervoll ist die Liebesscene zwischen dem
894 1631 2363 1697 Maler und der jungen Schauspielerin gelungen, — bei der Herbheit dieser
1866 1675 2369 1750 Der Dichter hat dieses
903 1685 1864 1756 beiden Charaktere eine gewiß schwierige Scene.
905 1727 2358 1802 psychologische und dramatische Problem durch die Einfachheit und Natürlich¬
901 1783 2369 1875 keit seiner Kunst gelöst. Die natürliche Hilfe der Geschehnisse nahm er in
899 1848 2368 1929 Anspruch, und der große Moment führte die Liebenden, die sich bisher
898 1903 2044 1973 Nichts gestanden hatten, wie selbstverständlich zu einander.
1005 1955 2372 2015 Schnitzler hat bisher außer diesen Dramen mehrere Novellen ge¬
918 2002 2378 2088 schrieben. Die Novelle „Sterben“ ist von den bisher erschienenen die
906 2051 2370 2122 bedeutendste: Sie ist ein Meisterstück der Seelenschilderungskunst, ein stilisti¬
921 2107 2380 2193 sches Kunstwerk ersten Ranges. Auch in allen seinen Novellen wirkt
916 2159 2386 2246 Schnitzler so unübertrefflich natürlich durch die Schlichtheit seiner Art, zu
910 2213 2386 2290 erzählen, zu entwickeln und zu enträthseln. Es sind seelische Erlebnisse, die
914 2269 2380 2345 er erzählt, keine äußeren Geschehnisse. Alle seine Novellen sind melancholische
906 2319 2367 2397 Liebesgeschichten. Es ist ja Alles so natürlich im Leben, es giebt keine
922 2386 2372 2452 Sünde, keine Räthsel, keine Probleme, es giebt nur einen Lebensdrang und
913 2425 2384 2504 eine Liebe: wir fühlen ihr Dasein täglich, was sollen wir darum deuten
925 2483 2384 2565 und zweifeln: wir leben und genießen — es giebt keinen Ehebruch, es
917 2526 2381 2613 giebt nur die Liebe. Doch: ein Problem giebt es: das Sterben! Das
922 2585 2373 2660 ist das furchtbare Schreckniß, das einzige Problem! Das ist die unbegreif¬
927 2648 2389 2735 liche Unnatürlichkeit, die Menschen ron Menschen trennt, Liebe von
917 2697 2392 2787 Liebe. Wir empfinden es allmählich, wie derjenige, den der Tod erfaßt
926 2753 2388 2833 hat, wie der Sterbende mehr und mehr aus unserer Empfindungswelt
933 2826 2390 2887 entweicht. Das liegt an uns: Aus unserer Liebe wird Mitleid, und das
931 2865 2386 2942 Mitleid erkaltet, und stärker und immer stärker erwacht in uns wieder der
926 2918 2388 2993 Drang, zu leben und mit allem Lebendigen mitzuempfinden. Und das
930 2961 2384 3042 liegt an dem Sterbenden, an seiner wachsenden Menschenfeindseligkeit, an
927 3031 2335 3099 seinem Egoismus: er möchte das Liebste mitnehmen, er möchte es tödten ..
938 3086 2385 3156 Diese Psychologie eines Sterbenden und des Lebenden am Krankenbette giebt
933 3130 2389 3207 uns Schnitzler in seiner Novelle: „Sterben“. Felix sogt der Geliebten, daß
928 3181 2390 3275 er sterben müsse — an der Schwindsucht. Da schwört sie ihm, mit ihm
930 3237 2387 3328 zu sterben; er aber, noch halb gesund, verzichtet auf dieses Opfer; aber je
934 3301 2401 3379 näher er den Tod kommen sieht, desto öfter erinnert er sie an ihren
934 3340 2396 3436 Schwur. Und je kränker er wird, desto nachdenklicher wird Marie, und sie
936 3395 2393 3478 sehnt sich schließlich mit aller Inbrunst wieder in's frische, volle, blühende
937 3480 2360 3540 Leben ... Als er plötzlich stirbt, flieht sie aus dem Sterbezimmer ...
3070 1116 3303 1211 Arthur S
2531 1189 3293 1282 Das ist die schlichte Entwickelung. Ab
2527 1258 3301 1345 Allerdings hat sich bei dieser psychisch
2529 1305 3300 1400 bei Schnitzler, dem Arzte, Raths erholt
2531 1364 3297 1454 um die Schilderung eines interessanten
2520 1419 3299 1510 der Novelle des genialen Polen Dabroy
2515 1455 3294 1548 analyse, um eine Zerfaserung des inn
2522 1516 3301 1614 alles Empfinden um ein geliebtes Wes
2522 1562 3273 1661 Erzählung des Polen sich die flüchtigen,
2523 1626 3275 1710 nisse verbreiten und Alles niederreißen,
2516 1676 3297 1767 Es fehlen in der Novelle Schnitzlers
2520 1737 3305 1814 Momente. Zu dämonischen Wahnsinnsv#
2507 1784 3295 1867 des Kranken. Liebe und Haß kämpfen fo
2517 1849 3311 1940 er oft, und einmal, als er die Gelieb
2511 1888 3292 1983 neben sich liegen sieht, greift seine Hand
2511 1943 3298 2044 morden ... Gerade derartige Scenen g#
2506 1996 3296 2086 zweites Novellenbuch beweist, vortrefflich.
2503 2053 3302 2143 ist Schnitzler in der Schilderung innigster uf
2506 2108 3309 2204 Marie ähnelt in vieler Beziehung der Chri
2500 2169 3308 2253 Liebenswürdigkeit ziert diese naiv=klugen, sei
2505 2212 3309 2305 der Dichter sie schildert und als Hintergrun
2508 2271 3297 2363 Frühling und Sommer, dann geht ihm das
2505 2316 3302 2414 sein Bestes. So sind denn auch die Liebesscen
2507 2383 3305 2465 zarte Gedichte in Prosa voll Stimmung und
2505 2431 3307 2522 Mädchencharakter entwickelt, wie ist mit fe
2500 2474 3305 2574 geschildert worden! Diese herzliche Liebe
2505 2537 3300 2632 träumerische, dann mächtig wachsende Sehn
2497 2596 3305 2675 mächtiger Accord klingt das Leben in die G
2499 2644 3306 2750 stehen voll Erschütterung endlich vor dem Tod
2496 2705 3306 2791 entzückt, den Harmonieen des Lebens. So
2483 2748 3310 2826 sächlich unsere Empfindungen. Und die optik
2478 2803 3306 2904 verkündet wird, ist das Große an diesem
2557 2865 3303 2937 Alles, was uns Schnitzler bisher gal
2472 2911 3313 3025 gleichsam in einem neuen und wiederum so
2485 2966 3300 3059 seinem zweiten Novellenbuche: „Die Frau
2478 3019 3312 3109 sie uns wieder entgegen: der leichtlebig=me
2476 3071 3311 3171 Mädl und die liebenswürdige und keiner S
2481 3122 3311 3222 Frau. Fast jede Novelle ist ein Capitel vof
2478 3180 3301 3266 schließt mit einem heiteren Accorde aus
2474 3237 3308 3325 Schade, daß die schwächste dieser Novelle
2466 3291 3309 3371 Sammlung den Namen giebt. Die Novell
2457 3331 3304 3436 beginnt mit einer wundervollen lyrischen S
2462 3401 3312 3514 und unbewegt. Nur die weißen Wolken tre
2441 3449 3294 3542 streicht so hoch über Wellen und Wipfel hin,
