3344 4384
503 261 612 328 116
1474 253 1922 340 box 36/1
151 258 1320 375 Panb.Offprints
1398 1061 1823 1140 Arthur Schnitzler. —
138 1056 245 1138 rlin.
148 1132 708 1234 man fühlt sie immer; auch
872 1170 2329 1247 und „Freiwild“ bewundern. In den Novellen werden uns nach dieser
872 1203 1673 1284 Richtung hin neue Perspectiven eröffnet.
127 1209 695 1289 Hotel, auf der Promenade.
973 1262 2335 1345 Schnitzler ist der Dichter seiner Zeit und seiner Umgebung. Er wurzelt
126 1265 699 1337 bedische und dänische Lieder,
868 1314 2324 1406 nicht in der Vergangenheit, er greift nicht mit mächtigem Fühlen in die
141 1320 704 1406 und gedämpft. Wenn die
870 1377 2326 1445 Zukunft hinein. „Es fehlen die heimlichen Fragen der Menschen, die
133 1374 710 1442 per die Stufen aus dem Kiosk
866 1432 2328 1511 Qualen der Bildung, die tausend Zweifel um den Sinn der Schöpfung.
116 1441 718 1518 langsam und traurig in den
865 1481 2333 1550 Das Wilhelm=Meisterliche, die sittliche Erziehung, der Rath in den Aengsten
127 1485 716 1573 nncholisches Gedicht! Und mit
864 1537 2323 1614 und Nöthen der Seele ist dieser neuen Kunst verloren. Das Weltliche,
133 1536 720 1608 die Liebesepisode ein; sehr
864 1589 2322 1669 Vergängliche hält sie vom Ewigen weg,“ sagt Bahr einmal in seinem Auf¬
135 1598 715 1672 sen zerfahrenen und unwahren
866 1642 2326 1722 satz: „Das junge Oesterreich“ (l. c.). Dieses Wort gilt auch für das
135 1651 714 1723 wieder aufheot. Die Novelle
874 1695 2313 1765 Schaffen Schnitzlers. Charakteristisch ist auch für ihn wie für alle öster¬
136 1697 729 1774 Wir werden aber vollkommen
860 1751 2327 1819 reichischen Dichter eine gewisse Einseitigkeit. Sein Gebiet aber beherrscht er
134 1764 707 1828 schied“, „Der Ehrentag“,
864 1814 2318 1880 vollkommen. Gerade an dieser Einseitigkeit erkennt man das natürliche
137 1809 718 1883 die psychologische Novelle: „Ein
856 1859 2313 1927 künstlerische Talent. Als ein solches zeigt sich Schnitzler in seinen sämmt¬
141 1868 732 1949 Ehebruchsliebe. Er erwartet
857 1912 2320 1963 lichen Dichtungen. Seine besondere Natürlichkeit ist das Bewunderungs¬
144 1920 736 2005 nicht, er glaubt, sie sei krank;
870 1972 2311 2019 würdige, Originelle an ihm. Frühzeitig wußte er sich eine seinem Wesen
129 1969 736 2050 n seiner Phantasie auf dem
868 2021 2315 2098 entsprechende Technik anzueignen. Ich wies auf die Gefahren nachdrücklich
135 2027 738 2115 ir ist zu feig, hinaufzueilen, er
868 2083 2248 2150 hin, in die ihn seine allzu behende Virtuosität bisweilen bringen kann.
154 2088 740 2153 krank sei. Und nun folgen
967 2127 2307 2204 Schnitzler weiß seinen Weg. Er wird niemals ernstlich von ihm ab¬
131 2141 733 2224 hirf sich und sie nicht verrathen
861 2173 2319 2258 irren. Die fremden Gebiete, die er als reifer Künstler bisweilen streift,
146 2189 741 2264 r Angst nach oben zu ihr, und
857 2240 2324 2319 liegen seinem Wege nahe. Er zieht das Fremde an sich heran, vielleicht
143 2243 738 2322 der Gatte. Dieser sieht nicht,
861 2300 2329 2368 allmählich immer mehr. So wächst er und bleibt dennoch immer der
141 2302 741 2375 Hand des Fremden und dankt
855 2340 2318 2409 Gleiche: der feine und klare Künstiergeist und der leichtlebig=melancholische
145 2357 741 2436 h nun seiner Feigheit bewußt.
872 2390 1210 2462 Wiener Dichter.
157 2397 750 2474 ihm war, als dürfe er nicht
128 2460 753 2553 ne todte Geliebte davongejagt,
131 2508 756 2591 jesen.. Die Stimmung und die
133 2564 762 2641 derselben, die seelischen Kämpfe
133 2628 760 2695 sntferntesten wiedergeben. Diese
1031 2663 1116 2755 #
129 2682 754 2751 können kaum disponirt werden.
127 2725 760 2811 keister Theodor Storm geschrieben
1531 2715 1688 2810 4
1044 2762 1172 2835 6 7
1388 2743 1726 2874 S
147 2782 761 2865 voll tieftrauriger, echt=lyrischer
1933 2777 2121 2893 Nrr
1153 2792 1356 2905 1
131 2836 763 2925 sus die traurige Lebensgeschichte
1769 2848 1861 2921 C
1834 2834 2034 2943 32
1169 2853 1467 2951 S
152 2895 770 2966 ist hier einmal die Zeichnung
1868 2902 1949 2978 K
140 2947 760 3019 fremd war, vollkommen gelungen.
1152 2927 1364 3031 N
1774 2965 1992 3066 G
140 2994 770 3083 „Die Todten schweigen“ ist
1521 2989 1758 3111 S
133 3047 772 3130 berungskunst. Diese unheimliche
131 3104 781 3188 der Leiche des Geliebten, den ein
1384 3098 1548 3206 K
138 3164 784 3250 licher Fahrt getödtet hat — ver¬
1519 3185 1637 3280 4
138 3213 785 3312 Phantasie. Hier erinnert mich
188 3265 774 3354 Mit diesen hat er auch die
132 3322 788 3398 bei diesen entwickeln sich auch bei
131 3378 793 3462 die großen Tragöden des Lebens.
131 3427 785 3533 chtung der Schauspiele „Liebelei“
