3296 4320
265 39 474 139 33.
511 52 1055 123 raumnovelle
1190 50 1597 150 bos 5/7
468 94 1066 174 A    m  15
616 585 1278 687 Dr. Max Goldschmidt
622 647 1261 767 Büro für Zeitungsausschnitte
440 714 722 792 BBRLIN N 4
971 748 1422 842 Telefon: Norden 3051
407 858 1362 998 Soclalistische sun Scherte.
462 947 1073 1030 Berlin.d. den 27.
582 1087 757 1156 Gas-S.
577 1165 1354 1243 Reifes Schaffen Diese Jungen streben eine
814 1218 1362 1273 Meisterlichkeit des Stils an,
825 1262 1360 1314 ohne sie natursemäß jetzt
577 1302 1374 1353 schon erreichen zu können. Sie sind Ex¬
575 1332 1360 1397 perimentierer und lehnen sich an. Tho¬
590 1370 1369 1422 mas Mann und Arthr-Schnilzler sind
584 1412 1363 1466 Experimentierer mil ihrer eigenen Voll¬
589 1464 1366 1502 endung. Sie bestätigen sich in einem Stil,
582 1489 1364 1546 den sie selber erschufen. Hierfür er¬
591 1518 1364 1578 scheinen Schnitzlers Traumnovelle /Ber¬
582 1560 1376 1625 lin. S. Fischer, und Manns Unordnung
583 1606 1359 1655 und frühes Leid Berlin, S. Fischer)
579 1645 1367 1693 als charakteristische Stücke. Man tritt
584 1686 1369 1741 bereitwillig in die Welt dieser Dichter
591 1730 1193 1779 ein, die man bereichert verläßt.
584 1747 1376 1814 Der moralische Mensch, den die Reli¬
593 1802 1373 1856 gion trägt, war Persönlichkeit des dich¬
597 1841 1370 1898 terischen Suchens der alten großarligen
591 1881 1370 1938 russischen Schriftstellergeneration. Die
593 1932 1384 1970 Jungen, die dann kommen, reißen sich
595 1950 1379 2019 nicht so absolut von der Uberlielerung
595 1996 1375 2052 los wie etwa die Manifestanten der 900.
589 2027 1374 2088 Sie sind trotz aller revolutionären Denk¬
591 2075 1370 2131 weise als Künstler eigentlich konserva¬
596 2108 1379 2162 tiv. Sie bewahren eine Seelenkunde und
594 2151 1378 2204 Seelenforschung, auf die sie um keinen
593 2191 1390 2254 Preis verzichten möchten. Die geistige
612 2332 1384 2392 Verwandtschaft zwischen ihnen und dem
599 2384 1381 2433 nun längst begrabenen Anton Tschechom
607 2414 1383 2472 ist deutlich erspürbar, Darum lohnte es
591 2459 1389 2505 sich wohl in einer mustergülligen und
601 2495 1378 2547 schönen deutschen Ausgabe Novellen
600 2535 1375 2571 Tschechows unter dem Gesamttitel Der
596 2571 1380 2607 schwarze Mönch zu vereinigen. Man
599 2608 1383 2664 wird dem neuen Verlag Paul Zsolnay in
597 2646 1378 2697 Wien, der in kürzester Zeit eine enorme
584 2691 1378 2745 und meist instinktsichere Produktivität
584 2727 1384 2804 entfaltet hat, auch hierfür Dank wissen.
1993 793 3303 876 ge or der giise ler bienen und die er. 2. Sad.
1989 872 3304 926 tungen auf die Schultern aller verteilen zu können. Der herein
1988 892 3296 967 Völkerbund ist in den seit Friedensschluß verstrichenen renden
1983 957 3294 1025 Jahren in den meisten Fällen zu einem einfachen Voll= gelage
3162 1055 3303 1140 gefang
3161 1110 3289 1173 ihren
2355 1092 2789 1208 Feuilleton.
3159 1158 3279 1221 auch
3156 1206 3305 1270 mögen
3162 1257 3292 1310 verträß
2105 1248 3015 1345 Leben und Traum und Dichtung.
3154 1297 3304 1366 sind se
2233 1335 2952 1417 Artur Schnitzlers neue Novelle, i##
3153 1349 3304 1404 Natur
3163 1394 3287 1460 Schlü
2068 1397 3133 1478 Trägt die derzeit vielverbreitete Oberflächlichkeit
3149 1443 3302 1506 sind vo
1972 1458 3143 1536 oder die nicht minder verbreitete Uebertreibungssucht
3147 1492 3292 1553 nichtar
1986 1518 3140 1570 Schuld daran, daß man dem Wiener Professor Freud zu
3148 1538 3277 1601 Geist
1981 1564 3133 1628 seinem siebzigsten Geburtstag von allen Seiten Kompli¬
3162 1588 3303 1648 in beso
1972 1610 3143 1675 mente machend, auch versicherte, seine prosaische, oft allzu
3158 1632 3305 1702 über i
1963 1657 3134 1720 prosaische Traumdentung hätte der Poesie der Gegenwatt
3142 1683 3304 1759 ihr ein
1974 1706 3135 1767 eine neue Note gegeben? Je häufiger der außerordentliche
3147 1729 3293 1807 nächste
1978 1759 3131 1809 Einfluß der Psychoanalyse in diesem Sinne betont wird,
1963 1800 3146 1864 desto notwendiger erscheint es, darauf hinzudeuten, daß
3140 1808 3297 1893 leitung
1961 1864 3132 1913 der Traum seit jeher in der Literatur eine große Rolle
3145 1879 3304 1931 Artur
1975 1897 3135 1962 spielte. Es genügt, auf das Buch der Bücher zu verweisen,
3141 1920 3305 1988 Berlin
1964 1948 3130 2009 um darzutun, daß anfangs der HERR bloß einen „tiefen
3147 1972 3304 2038 Gelehr
1964 1980 3137 2039 Schlaf auf den Menschen fallen“ließ, und auch Lot noch von
3143 2019 3273 2083 dies
1961 2038 3132 2106 einem unheimlich tiefen Schlaf heimgesucht wurde, dessen
3134 2065 3301 2131 wenige
1963 2089 3132 2140 traurige Folgen allbekannt sind, bis endlich Jakob im
3142 2115 3301 2179 anlehnt
1956 2132 3133 2206 Traum — der erste bedeutungsvolle Traum in der Bibel
3144 2163 3301 2228 Schnitz
1968 2189 3129 2248 — die Himmelsleiter erblickte, und später Josef nicht nur
3135 2213 3292 2272 widersp
1957 2229 3120 2299 von Träumen aller Art heimgesucht ward, sondern sich
3135 2256 3304 2320 bloß in
1963 2282 3122 2333 auch als tr. fflicher Traumdeuter betätigte. Bei diesem
3145 2308 3294 2365 noch we
1961 2332 3122 2396 Anlaß erfährt man aus der Heiligen Schrift, welche Be¬
3129 2353 3304 2414 einfache
1948 2372 3121 2447 deutung den Träumen in Aegypten beigelegt wurde, wo
3134 2393 3303 2467 drucksv
1952 2431 3126 2505 die Traumdeuter unter den Würdenträgern des Hofes
3132 2449 3302 2510 diesem
1951 2472 3121 2541 figurierten und mit ihrer Wissenschaft hoch und gering
3122 2493 3301 2558 haupt t
1956 2526 3116 2589 imponierten. Ein Niederschlag ihrer Weisheit ist nun¬
3126 2545 3296 2600 nieman
1952 2561 3118 2628 mehr bloß noch in den „Aegyptischen Traumbücheln“ zu
3121 2590 3292 2650 das ist
1947 2622 2251 2688 entdecken ...
3126 2636 3302 2717 Frische
2047 2671 3129 2726 Die persische und die griechische Dichtung stehen, wie
3125 2685 3296 2752 Jugend
1947 2727 3115 2777 man aus zahlreichen Beispielen dartun könnte, oft unter
3123 2735 3294 2797 gehoben
1945 2771 3108 2830 der Einwirkung des Traumes auf das Leben. Seither ver¬
3124 2783 3293 2843 verloren
1950 2832 3113 2883 schwand das Traummotiv nimmermehr aus der Welt¬
3120 2817 3305 2891 ins vol
1944 2872 3112 2931 literatur. Selbst auf der Bühne erscheint es u. a. in Cal¬
3128 2878 3304 2935 Heuchler
1934 2921 3109 2981 derons „Das Leben ein Traum", dann in dem diesem
3126 2924 3298 2988 Schnitzl
1946 2965 3109 3032 nachgebildeten, allerdings auch von Voltaire beeinflußten
3119 2973 3291 3034 und vor
1945 3020 3103 3073 Trama „Der Traum ein Leben“ von Grillparzer, ferner
1938 3069 3302 3131 in den Werken von Madäch und Raimund bis zu Haupt= stwegen d
1931 3126 3293 3202 mann. Der Traum in der Literatur nimmt die Menschenlschienene
