<?xml version="1.0" encoding="UTF-8" standalone="yes"?>
<PcGts xmlns="http://schema.primaresearch.org/PAGE/gts/pagecontent/2013-07-15" xmlns:xsi="http://www.w3.org/2001/XMLSchema-instance" xsi:schemaLocation="http://schema.primaresearch.org/PAGE/gts/pagecontent/2013-07-15 http://schema.primaresearch.org/PAGE/gts/pagecontent/2013-07-15/pagecontent.xsd">
    <Metadata>
        <Creator>prov=University of Rostock/Institute of Mathematics/CITlab/Gundram Leifert/gundram.leifert@uni-rostock.de:name=ONB_Newseye_GT_M1+(htr_id=10810)::::v=2.4.2
prov=University of Rostock/Institute of Mathematics/CITlab/Tobias Gruening/tobias.gruening@uni-rostock.de:name=de.uros.citlab.module.baseline2polygon.B2PSeamMultiOriented:v=2.4.2
prov=University of Rostock/Institute of Mathematics/CITlab/Tobias Gruening/tobias.gruening@uni-rostock.de:name=/mnt/transkribus/LA/DEA/URO/LA_news_onb_att.pb:de.uros.citlab.segmentation.CITlab_LA_ML:v=2.4.2
Transkribus</Creator>
        <Created>2019-10-07T10:23:35.845+02:00</Created>
        <LastChange>2019-10-07T16:43:42.240+02:00</LastChange>
        <TranskribusMetadata docId="223888" pageId="9491227" pageNr="52" tsid="16391349" status="IN_PROGRESS" userId="40391" imgUrl="https://files.transkribus.eu/Get?id=LIOKUKTQQAWWQQOCBLJMDQXG&amp;fileType=view" xmlUrl="https://files.transkribus.eu/Get?id=AJYPOIOZMPVZWCEHBYIIKYDQ" imageId="6181515"/>
    </Metadata>
    <Page imageFilename="223888_0052.jpeg" imageWidth="3296" imageHeight="4320">
        <ReadingOrder>
            <OrderedGroup id="ro_1711446226488" caption="Regions reading order">
                <RegionRefIndexed index="0" regionRef="r1"/>
                <RegionRefIndexed index="1" regionRef="r2"/>
            </OrderedGroup>
        </ReadingOrder>
        <TextRegion orientation="0.0" id="r1" custom="readingOrder {index:0;}">
            <Coords points="204,89 204,2769 1104,2769 1104,89"/>
            <TextLine id="r1l1" custom="readingOrder {index:0;}">
                <Coords points="547,121 1081,122 1080,53 1051,48 868,54 800,80 547,62"/>
                <Baseline points="554,114 580,113 606,113 632,113 658,113 684,113 710,113 736,113 762,113 788,112 814,112 840,112 866,112 892,112 918,111 944,111 970,111 996,111 1022,111 1048,111 1074,110"/>
                <TextEquiv>
                    <Unicode>raunnovelle</Unicode>
                </TextEquiv>
            </TextLine>
            <TextLine id="r1l2" custom="readingOrder {index:1;}">
                <Coords points="321,121 566,163 886,146 966,179 1110,150 1111,112 583,128 472,108 415,57 322,62"/>
                <Baseline points="328,109 366,115 405,120 444,124 483,127 522,130 560,133 599,135 638,136 677,137 716,138 754,138 793,138 832,138 871,138 910,137 948,137 987,136 1026,135 1065,135 1104,134"/>
                <TextEquiv>
                    <Unicode>33. 1</Unicode>
                </TextEquiv>
            </TextLine>
            <TextLine id="r1l3" custom="readingOrder {index:2;}">
                <Coords points="206,1115 236,1115 248,1106 284,1112 304,1103 325,1109 324,1058 310,1059 294,1045 284,1050 273,1045 262,1054 253,1049 230,1057 206,1049"/>
                <Baseline points="213,1103 239,1099 266,1099 292,1100 319,1101"/>
                <TextEquiv>
                    <Unicode>D y</Unicode>
                </TextEquiv>
            </TextLine>
            <TextLine id="r1l4" custom="readingOrder {index:3;}">
                <Coords points="549,1130 559,1128 560,1126 570,1131 579,1129 566,1058 558,1059 554,1057 549,1060 536,1061"/>
                <Baseline points="551,1102 567,1099"/>
                <TextEquiv>
                    <Unicode>1</Unicode>
                </TextEquiv>
            </TextLine>
            <TextLine id="r1l5" custom="readingOrder {index:4;}">
                <Coords points="199,1204 305,1213 376,1191 408,1210 424,1201 545,1220 619,1183 619,1161 471,1163 403,1131 252,1154 199,1129"/>
                <Baseline points="205,1193 230,1192 255,1192 281,1192 306,1192 332,1192 357,1193 383,1194 408,1194 433,1195 459,1195 484,1195 510,1195 535,1194 561,1193 586,1191 612,1188"/>
                <TextEquiv>
                    <Unicode>or bim—be remem¬</Unicode>
                </TextEquiv>
            </TextLine>
            <TextLine id="r1l6" custom="readingOrder {index:5;}">
                <Coords points="215,1280 244,1277 259,1290 384,1280 437,1298 530,1273 559,1289 627,1261 627,1247 534,1215 462,1242 410,1225 382,1243 325,1224 216,1235"/>
                <Baseline points="222,1271 248,1270 275,1269 301,1269 328,1269 354,1269 381,1270 407,1271 434,1271 460,1272 487,1272 513,1273 540,1273 566,1273 593,1272 620,1272"/>
                <TextEquiv>
                    <Unicode>ber bearing, in tbe</Unicode>
                </TextEquiv>
            </TextLine>
            <TextLine id="r1l7" custom="readingOrder {index:6;}">
                <Coords points="201,1369 247,1375 311,1353 359,1365 550,1354 573,1369 632,1354 632,1315 539,1321 494,1298 441,1320 409,1304 348,1312 327,1300 291,1318 238,1304 201,1324"/>
                <Baseline points="207,1350 233,1351 259,1351 285,1352 311,1352 337,1352 364,1352 390,1352 416,1352 442,1352 468,1352 495,1351 521,1351 547,1350 573,1350 599,1349 626,1348"/>
                <TextEquiv>
                    <Unicode>päy wbich could not</Unicode>
                </TextEquiv>
            </TextLine>
            <TextLine id="r1l8" custom="readingOrder {index:7;}">
                <Coords points="219,1438 320,1431 376,1457 447,1433 483,1449 553,1447 631,1420 631,1394 469,1376 360,1400 333,1384 219,1398"/>
                <Baseline points="226,1425 252,1426 279,1426 305,1426 332,1426 358,1427 385,1427 411,1427 438,1427 464,1427 491,1427 517,1427 544,1428 570,1427 597,1427 624,1427"/>
                <TextEquiv>
                    <Unicode>was it possible that</Unicode>
                </TextEquiv>
            </TextLine>
            <TextLine id="r1l9" custom="readingOrder {index:8;}">
                <Coords points="220,1510 265,1526 309,1509 352,1525 425,1512 438,1521 459,1506 601,1518 630,1506 631,1487 583,1466 504,1474 481,1452 465,1467 441,1458 404,1476 340,1475 301,1453 221,1465"/>
                <Baseline points="227,1502 253,1502 279,1503 306,1503 332,1503 359,1504 385,1504 412,1504 438,1504 465,1505 491,1505 518,1505 544,1506 571,1506 597,1506 624,1507"/>
                <TextEquiv>
                    <Unicode>bad caused ber to#</Unicode>
                </TextEquiv>
            </TextLine>
            <TextLine id="r1l10" custom="readingOrder {index:9;}">
                <Coords points="209,1590 333,1589 387,1614 447,1590 477,1603 523,1589 562,1601 632,1584 632,1559 581,1532 546,1553 489,1533 437,1555 357,1552 330,1528 312,1541 209,1540"/>
                <Baseline points="215,1581 240,1581 266,1581 291,1581 317,1582 343,1582 368,1583 394,1583 420,1583 445,1584 471,1584 496,1583 522,1583 548,1583 573,1582 599,1580 625,1578"/>
                <TextEquiv>
                    <Unicode>t bad happened, such</Unicode>
                </TextEquiv>
            </TextLine>
            <TextLine id="r1l11" custom="readingOrder {index:10;}">
                <Coords points="211,1685 260,1666 311,1678 389,1665 423,1680 509,1662 579,1675 628,1648 628,1627 514,1633 410,1601 364,1626 341,1613 261,1628 210,1614"/>
                <Baseline points="217,1660 242,1660 267,1660 292,1661 318,1661 343,1661 368,1661 394,1661 419,1661 444,1661 470,1660 495,1660 520,1659 546,1659 571,1658 596,1657 622,1656"/>
                <TextEquiv>
                    <Unicode>spossible. There was</Unicode>
                </TextEquiv>
            </TextLine>
            <TextLine id="r1l12" custom="readingOrder {index:11;}">
                <Coords points="204,1750 231,1765 289,1749 350,1761 409,1740 488,1758 596,1745 624,1732 625,1705 479,1709 426,1684 205,1704"/>
                <Baseline points="211,1735 236,1735 261,1735 287,1736 312,1736 338,1737 363,1737 389,1738 414,1738 439,1738 465,1738 490,1739 516,1738 541,1738 567,1738 592,1737 618,1736"/>
                <TextEquiv>
                    <Unicode>hre may be bours or</Unicode>
                </TextEquiv>
            </TextLine>
            <TextLine id="r1l13" custom="readingOrder {index:12;}">
                <Coords points="204,1818 276,1830 373,1823 416,1846 623,1808 623,1792 594,1792 562,1769 456,1787 204,1769"/>
                <Baseline points="211,1815 236,1815 261,1814 287,1814 312,1814 337,1815 363,1815 388,1815 414,1815 439,1815 464,1815 490,1815 515,1814 540,1814 566,1812 591,1811 617,1809"/>
                <TextEquiv>
                    <Unicode>some strange, irre¬</Unicode>
                </TextEquiv>
            </TextLine>
            <TextLine id="r1l14" custom="readingOrder {index:13;}">
                <Coords points="198,1890 236,1911 326,1896 557,1912 623,1879 623,1861 579,1861 555,1845 490,1868 427,1846 331,1867 198,1850"/>
                <Baseline points="204,1891 229,1892 255,1892 281,1893 307,1893 332,1894 358,1894 384,1895 410,1895 435,1895 461,1896 487,1896 513,1896 538,1896 564,1895 590,1895 616,1894"/>
                <TextEquiv>
                    <Unicode>hm men wbo under</Unicode>
                </TextEquiv>
            </TextLine>
            <TextLine id="r1l15" custom="readingOrder {index:14;}">
                <Coords points="212,1976 261,1995 347,1979 388,1996 453,1975 501,1988 636,1965 636,1945 565,1928 493,1945 478,1935 412,1944 360,1922 212,1941"/>
                <Baseline points="218,1972 243,1972 269,1972 295,1972 321,1972 346,1972 372,1972 398,1973 424,1973 449,1973 475,1973 501,1974 527,1974 552,1974 578,1975 604,1975 630,1976"/>
                <TextEquiv>
                    <Unicode>o special power over</Unicode>
                </TextEquiv>
            </TextLine>
            <TextLine id="r1l16" custom="readingOrder {index:15;}">
                <Coords points="209,2148 296,2132 376,2151 406,2131 496,2127 562,2144 623,2121 623,2088 597,2098 532,2080 496,2090 428,2068 345,2088 298,2069 209,2094"/>
                <Baseline points="215,2124 240,2125 265,2125 290,2126 315,2126 340,2127 365,2128 390,2128 416,2129 441,2129 466,2129 491,2130 516,2129 541,2129 566,2129 591,2128 617,2126"/>
                <TextEquiv>
                    <Unicode>sp-bill. If all were</Unicode>
                </TextEquiv>
            </TextLine>
            <TextLine id="r1l17" custom="readingOrder {index:16;}">
                <Coords points="212,2217 300,2206 340,2226 364,2216 391,2228 409,2213 465,2226 503,2213 545,2227 627,2203 627,2176 610,2170 212,2163"/>
                <Baseline points="218,2201 243,2202 268,2202 293,2202 318,2203 343,2203 368,2204 393,2204 419,2205 444,2205 469,2205 494,2206 519,2206 544,2206 569,2206 594,2206 620,2206"/>
                <TextEquiv>
                    <Unicode>into tbe main street</Unicode>
                </TextEquiv>
            </TextLine>
            <TextLine id="r1l18" custom="readingOrder {index:17;}">
                <Coords points="208,2289 289,2308 385,2284 422,2301 445,2289 465,2302 562,2288 578,2301 610,2296 610,2253 589,2243 481,2242 459,2230 422,2245 363,2232 285,2254 208,2236"/>
                <Baseline points="214,2279 240,2281 266,2281 292,2282 318,2282 344,2282 370,2282 396,2281 422,2281 448,2281 474,2281 500,2281 526,2281 552,2281 578,2282 604,2283"/>
                <TextEquiv>
                    <Unicode>ding to do with him?</Unicode>
                </TextEquiv>
            </TextLine>
            <TextLine id="r1l19" custom="readingOrder {index:18;}">
                <Coords points="198,2408 258,2397 296,2362 321,2377 411,2362 446,2375 526,2364 566,2379 622,2360 622,2333 566,2313 503,2332 433,2310 361,2327 303,2310 253,2333 198,2307"/>
                <Baseline points="204,2357 229,2360 255,2362 281,2363 307,2364 332,2364 358,2364 384,2364 410,2364 435,2364 461,2363 487,2362 513,2362 538,2361 564,2361 590,2360 616,2360"/>
                <TextEquiv>
                    <Unicode>seing bim? Was the</Unicode>
                </TextEquiv>
            </TextLine>
            <TextLine id="r1l20" custom="readingOrder {index:19;}">
                <Coords points="202,2452 301,2453 356,2435 420,2457 451,2442 553,2458 628,2439 629,2407 595,2396 579,2407 550,2390 502,2409 475,2389 450,2402 343,2391 295,2408 268,2389 203,2402"/>
                <Baseline points="209,2436 234,2437 260,2437 286,2438 312,2438 338,2439 363,2439 389,2439 415,2439 441,2440 467,2440 492,2439 518,2439 544,2439 570,2439 596,2438 622,2438"/>
                <TextEquiv>
                    <Unicode>ewbere? And what</Unicode>
                </TextEquiv>
            </TextLine>
            <TextLine id="r1l21" custom="readingOrder {index:20;}">
                <Coords points="207,2542 237,2544 283,2518 376,2536 418,2522 460,2551 499,2550 523,2534 622,2524 623,2468 534,2475 505,2461 484,2476 403,2470 377,2483 344,2468 304,2491 268,2470 224,2505 208,2502"/>
                <Baseline points="214,2514 239,2516 264,2516 289,2517 314,2517 339,2517 364,2517 389,2518 415,2518 440,2518 465,2518 490,2518 515,2518 540,2519 565,2520 590,2520 616,2522"/>
                <TextEquiv>
                    <Unicode>A solution of the</Unicode>
                </TextEquiv>
            </TextLine>
            <TextLine id="r1l22" custom="readingOrder {index:21;}">
                <Coords points="209,2605 322,2598 345,2609 373,2595 415,2615 468,2611 490,2623 618,2605 619,2577 518,2547 475,2561 452,2543 373,2566 278,2552 210,2562"/>
                <Baseline points="216,2592 242,2593 268,2593 295,2594 321,2595 348,2596 374,2596 400,2597 427,2598 453,2598 480,2599 506,2599 532,2600 559,2600 585,2601 612,2602"/>
                <TextEquiv>
                    <Unicode>at some otber place.</Unicode>
                </TextEquiv>
            </TextLine>
            <TextLine id="r1l23" custom="readingOrder {index:22;}">
                <Coords points="210,2712 291,2683 358,2703 402,2678 493,2696 510,2678 593,2683 624,2669 624,2647 607,2640 461,2644 420,2614 348,2637 210,2629"/>
                <Baseline points="216,2673 241,2673 266,2673 291,2672 316,2673 341,2673 366,2673 391,2674 417,2674 442,2675 467,2675 492,2676 517,2676 542,2675 567,2674 592,2674 618,2672"/>
                <TextEquiv>
                    <Unicode>passing tbe test s0</Unicode>
                </TextEquiv>
            </TextLine>
            <TextLine id="r1l24" custom="readingOrder {index:23;}">
                <Coords points="210,2775 223,2782 268,2759 296,2770 325,2752 363,2764 470,2756 552,2776 618,2769 618,2714 598,2708 530,2722 511,2710 486,2721 390,2709 359,2723 307,2696 254,2692 210,2713"/>
                <Baseline points="216,2750 242,2749 268,2749 295,2748 321,2748 348,2748 374,2748 400,2748 427,2748 453,2749 480,2749 506,2750 532,2750 559,2751 585,2751 612,2751"/>
                <TextEquiv>
                    <Unicode>of tbe secret society:</Unicode>
                </TextEquiv>
            </TextLine>
            <TextEquiv>
                <Unicode>raunnovelle
33. 1
D y
1
or bim—be remem¬
ber bearing, in tbe
päy wbich could not
was it possible that
bad caused ber to#
t bad happened, such
spossible. There was
hre may be bours or
some strange, irre¬
hm men wbo under
o special power over
sp-bill. If all were
into tbe main street
ding to do with him?
seing bim? Was the
ewbere? And what
A solution of the
at some otber place.
passing tbe test s0
of tbe secret society:</Unicode>
            </TextEquiv>
        </TextRegion>
        <TextRegion orientation="0.0" id="r2" custom="readingOrder {index:1;}">
            <Coords points="1247,70 1247,2845 2282,2845 2282,70"/>
            <TextLine id="r2l1" custom="readingOrder {index:0;}">
                <Coords points="1241,129 1307,138 1336,125 1357,138 1434,114 1555,127 1633,76 1633,62 1549,47 1536,57 1446,47 1425,62 1334,76 1282,48 1241,55"/>
                <Baseline points="1247,112 1272,113 1297,113 1323,114 1348,115 1373,115 1399,116 1424,117 1449,117 1475,117 1500,117 1525,117 1551,115 1576,113 1601,110 1627,107"/>
                <TextEquiv>
                    <Unicode>box 5/7</Unicode>
                </TextEquiv>
            </TextLine>
            <TextLine id="r2l2" custom="readingOrder {index:1;}">
                <Coords points="1475,1110 2229,1123 2266,1113 2267,1052 2089,1084 1879,1052 1476,1072"/>
                <Baseline points="1482,1103 1520,1103 1559,1104 1598,1104 1637,1105 1676,1105 1715,1105 1754,1106 1793,1106 1832,1106 1871,1106 1909,1107 1948,1107 1987,1108 2026,1108 2065,1109 2104,1110 2143,1111 2182,1112 2221,1114 2260,1115"/>
                <TextEquiv>
                    <Unicode>A DREAM NOVEL K</Unicode>
                </TextEquiv>
            </TextLine>
            <TextLine id="r2l3" custom="readingOrder {index:2;}">
                <Coords points="1305,1204 1912,1228 2262,1203 2251,1153 1624,1167 1306,1136"/>
                <Baseline points="1311,1192 1358,1193 1405,1194 1452,1195 1500,1196 1547,1196 1594,1197 1641,1197 1689,1197 1736,1198 1783,1198 1830,1198 1878,1198 1925,1199 1972,1199 2019,1199 2067,1200 2114,1201 2161,1201 2208,1202 2256,1203"/>
                <TextEquiv>
                    <Unicode>Was be to have unchallenged possession of tbe</Unicode>
                </TextEquiv>
            </TextLine>
            <TextLine id="r2l4" custom="readingOrder {index:3;}">
                <Coords points="1300,1282 1610,1297 1655,1272 1879,1303 2277,1274 2065,1227 1440,1246 1301,1219"/>
                <Baseline points="1306,1271 1354,1272 1402,1272 1450,1272 1498,1273 1547,1273 1595,1273 1643,1273 1691,1274 1739,1274 1788,1274 1836,1275 1884,1275 1932,1276 1980,1276 2029,1277 2077,1279 2125,1280 2173,1281 2221,1283 2270,1285"/>
                <TextEquiv>
                    <Unicode>lovely nun? Tbe windows of tbe carriage were</Unicode>
                </TextEquiv>
            </TextLine>
            <TextLine id="r2l5" custom="readingOrder {index:4;}">
                <Coords points="1302,1356 2219,1381 2272,1374 2273,1330 1303,1304"/>
                <Baseline points="1308,1345 1355,1347 1403,1348 1451,1350 1499,1351 1547,1351 1595,1351 1643,1352 1691,1352 1739,1352 1787,1352 1834,1351 1882,1351 1930,1351 1978,1351 2026,1352 2074,1352 2122,1353 2170,1353 2218,1354 2266,1356"/>
                <TextEquiv>
                    <Unicode>closed and Fridolin tried to look out—but tbey</Unicode>
                </TextEquiv>
            </TextLine>
            <TextLine id="r2l6" custom="readingOrder {index:5;}">
                <Coords points="1292,1441 1697,1432 1754,1460 1983,1433 2106,1460 2289,1418 2019,1380 1293,1395"/>
                <Baseline points="1298,1424 1347,1425 1396,1426 1445,1426 1494,1427 1544,1427 1593,1428 1642,1428 1691,1428 1740,1429 1790,1429 1839,1430 1888,1430 1937,1431 1986,1431 2036,1432 2085,1433 2134,1434 2183,1435 2232,1436 2282,1438"/>
                <TextEquiv>
                    <Unicode>were opaque. He attempted to open tbem, first on</Unicode>
                </TextEquiv>
            </TextLine>
            <TextLine id="r2l7" custom="readingOrder {index:6;}">
                <Coords points="1303,1507 2029,1507 2098,1532 2268,1521 2269,1495 2190,1459 1629,1476 1454,1449 1304,1474"/>
                <Baseline points="1309,1505 1356,1504 1404,1503 1452,1503 1499,1503 1547,1503 1595,1503 1642,1503 1690,1503 1738,1504 1786,1504 1833,1505 1881,1506 1929,1507 1976,1508 2024,1508 2072,1510 2119,1510 2167,1512 2215,1513 2263,1514"/>
                <TextEquiv>
                    <Unicode>one side, then on tbe otber, but it was impossible.</Unicode>
                </TextEquiv>
            </TextLine>
            <TextLine id="r2l8" custom="readingOrder {index:7;}">
                <Coords points="1304,1594 2214,1603 2262,1580 2208,1538 1304,1540"/>
                <Baseline points="1310,1578 1357,1579 1404,1579 1451,1580 1499,1580 1546,1581 1593,1581 1640,1582 1688,1582 1735,1583 1782,1583 1829,1584 1877,1585 1924,1585 1971,1586 2018,1586 2066,1587 2113,1587 2160,1587 2207,1588 2255,1588"/>
                <TextEquiv>
                    <Unicode>Tbe glass partition between bim and tbe coach¬</Unicode>
                </TextEquiv>
            </TextLine>
            <TextLine id="r2l9" custom="readingOrder {index:8;}">
                <Coords points="1299,1663 1673,1689 1884,1662 2112,1696 2277,1666 2277,1628 2148,1612 2069,1639 1824,1610 1718,1637 1646,1610 1526,1638 1442,1607 1300,1625"/>
                <Baseline points="1306,1659 1354,1658 1402,1658 1450,1658 1499,1658 1547,1658 1595,1659 1643,1659 1692,1660 1740,1661 1788,1661 1836,1662 1885,1663 1933,1663 1981,1664 2029,1664 2078,1665 2126,1665 2174,1665 2222,1665 2271,1664"/>
                <TextEquiv>
                    <Unicode>man's box was just as tbick and just as firmly</Unicode>
                </TextEquiv>
            </TextLine>
            <TextLine id="r2l10" custom="readingOrder {index:9;}">
                <Coords points="1300,1739 2158,1766 2279,1737 2279,1708 2127,1689 1614,1709 1301,1684"/>
                <Baseline points="1306,1735 1354,1735 1402,1735 1451,1735 1499,1736 1547,1736 1596,1737 1644,1738 1692,1739 1741,1739 1789,1740 1837,1742 1886,1743 1934,1743 1982,1744 2031,1745 2079,1745 2127,1745 2176,1745 2224,1745 2273,1745"/>
                <TextEquiv>
                    <Unicode>closed. He lenocked on tbe glass, be called, be</Unicode>
                </TextEquiv>
            </TextLine>
            <TextLine id="r2l11" custom="readingOrder {index:10;}">
                <Coords points="1289,1814 1762,1843 2263,1825 2183,1762 1921,1789 1452,1757 1290,1794"/>
                <Baseline points="1296,1810 1344,1811 1392,1811 1440,1812 1488,1812 1536,1813 1584,1814 1632,1814 1680,1815 1728,1816 1776,1816 1824,1817 1872,1817 1920,1818 1968,1818 2016,1818 2064,1819 2112,1819 2160,1819 2208,1819 2257,1818"/>
                <TextEquiv>
                    <Unicode>sbouted, but tbe carriage went on. He tried to</Unicode>
                </TextEquiv>
            </TextLine>
            <TextLine id="r2l12" custom="readingOrder {index:11;}">
                <Coords points="1299,1913 1863,1898 2117,1925 2278,1881 2070,1844 1299,1857"/>
                <Baseline points="1305,1891 1353,1891 1401,1891 1450,1891 1498,1891 1546,1891 1595,1891 1643,1891 1691,1892 1740,1892 1788,1892 1836,1892 1885,1892 1933,1893 1981,1893 2030,1893 2078,1893 2126,1894 2175,1894 2223,1894 2272,1894"/>
                <TextEquiv>
                    <Unicode>open both tbe doors, but tbey wouldn't budge. His</Unicode>
                </TextEquiv>
            </TextLine>
            <TextLine id="r2l13" custom="readingOrder {index:12;}">
                <Coords points="1295,1967 1580,2002 1706,1976 1924,2002 2039,1972 2215,2008 2279,1979 2250,1921 1295,1938"/>
                <Baseline points="1301,1968 1349,1968 1398,1969 1446,1969 1495,1969 1544,1970 1592,1970 1641,1971 1689,1972 1738,1972 1787,1973 1835,1973 1884,1974 1932,1975 1981,1976 2030,1976 2078,1977 2127,1978 2175,1979 2224,1980 2273,1981"/>
                <TextEquiv>
                    <Unicode>renewed calling was drowned by tbe rattling of</Unicode>
                </TextEquiv>
            </TextLine>
            <TextLine id="r2l14" custom="readingOrder {index:13;}">
                <Coords points="1287,2055 2214,2072 2271,2015 1906,1992 1712,2018 1622,1991 1287,2018"/>
                <Baseline points="1293,2046 1341,2045 1390,2045 1438,2044 1487,2045 1535,2045 1584,2046 1632,2047 1681,2048 1729,2048 1778,2049 1827,2051 1875,2052 1924,2052 1972,2053 2021,2054 2069,2054 2118,2054 2166,2054 2215,2054 2264,2053"/>
                <TextEquiv>
                    <Unicode>tbe wbeels and tbe roaring of tbe wind. The car¬</Unicode>
                </TextEquiv>
            </TextLine>
            <TextLine id="r2l15" custom="readingOrder {index:14;}">
                <Coords points="1300,2139 2255,2144 2264,2086 1300,2093"/>
                <Baseline points="1306,2125 1353,2125 1401,2126 1448,2126 1496,2126 1544,2126 1591,2127 1639,2127 1686,2128 1734,2128 1782,2129 1829,2129 1877,2130 1924,2130 1972,2131 2020,2131 2067,2131 2115,2131 2162,2131 2210,2131 2258,2131"/>
                <TextEquiv>
                    <Unicode>riage began to jolt, going downbill, faster and</Unicode>
                </TextEquiv>
            </TextLine>
            <TextLine id="r2l16" custom="readingOrder {index:15;}">
                <Coords points="1284,2232 1470,2205 2234,2227 2266,2221 2267,2166 1843,2157 1768,2184 1284,2147"/>
                <Baseline points="1290,2205 1338,2204 1387,2203 1435,2203 1484,2203 1532,2202 1581,2202 1629,2203 1678,2203 1726,2203 1775,2203 1823,2204 1872,2204 1920,2205 1969,2205 2017,2206 2066,2206 2114,2206 2163,2207 2211,2207 2260,2207"/>
                <TextEquiv>
                    <Unicode>saster. Fridolin, uneasy and alarmed, was on the</Unicode>
                </TextEquiv>
            </TextLine>
            <TextLine id="r2l17" custom="readingOrder {index:16;}">
                <Coords points="1288,2292 2214,2302 2275,2257 2188,2232 2115,2258 1880,2227 1737,2254 1572,2222 1423,2252 1289,2234"/>
                <Baseline points="1294,2280 1342,2280 1391,2280 1440,2280 1488,2280 1537,2280 1586,2281 1634,2281 1683,2282 1732,2282 1781,2283 1829,2284 1878,2284 1927,2285 1975,2286 2024,2286 2073,2287 2121,2287 2170,2287 2219,2287 2268,2287"/>
                <TextEquiv>
                    <Unicode>point of smasbing one of tbe blind windows, wben</Unicode>
                </TextEquiv>
            </TextLine>
            <TextLine id="r2l18" custom="readingOrder {index:17;}">
                <Coords points="1291,2363 2115,2388 2263,2356 2263,2321 2109,2335 2019,2300 1950,2327 1291,2320"/>
                <Baseline points="1298,2357 1348,2359 1398,2361 1449,2362 1499,2363 1550,2363 1600,2363 1651,2363 1701,2363 1752,2363 1802,2362 1853,2362 1903,2362 1954,2361 2004,2361 2055,2361 2105,2361 2156,2361 2206,2361 2257,2362"/>
                <TextEquiv>
                    <Unicode>tbe carriage suddenly stopped. Botb doors opened</Unicode>
                </TextEquiv>
            </TextLine>
            <TextLine id="r2l19" custom="readingOrder {index:18;}">
                <Coords points="1295,2438 1612,2464 2053,2440 2189,2471 2266,2448 2229,2385 1296,2402"/>
                <Baseline points="1302,2435 1349,2435 1397,2435 1445,2435 1493,2436 1541,2436 1589,2436 1637,2436 1685,2436 1733,2436 1781,2437 1828,2437 1876,2437 1924,2438 1972,2438 2020,2438 2068,2439 2116,2440 2164,2440 2212,2441 2260,2442"/>
                <TextEquiv>
                    <Unicode>togetber, as if by some mechanism, and as though</Unicode>
                </TextEquiv>
            </TextLine>
            <TextLine id="r2l20" custom="readingOrder {index:19;}">
                <Coords points="1293,2508 1818,2543 2039,2514 2182,2543 2256,2508 2191,2469 1657,2484 1591,2454 1337,2456 1294,2479"/>
                <Baseline points="1299,2509 1346,2509 1394,2508 1441,2508 1489,2508 1536,2508 1584,2509 1631,2510 1679,2510 1726,2511 1774,2512 1822,2513 1869,2514 1917,2515 1964,2516 2012,2517 2059,2517 2107,2518 2154,2519 2202,2519 2250,2519"/>
                <TextEquiv>
                    <Unicode>Fridolin bad been ironically given tbe choice be¬</Unicode>
                </TextEquiv>
            </TextLine>
            <TextLine id="r2l21" custom="readingOrder {index:20;}">
                <Coords points="1281,2598 2269,2603 2269,2568 2112,2567 2064,2536 2017,2563 1569,2537 1282,2559"/>
                <Baseline points="1288,2587 1336,2586 1385,2586 1434,2585 1483,2585 1531,2586 1580,2586 1629,2587 1678,2588 1726,2589 1775,2590 1824,2591 1873,2592 1921,2594 1970,2594 2019,2596 2068,2596 2116,2597 2165,2597 2214,2597 2263,2597"/>
                <TextEquiv>
                    <Unicode>tween one side or tbe otber. He jumped out, the</Unicode>
                </TextEquiv>
            </TextLine>
            <TextLine id="r2l22" custom="readingOrder {index:21;}">
                <Coords points="1296,2665 1763,2696 2262,2675 2262,2644 2198,2617 2119,2647 2076,2623 1812,2648 1614,2613 1572,2637 1296,2626"/>
                <Baseline points="1302,2668 1349,2667 1397,2666 1445,2665 1492,2665 1540,2665 1588,2666 1635,2667 1683,2667 1731,2668 1779,2669 1826,2670 1874,2671 1922,2672 1969,2672 2017,2672 2065,2672 2112,2672 2160,2671 2208,2669 2256,2668"/>
                <TextEquiv>
                    <Unicode>doors closed witb a bang—and witbout tbe coach¬</Unicode>
                </TextEquiv>
            </TextLine>
            <TextLine id="r2l23" custom="readingOrder {index:22;}">
                <Coords points="1295,2762 2265,2763 2265,2718 2208,2702 1295,2714"/>
                <Baseline points="1301,2744 1348,2745 1396,2746 1444,2746 1492,2747 1540,2747 1588,2747 1636,2747 1684,2747 1732,2747 1780,2747 1827,2747 1875,2747 1923,2747 1971,2747 2019,2747 2067,2747 2115,2748 2163,2749 2211,2750 2259,2751"/>
                <TextEquiv>
                    <Unicode>man paying tbe slightest attention to bim, tbe</Unicode>
                </TextEquiv>
            </TextLine>
            <TextLine id="r2l24" custom="readingOrder {index:23;}">
                <Coords points="1713,2826 1725,2824 1737,2836 1763,2831 1796,2852 1819,2840 1834,2841 1832,2771 1814,2775 1799,2771 1765,2796 1747,2794 1731,2806 1712,2805"/>
                <Baseline points="1719,2827 1746,2823 1773,2823 1800,2824 1827,2823"/>
                <TextEquiv>
                    <Unicode>107</Unicode>
                </TextEquiv>
            </TextLine>
            <TextEquiv>
                <Unicode>box 5/7
A DREAM NOVEL K
Was be to have unchallenged possession of tbe
lovely nun? Tbe windows of tbe carriage were
closed and Fridolin tried to look out—but tbey
were opaque. He attempted to open tbem, first on
one side, then on tbe otber, but it was impossible.
Tbe glass partition between bim and tbe coach¬
man's box was just as tbick and just as firmly
closed. He lenocked on tbe glass, be called, be
sbouted, but tbe carriage went on. He tried to
open both tbe doors, but tbey wouldn't budge. His
renewed calling was drowned by tbe rattling of
tbe wbeels and tbe roaring of tbe wind. The car¬
riage began to jolt, going downbill, faster and
saster. Fridolin, uneasy and alarmed, was on the
point of smasbing one of tbe blind windows, wben
tbe carriage suddenly stopped. Botb doors opened
togetber, as if by some mechanism, and as though
Fridolin bad been ironically given tbe choice be¬
tween one side or tbe otber. He jumped out, the
doors closed witb a bang—and witbout tbe coach¬
man paying tbe slightest attention to bim, tbe
107</Unicode>
            </TextEquiv>
        </TextRegion>
    </Page>
</PcGts>
