3296 4320
1194 124 1698 195 en en en de e
805 183 1734 244 ration derer über fünfzig stammen. Aber es
813 222 1727 273 scheint, daß dieses zwischen Naturalismus und
1744 216 2682 289 „Traut ovelle.“ Von Artbur Schnitzler.
808 261 1739 303 Neuromantik reif gewerdene Geschlecit doch bei
1800 269 2692 338 Berl. S. Fischer. 136 Seiten. Geb.5.50.
813 300 1734 359 aller Grundverschiedenheit in Ton und Haltung
1771 316 2671 377 Nach der künstlich aus der Symbol-Retorte
799 336 1727 396 Idennoch die gleiche Luft atmet und wieder aus¬
1730 367 2671 411 destillierten Romantik Heinrich Manns wirkt die
812 377 1724 426 strömt: eine seltsam gemischte Atmosphäre, in
1737 411 2667 459 phantastische „Traumnovelle“ Schnitzlers wie
798 397 1724 471 der die meisten Details in naturalistische
1740 438 2664 486 die reellste Berichterstattung. Nicht mit Sehn¬
812 452 1725 515 Nähe gelangen, während der Sinn und die
1732 476 2670 529 sucht nach dem Unbekannten wie Gide, nicht mit
804 490 1736 541 Stimmung das Ganze der Geschehnisse doch in
1743 514 2678 574 Gespensterei wie Mann erzeugt sich Schnitzler
799 527 1732 577 die Ferne rücken. Es sind romantische Kon¬
1735 559 2682 598 das romantische Fluidum; sondern als Medi¬
803 565 1731 629 flikte, welche die Schicksale der Menschen zwi¬
1737 595 2665 645 zinel und Psycheanalytiker benützt er zur Ver¬
811 611 1725 662 schen die Pole von Wunsch und Erfüllung, zwi¬
1717 627 2677 685 hannung der Realität den Traum. Das ist die
812 651 2675 724 schen Symbol und Wirklichkeit, zwischen Traun. güchternste Methode zum Taumel ins Roman¬
799 672 1734 748 und Tat, zwischen Ueberschwang der Poesie und
1731 705 1892 763 tische.
813 726 1403 780 Gleichmaß der Prosa stellen.
1784 728 2680 804 Ein Wiener Arzt unterhält sich nach einer
1727 772 2683 840 Ballnacht mit seiner Frau über die im Leben
777 809 1068 872 „Isabelle.“
1081 800 1734 869 Von André Gide. Uebersetz:
1742 830 2666 881 versäumten Liebesmöglichkeiten. Geständnisse
876 858 1735 912 von Fritz Donath. 19 Textillustrationen von
1738 868 2666 918 und Wünsche erwecken die Ressentimerte der
872 899 1733 965 Raffaello Busoni. Berlin, J. M. Spaeth. 165
1729 894 2683 947 Eifersucht und des Geschlechtsneides bis zum
876 936 1277 995 Seiten. Geb. = 6.
1721 933 2667 989 Haß. Aber die Feindschaft bricht nicht offen
1734 973 2674 1031 aus: sondern ihre Regungen schleichen sich in
849 975 1722 1045 Dieser Franzose ist nicht wie die meisten
1729 1017 2669 1063 den Schlaf der beiden Seelen und alle unerfüllte
799 1030 1723 1079 seiner Landsleute vorn Geiste Voliaires; er zeich¬
1744 1056 2681 1113 erotische Sehnsucht lebt sich in den Traum
805 1069 1719 1123 net nicht scharf, sondern duftig; und er setzt
1736 1091 2666 1147 hinein. Die Dame, das Dirnchen, die Braut des
800 1106 1726 1160 seine Beobachtungen nicht auf dem direkten
1742 1125 2675 1196 andern tanzen einen wirren Reigen der Maskier¬
802 1137 1728 1198 Wege in die denkerische Form um. Er gehört zu
1734 1167 2670 1227 ten und der Nackten. Wirklichkeit der Erleb¬
798 1181 1727 1246 jenen sonderbiren Sentimentalen nach Flauberts
1734 1204 2674 1271 nisse und Ueberschwang der träumenden Phan¬
797 1229 1726 1279 Art, deren Schnsucht den Duft der Dinge zu
1733 1249 2675 1308 tasie vermischen sich, bis keine Logik mehr
799 1266 1728 1317 etmen wünscht, auch wenn sie in tiefgründiger
1731 1286 2668 1341 befiehlt als die der psychischen Assoziationen.
793 1290 1726 1373 Skepsis wissen, daß diese erträumten Dinge gar
1726 1325 2668 1375 Der Meister des „Fräulein Else“ zeigt sich im
796 1342 1273 1388 keinen Duft besitzen.
1731 1365 2679 1417 Menschenkennerischen — nicht so im künstle¬
836 1374 1722 1434 So lsbtlder Ich-Erzähler des Gideschen Buches
1729 1403 2674 1460 rischen Wert und Aufbau — auch in diesem
791 1418 1726 1474 als Gasi eines einsamen Landhauses in einem
1723 1442 2134 1499 Dramolet der Seele.
790 1443 1726 1516 Kreis in Eintönigkeit erstarrter Menschen; und er
1799 1461 2672 1534 Was ist Wirklichkeil, wenn die be¬
795 1494 1732 1564 wittert aus Reden und Gehaben dieser Alten, daß
1740 1509 2671 1576 gehrte frenide Maske auf dem Nacktball hinter
787 1532 1729 1584 ein geheimes Lebens-Agens von außen her noch
1739 1560 2661 1618 der Larve doch die Züge der eigenen Frau trägt?
789 1571 1726 1623 diese halberstorbene Welt-erregt und immer wie¬
1727 1597 2671 1652 Was ist romantische Traumerfüllung, wenn
791 1617 1729 1670 der aufweckt. Das ist die verlorene Tochter Isa¬
1739 1633 2665 1688 keines all dieser Liebesabenteuer den sexuellen
792 1647 1716 1713 belle, die plötzlich nachts auf ein paar Stunden
1740 1675 2664 1729 Abschluß bietet? Der Mediziner Schnitzler wacht
788 1692 1726 1740 ankommt, ihr verkrüppeltes Kind besucht; die
1732 1713 2670 1776 über dem Romantiker in ihm. Die wildesten
797 1721 1718 1775 seitsame Gespräche hinter verschlossenen Türen
1731 1759 2664 1805 Abenteuer im Zirkel der Geheimen oder die
795 1769 1723 1820 mit den Alten führt — und wieder in Nacht und
1726 1788 2675 1838 Schauer an der Leiche auf dem Anatomie-Tisch
800 1800 1719 1858 Dimnst verschwindet. Gide, der Erzähier, hat nur
1724 1828 2671 1878 erklären sich im Dämmerlicht der Seele als über¬
793 1845 1721 1890 ih wundervolles Bild gesehen; und kennt nur
1724 1867 2659 1909 reizte Erinnerungen aus dem Alltagsieben. Nicht
787 1880 1726 1926 einen Brief von ihr, der von romantischer Liebe
1737 1907 2665 1968 wie Pirandello uns zwischen Sein und Schein
795 1920 1725 1966 und romantischer Flucht handelt. Denn sie liebte
1733 1948 2666 2001 unkontrollierbar hindurchschwindelt, sondern
795 1964 1719 2003 einen Baron, der unerklärlicherweise in jener
1730 1986 2665 2023 mit verantwortlicher Kunst zeigt Schnitzler die
797 1998 1720 2046 Nacht der Entscheidung erschossen wurde; und
1728 2024 2671 2076 Ve. bindungen zwischen Bewußt und Unbewußt.
798 2044 1724 2094 von dem sie den armen Knaben Kasimir erhielt.
1723 2050 2665 2113 Das Romantische ist mit Psychologie verwirkt
777 2066 1712 2133 Und nun dürstet der Dichter nach der I’rgrün¬
1719 2103 2675 2150 und verwirklicht — vom Dichter real verdichtet
779 2119 1738 2174 dung des Geheimnisses und vergoldet sich die.
1729 2136 1921 2192 worden.
1729 2193 2666 2282 „Graf Mark und die Prinzessin von
1788 2242 2661 2306 Nassau - Usingen.“ Eine tragische Bio¬
1790 2296 2673 2367 graphie. Von Ricarda Huch, Leipzig,
1786 2331 2389 2393 Deutsche Bücherei. 34 Seiten.
1758 2365 2652 2431 Nach den Romantikern der Sehnsucht, der
1709 2421 2660 2477 Symbolik und des Traumes wirkt die Erzählung
1717 2463 2661 2519 Ricarda Huchs als die konkreteste Gestaltung,
1719 2496 2656 2554 trotzdem sie auf dem ersten halben Dutzend
1714 2543 2658 2589 Seiten an dichterischem Stil die andern über¬
1721 2576 2663 2643 ragt. Man merkt dabei: das Dichterische ist nicht
1717 2614 2659 2683 nur das Verhauchende; und das Romantische
1723 2646 2304 2716 kann auch im Festen wirken.
1766 2675 2664 2747 Hier läuft die Liebe in göttlicher Person
1710 2734 2668 2793 durch den nächtlichen Park, in dessen verbergen¬
1711 2777 2658 2829 den Schatter sich der Leutnant und die Prin¬
1720 2809 2658 2857 zessin ihre unaaslöschliche Liebe gestehen. Das
1709 2850 2661 2908 Schicksal ihrer Trennung ist der Unterschied der
1715 2876 2660 2948 Stände. Aber wenn der romantische Roman
1721 2917 2668 2985 nun Spannungen stellte und Abenteuer häufte,
1705 2964 2663 3022 bevor am Schluß die Liebenden sich zur Ver¬
1715 2997 2652 3050 einigung finden dürfen, so gelingt ihnen hier
1721 3043 2657 3097 die Heirat schon nach kurzer Zeit. Sie werden
1708 3083 2648 3129 überglücklich. Die Dichtegin enttäuscht alle Er¬
1718 3119 2660 3190 wartungen von Gefahr und Tod napoleonischer
1707 3145 2285 3206 Kriege mit ästhetischer List.
1759 3191 2643 3254 Ihr liegt gerade an jener Entzauberung, die
1702 3226 2651 3276 André Gide fürchtete. Sie will die Tragik des
1695 3262 2663 3328 Romantischen ausdeuten. Diese Menschen werden
1703 3322 2657 3375 durch Glück und friedlichen Regellauf des Le¬
1705 3350 2652 3395 bens vor sich selbst entzaubert; als zuerst
1708 3391 2653 3444 gewohnte, dann durchschaute, schließlich einan¬
1699 3425 2641 3483 der beinah überdrüssige Gefährten des Alltags.
1699 3468 2657 3522 Die sich mit heroischer Aufopferung gefunden
1700 3504 2654 3562 haben, wissen igegen das Ende ihres. Lebens, daß
1700 3540 2656 3601 die Vernunftsbeirat nach gleichem Stand, Ver¬
1694 3578 2645 3635 mögen und Gesinnung weit' „richtiger“ sei als
1693 3608 2658 3679 die Ehe aus romamischer Liebe. Was im Ton
1690 3651 2655 3716 zu Anfang poesievoll anschlug, ernüchtert sich
1700 3697 2642 3753 tragisch zur Bspalität der Erfüllung, Diese Er¬
1693 3731 2637 3791 zählung zeigt in historischer Distanziertheit nur
1704 3777 2646 3824 das romantische. Problem der Ließe; aber' sie
1699 3804 2660 3885 selber ist überromantisch. Sie läßi die Zeit nicht
