3296 4320
547 32 1037 94 raumnovel1
308 28 1079 137 33 J. . enenenenententnchene e
485 560 704 613 Fand ideh
481 590 985 662 ject. The book has Aue
484 634 1211 708 vantage of being practicable for
488 676 740 745 hdme usc.
962 681 1175 738 M. F. W.
346 713 494 775 M. th0
354 750 504 827 orles.
349 772 1145 885 wm #Foreign Shelf
404 836 500 878 ad¬
373 867 490 919 most
366 908 484 956 mong
497 903 884 998 Schnitzler’s
364 943 471 994 ie/to
374 983 477 1041 Also
487 979 907 1070 Latest Novel
366 1035 490 1113 hans
508 1054 1204 1108 Traumnovelle, by Arthur Schnitzlcb.
370 1090 480 1141 S 10
505 1100 1071 1153 (S. Fischer, Verlag, Berlin.)
376 1130 477 1173 em¬
504 1134 1210 1189 Reality is never solely reality, and a
484 1183 1202 1242 dream is never just a dream; one is
390 1201 425 1242 1
486 1215 1199 1277 always pars of the otner. This is the
491 1260 1203 1336 theme of Schnitzler’s latest novel,
386 1275 465 1324 fen¬
496 1295 791 1345 Dream Story.“
511 1332 1207 1400 A young Viennese physician exgeri¬
478 1369 1203 1416 ences, in a few hours of the night, all
481 1413 1210 1470 the opportunities of love that he has
475 1455 1207 1505 missed. The daughter of a dying pa¬
473 1479 1208 1545 tient; a good-natured, decent prostitute;
480 1532 1201 1589 a young girl, the daughter of a cos¬
487 1561 1211 1612 tumier, and finally a masked and
479 1611 1204 1660 naked dancer in a mysterions night
393 1586 465 1664 96
485 1647 1198 1693 club tempt him, and try to lure him,
393 1654 463 1699 a
485 1687 1200 1735 each in her turn, until the point is
480 1724 1191 1777 reached where the young man is rendy
398 1722 476 1774 ted
478 1760 1192 1802 to leave his wife and child in order
391 1767 468 1864 7he
482 1798 1199 1863 that he may go forth in search of the
490 1840 1039 1899 scemingly more potent loves.
394 1868 474 1917 9.
500 1878 1196 1953 But'the fantasies and -nightmares
484 1931 1204 1982 disappear with the approaching day¬
468 1982 1204 2031 light, and he returns to his daily work
456 2015 1198 2070 #at the hospital. At home he tells his
472 2054 1159 2096 wife of the happenings of the night.
514 2088 1196 2156 Andwhat shall we do?“ he finishes
468 2115 680 2182 bis story.
525 2146 1196 2229 Be thankful that we escaped the
398 2212 464 2260 he
479 2212 1208 2274 adventure, the actual ones and the
478 2239 815 2291 imaginary oncs.“
521 2265 1076 2341 Are you sure of it?“ he asks.
357 2323 463 2371 Hhr¬
523 2319 1188 2372 As sure,“ says she, Tas I believe
480 2347 1196 2416 that the reality of one night, and even
376 2383 412 2432 1
470 2399 1203 2460 the reality of a life, does not express
476 2429 774 2480 its inner truth.“
359 2436 457 2489 beßzt¬
504 2470 1201 2538 And no dream,“ he adds, “is solely
376 2506 668 2557 and a dream.“
495 2544 1187 2608 Schnitzler develops this difficult
368 2575 459 2635 VAlIs'
471 2581 1195 2646 problm and deseribes an #nbelievable
464 2633 1193 2687 episode so convincingly that the read¬
446 2664 1192 2714 Ter cannot help but believe. The plot
462 2697 1193 2753 is laid in Vienna, and one can often
464 2741 1197 2792 recognize houses in which the episodes
448 2775 1191 2836 take place. Schnitzler is a Viennese,
451 2817 1194 2872 and knows and understands Vienna
455 2860 1194 2914 better than anyone else does, He loves
412 2885 1192 2959 7Mthe old buildings, the narrow streets,
357 2934 1187 2982 gcodithe famous“ Prater“; he loves the peo¬
343 2968 1187 3025 andple of Vienna, he knows their customs
349 2992 434 3040 1, hi
461 3000 1188 3072 and habits, and he knows how to por¬
347 3027 472 3086 ings.
470 3043 895 3105 tray them masterfully.
347 3061 469 3111 weck)
685 3071 1158 3142 HIENRT J. WERNER.
364 3102 469 3148 that
344 3139 464 3182 hile,
492 3155 1190 3224 The Literary Review published ev¬
350 3176 466 3220 cago
345 3209 461 3259 tock¬
470 3214 1200 3277 ery Friday in-The Chicago Evening
359 3246 455 3305 with
465 3247 820 3316 Post, 31.35 s vear
468 3307 964 3431 GAS
430 3385 1253 3505 A. Kx
1244 35 1605 126 box 5/7
1817 445 1943 501 204
2579 416 2990 528 TIIE NEN
1799 547 2973 614 was more real, his reality or her dream? The next day, de
1796 606 2967 685 termined to be untrue to her, he sees, or tries to see these
1814 659 2970 707 women again. And here we come upon the heart ofethe
1809 715 2972 773 story, upon a strangeness new even for Schnitzler, the way
1813 758 2965 818 in which Albertina’s infidelity, in a dream, makes Fridolin
1801 816 2973 869 incapable of being unfaithful to her in fact. Each time that
1814 861 2971 916 he fails there is another, a commonplace explanation, but
1802 906 2976 964 the true explanation is his wife's dream. Perhaps—who
1804 961 2975 1007 can say ?—her drcam is the reason why he never secs the
1803 996 2969 1071 fourth woman again, the unattainable woman, alive?
1805 1057 2980 1109 Dream and reality—but there is, after all, a kind of reality
1815 1110 2973 1176 we do not question, or confuse with dream, and the story
1805 1173 2968 1225 ends on this note:'So they lay silently, dozing a little,
1808 1215 2978 1275 dreamlessly, close to one another—until, as on every morn¬
1811 1259 2971 1321 ing at seven, there was a knock on the door; and, withthe
1810 1324 2979 1383 usual noises from the strect, a victorious ray of light
1800 1357 2975 1413 through the opening of the curtain, and the clear laughter
1806 1413 2758 1477 of a child through the door, the new day began.?
1856 1464 2969 1517 My objections to“ Rhapsody'’ are naturally to those
1800 1507 2972 1568 places in it which lessen my pleasure while reading. The
1809 1569 2970 1636 love-and-hate mixture, as dear to Schnitzler as to Barrie
1810 1618 2976 1680 his laughter-and-tears mixture, is rather explicit. When
1812 1661 2965 1733 Schnitzler tells me that love and hate are the same thing, I
1805 1713 2968 1771 expect the share of representation to be large, of assertion
1815 1778 2966 1836 to be small. And I do not like the secret gathering in
1807 1828 2982 1880 which the masked nud onc of many masked nudes, saves
1812 1868 2980 1936 the unbidden guest’s life at great cost to herself. That
1799 1925 2976 1987 Sudermann, had he imagined this scene, would have liked
1808 1977 2964 2029 it, may not matter. But, to me, my feeling that Suder¬
1807 2024 2975 2079 mann could have imagined it matters a good deal. Or is
1805 2080 2982 2130 this merely a way of confessing that the American reader,
1806 2123 2886 2199 that heavy object, is sometimes heavier than he thinks?
2772 2174 2932 2231 P. L.
2142 2293 2641 2392 Three Poets
1851 2377 2965 2453 The Guilty Sun, by Jumes Daly. Pittsburgh: Folio
1800 2448 2276 2520 Press. 41 pages. 52.
1849 2494 2978 2559 Selected Poems. With a Preface on the Nature of
1804 2546 2978 2616 Poetry, by Arthur Davison Ficke. Neu York: George
1797 2601 2574 2669 H. Doran Companp. 241 pages. 52.
1877 2655 2976 2710 7 P. M. and Other Poems, by Mark Van Doren. Neu¬
1811 2699 2863 2763 York: Albert and Charles Boni. 89 pages. 61.75.
1917 2748 2978 2829 VHE GUILTY SUN“ is a first book of poems, but
1852 2816 2975 2892 4the clear, stripped form and the native ring of the
1802 2870 2967 2934 music are the work of a poct who has already passed his
1809 2939 2966 2985 apprenticeship. There are less than thirty poems in the
1815 2971 2958 3029 book, and some of these are slight, but even the most frag¬
1800 3018 2973 3101 mentary have a purity which makes them hard to forget.
1814 3082 2812 3150 The following, for example, is a complete poem:
1894 3157 2652 3240 Vour words will be for no other ear
1889 3223 2568 3292 Upon the earth, but your words
1896 3274 2374 3337 Will never be lonely.
1892 3317 2555 3374 Come, and name the blackbirds
1893 3365 2516 3412 Once more, and cry to me:
1899 3400 2767 3482 Vou name the nimblest of the pale deer!“
1803 3494 2971 3569 The simplicity of this defies analysis. It-is as sure and
1811 3545 2976 3610 complete as any other living thing. Its exquisite lightness
1811 3600 2975 3645 of mood, however, is not typical of the whole volume.
1807 3661 2973 3709 In other poems, more difficult than the above, the reader
1803 3700 2968 3751 will find emerging an intensity which is essentially of the
1797 3753 2981 3800 mind. It is the hard, sensitive passion offan ardent mind
1810 3800 2975 3864 struggling with its own consciousness, lonely and frequently
1809 3856 2971 3915 close to the terror which the realizationof-solitude-###
1810 3899 2995 3980 ## t V. 1 etinet from that of anyone else
