3296 4320
450 105 905 181 Traumnove
1186 113 1560 214 box 5/7
238 105 1046 242 33. L nzle
1153 483 1256 576 —
603 491 740 576 F 4
1246 495 3168 569 NEW YORK EVENING POST LITERARY REVIEW, APRIL 2, 1927.
1137 662 1259 739 39
2769 685 2910 784 „ 4
1226 707 2780 817 29 Struggles Jor the Ahine
633 670 1236 819 Rhapsody
2935 650 3307 810 Pheasa
1408 853 2227 939 cowardice, he asks himself?—prevents
2228 855 3035 947 the Fatherland, an altar of patriotism
3041 864 3305 946 could not re
632 889 1358 990 Dream Infidelity Is
1416 923 2220 985 his taking the final step. Each of these
2232 931 3039 983 over which has been poured the sacri¬
1417 974 2224 1024 adventures is more fantastic than the
2234 977 3041 1031 ficial blood of untold Teutons since the
3042 978 3299 1040 Stegemann s
1412 1018 2223 1083 last. Everything is real, everything is
625 976 1383 1092 Schnitzler's Theme in
2227 1020 3046 1085 dawn of history in Northern Europe.
3044 1018 3300 1084 be read wit
1407 1062 2231 1124 preternaturally vivid—so much so, in
2235 1067 3042 1137 But the Rhine is more than a symbol.
3034 1069 3306 1131 be remembe
1414 1108 2216 1164 fact, that by degrees one begins to won¬
633 1086 1369 1181 A Charming Novelette
2227 1113 3034 1171 Its terraced vineyards, its millions of
3039 1112 3305 1181 single episo
1422 1146 2220 1199 der if all this is not merely a kind of.
2231 1159 3026 1221 tons of freight, its coal and iron, make
3047 1163 3306 1222 plex invaria
633 1161 1376 1231 RHAPSODY. A DREAM NOVEL. By
1415 1197 2229 1255 hypnogogic vision. It is here that Schnitz¬
2225 1210 3032 1260 it and its valley a vast corridor of eco¬
617 1213 1374 1282 Arthur Schniteler. Simon & Schuster.
3044 1204 3306 1271 nifying that
1419 1238 2231 1306 ler’s deep psychological insight stands
633 1251 776 1311 81.50.
2228 1248 3044 1314 nomic riches, without which the rest of
3046 1257 3295 1315 treatment of
1417 1281 2219 1342 him most in stead. He weaves into this
2227 1300 3036 1376 Germany would sink to the level of a
726 1289 1317 1377 Reviewed by Conrad Ailen
3047 1298 3296 1359 eiting, but t
1426 1336 2223 1390 series of queer events (all of which are
2228 1338 2624 1407 petty Baltic state.
3036 1345 3296 1413 book—that
839 1349 1399 1423 IN HIS La Vida es Sucho,
1418 1379 2220 1441 seen from Fridolin’s viewpoint, as part
2265 1367 3034 1445 Hermann Stegemann has written a
3040 1393 3303 1457 from Cesar
868 1402 1407 1460 Calderon conducted, in
1419 1421 2221 1490 of his “stream of consciousness'') a chain
2220 1432 3036 1500 history of the wars between the inhabi¬
3044 1439 3308 1502 almost solel
861 1441 1409 1500 dramatie form, a psycho¬
1407 1465 2214 1529 of psychological determinants, or leit¬
2233 1489 3037 1549 tants of Germany and their Western
856 1483 1411 1553 logical experiment which
3042 1487 3296 1549 rivalry for
1420 1515 2220 1566 motifs, which are beautifully calculated
2231 1537 3041 1594 neighbors in terms of a desire for the
3045 1534 3297 1608 tion of an ol
870 1536 1408 1596 was as modern as Freud
1416 1563 2216 1633 to give one the feeling that all this is
2218 1572 3039 1643 possession of the Rhine. To France the
869 1575 1405 1644 or Pirandello. His hero,
1418 1599 1770 1668 simply a dream.
2221 1617 3032 1683 land west of the Rhine has long been a
592 1611 1403 1682 a beggar, was put to sleep, and while
3041 1599 3293 1727 Willian
2220 1667 3031 1732 tempting prize. If she could push her
597 1675 1404 1734 asleep was dressed in the robes of the
1416 1677 2214 1772 FHIS odd way in which the same motif
2225 1705 3035 1775 frontier to the river’s left bank she
597 1717 1397 1771 king and seated upon the royal throne.
1486 1747 2213 1818 or symbol is always reappearing,
3048 1710 3305 1831 Of As
594 1761 1400 1821 Waked, and finding himself in this singu¬
2223 1756 3030 1821 would vastly increase her wealth and
1418 1794 3027 1886 but always a little altered or dislocated—-, make herself strategically almost im¬
584 1812 1405 1867 lar position, and assured of the reality
3074 1810 3305 1882 PHSASANT
583 1853 1404 1910 by the self-deposed king and his court
3070 1864 3300 1922 Beebe. Put
600 1908 1400 1951 (who all conspired for a day to keep up
3059 1903 3307 1987 Reviewed by
585 1936 1413 2000 the deception) the beggar was entirely
3188 1974 3307 2044 Robe
588 1985 1407 2039 convinced. He concluded that his whole
1803 2011 2644 2099 Actaeon in Busiess
586 2026 1407 2087 actual existence as a beggar had been
586 2082 1407 2146 merely a dream. And then, upon falling
595 2121 1407 2180 asleep again, being again clad as a beg¬
1541 2102 2530 2195 The table irembled; buds of luster slept
583 2165 1411 2229 gar, and in the morning waking to dis¬
1659 2167 2592 2258 On shifting crustal, and our voices made
585 2212 1406 2278 cover himself once more in rags, he
1669 2241 2529 2313 44 hollow shelter and uncertain shade
589 2247 1405 2313 found himself in a quandary. Which
1558 2277 2560 2363 Where ting beasts of ihoug erenelg crept.
589 2302 1400 2365 was the reality and which was the
594 2336 1411 2418 dream? And at the present moment was
1555 2331 2464 2404 Dur laughter was a barrice that kept
583 2392 1020 2455 he awake or asleep?
1655 2394 2676 2473 Marauders from our gold, and then gou laid
638 2416 1409 2494 Pirandello has treated, in his“ Henry
1664 2451 2668 2532 Your wit against me like a spear and said:
587 2480 1413 2537 IV, a similar theme, and done it with
1565 2494 2429 2584 Actcon in business. I almost wept.
585 2524 1404 2586 extraordinary beauty; and now Arthur
596 2566 1403 2629 Schnitzler has tried his hand at it in
588 2621 1412 2669 the novelette form of which, in "Fraülein
1545 2595 2507 2688 The torn white bodg in the vermeil grot
584 2654 1408 2720 Else, he has already shown himself to
1661 2662 2637 2751 Made Harlequin with lozenges of blood.
595 2712 1404 2768 be so admirably a master. His“ Rhap¬
1560 2699 2297 2798 I had forgotten it. I had forgot
592 2757 1404 2811 sody'' is in some respects the most ex¬
1665 2767 2716 2847 The moving beam, ihe milkg, wandering flood
595 2797 1402 2852 quisite thing he has done. If it lacks
1553 2823 2539 2907 And the cold stars and beauty standing bare
598 2833 1403 2892 the tragic force and sharply defined psy¬
587 2882 1411 2947 chological determinism of" Fraülein
1545 2893 2829 2971 When nour swift thoughts like hounds leaped on me ihere.
583 2933 1402 2989 Else'’—which had a certain dramatie
590 2970 1408 3039 advantage in its unity, in the singleness
2304 2958 2729 3057 Herbert Gorman.
589 3014 1399 3083 of the narrative thread—it more than
596 3073 1410 3119 compensates for this in its greater poetic
583 3106 1409 3173 Treedom and fullness. If one reads it
1404 3132 2218 3215 and the way in which the event is a sort
588 3149 1400 3203 simply as a story, one finds in it all the
2220 3137 3022 3214 pregnable against all Central and East¬
592 3200 1401 3268 elusive beauty and imaginative logic of
1414 3196 2221 3263 of modified or exaggerated version of
2226 3212 3036 3268 ern Europe. There is no doubt that
3037 3229 3307 3306 We rarely fi
596 3237 1398 3307 a fairy tale. It has, too, a great deal
1408 3233 2215 3308 the preceding event—these devices are
2225 3258 3028 3313 Cesar in Gaul, Charlemagne, Louis XIV,
591 3288 1405 3355 of the fairy tale’s hallucinatory vivid¬
1412 3295 2219 3343 used with great poetic skill to bring the
3028 3290 3306 3352 sonal detach
2226 3295 3024 3371 the two Napoleons, all appreciated the
592 3330 1401 3392 ness: it combines, as the fairy tale does,
3039 3337 3296 3395 win, Wallace
1409 3335 2218 3401 tone of the realism as close as possible
2222 3349 2909 3407 importance of the ancient river.
586 3391 1400 3446 and as poetry does, the palpable and the
1406 3385 2222 3442 to the tone of a dream. It is almost with
3022 3375 3307 3443 traveling nat
2244 3383 3016 3473 The interesting story which Herr
586 3424 1395 3492 impalpable, the tangible and the intan¬
3025 3427 3293 3490 Scarcely a pa
1408 3434 2210 3494 a sense of shock that one finally ac¬
2213 3433 3010 3504 Stegemann tells is, through over¬
593 3471 754 3544 gible.
3029 3473 3302 3527 the first pers
1416 3470 2199 3519 companies Fridolin home again in
2210 3490 3029 3547 simplification, unfortunately made less
3037 3509 3295 3577 thinks, hower
636 3486 1398 3570 The surface of the stream, that is, is
1406 3518 2213 3579 the morning, and sees him wake his
2220 3545 3023 3601 convincing than it might have been. It
584 3546 1400 3613 astonishingly real, crowded with images
3024 3564 3307 3623 esting and h
1411 3568 2206 3627 wife from a nightmare. Andthen, when
2217 3588 3021 3662 is Herr Stegemann’s thesis that“if a
592 3601 1394 3661 of light and sound and texture, every¬
3029 3608 3305 3662 vironment an
1413 3604 2212 3665 Albertina, hesitating, tells him her dream
2207 3634 3014 3702 nation at one and the same time pos¬
590 3646 1394 3704 where apprehensible by the senses, every¬
3018 3651 3305 3714 pening to hi
1406 3650 2208 3717 —a really magnificent dream in which
2210 3667 3020 3737 sesses the Seine and the Rhone and con¬
598 3696 1400 3743 where burningly and delicionsly immedi¬
3024 3694 3299 3754 depressing, o
1403 3696 2198 3762 she too has triumphantly played the part
2220 3718 3018 3789 trols the Rhine, it is ipso facto able to
595 3738 1390 3797 ate; but the stream itself, the theme,
3028 3739 3306 3799 threat of dea
1408 3740 2203 3805 of a betrayer—the effect of delicious am¬
2217 3769 3014 3840 dominate Europe.“ Certainly Germany
585 3778 1401 3839 the meaning, the essence, is perpetually
3035 3787 3294 3846 serpents, are
1399 3791 2205 3843 biguity is enhanced threefold. Is it pos¬
2214 3816 3014 3883 without the Rhine could never do so.
588 3820 1397 3893 escaping one’s grasp, slipping into an¬
3029 3826 3307 3894 compel the
1408 3841 2203 3893 sible to say that Albertina’s dream is any
2208 3861 3027 3927 But how far beyond this does the thesis
593 3871 1391 3940 other dimension, or evaporating under
3026 3878 3307 3932 Likewise the
1406 3886 2198 3938 less real than Fridolin’s adventure? Is
2218 3907 3018 3974 hold? Philip of Spain held the mouth
588 3917 1385 3982 one’s hand, exactly as "being' itself es¬
3027 3916 3305 3979 in or projects
1404 3927 2201 3979 her betrayal of him, as a wish-fulfillment
2216 3957 3027 4006 of the river and dominated Europe.
592 3970 1387 4016 capes from analysis or as consciousness
3025 3969 3305 4023 other Orienta
1408 3976 2215 4033 in sleep, any less a betrayal than his
2212 4007 3014 4059 But Holland controls it today and does
589 4014 1310 4072 dissolves when scrutinized by itself.
3030 4008 3303 4068 contaet, conv
1398 4021 2203 4078 actual, though abortive, attempts to be¬
2209 4051 3018 4104 not dominate. England after Trafalgar
3030 4055 3305 4117 sympathy a
1409 4065 1718 4128 tray her?
2206 4096 3008 4135 dominated through her navy, without
3027 4102 3305 4154 usually entel
