3296 4320
474 169 1027 249 Traumnovelle
1183 176 1567 283 box 5/7
252 174 1050 295 33. 11
612 865 1286 967 Dr. Max Goldschmidt
630 937 1267 1024 Büro für Zeitungsausschnitte
440 1008 733 1077 BERLIN N4
983 1015 1430 1088 Teleion: Norden 3051
765 1112 1113 1185 Ausschnitt aus:
570 1151 1330 1257 Vossische Zeitung, Berlin
781 1297 1204 1397 13. Juni 1926
429 1463 1594 1566 Neue Novellen von Schnitzler
461 1542 1601 1636 Die Fraudes Richters — Traumnovelle.
443 1623 1610 1704 Die Form der Novelle wird nur da erfüllt, wo ein naives
399 1689 1620 1754 Erzählertalent sich der schicsalhaften Führung einer Fabel ler¬
409 1727 1615 1799 läßt. Je mehr ein Schriftsteller um diese Form kämpft, vesto
400 1768 1616 1819 problematischer scheint sie ihm zu werden. Auch Schnitzler ist ein
401 1812 1617 1875 Prahlematiker dieser Form gedlieben, sooft er sich um sie bemüht
409 1868 1608 1917 hat. Nach dem Monolognovellenexperiment von „Fräulein Else“
409 1905 1616 1956 kehrt er in der „Frau des Richters“ (Propyläenverlag,
398 1948 1616 2011 Berlin) zu objektiverer Erzählung zurück. Nicht mehr entsteht
397 1999 1627 2045 die Welt aus einem Gehirn, der Erzähler verteilt sich in die
407 2032 1616 2087 einzelnen Gestalten, baut eine Ansicht von vielen Augen aus auf,
411 2084 1621 2135 freilich auch hier wieder die einer Frau mit optischer Verschärfung
411 2114 1629 2176 vorschiebend. Es ist Schnitzler nicht gegeben, wie ein unbe¬
409 2151 1626 2212 wegter Goit über seinen Gestalten und ihren Schicksalen zu
404 2201 1611 2262 thronen; er muß Partei ergreifen; er muß Recht und Unrecht,
409 2256 1622 2309 Schuld und Sühne verteilen. In der „Frau des Richters“ ruht
402 2287 1617 2342 sein Glauben sichtbarlich auf dieser Frau, die über ihren schwäch¬
400 2336 1623 2385 lichen Mann hinweg den Weg zur Selbstbestimmung findet.
397 2377 1619 2432 Historisch angesiedelt, atmet die Erzählung dichte Atmosphäre:
411 2424 1626 2472 ein Stück Prosa, schön gebosselt und verziert, flußreich und haftend
410 2457 1616 2523 mit der Gestalt dieser Frau und dem Fatalismus dieser Ehe,
411 2504 1342 2562 mit der der Despotismus eines Souveräns spielt.
445 2545 1604 2606 Fast scheint es, als ob Schnitzler in der „Traumnovelle“
408 2591 1624 2652 (S. Fischer, Berlin) ein Gegenstück zu diesem Ablauf formen
400 2623 1623 2690 wollte. Endet jene in die Freiheit und Bürgerlichkeit einer inner¬
410 2678 1627 2734 lich zerschlissenen, äußerlich aber weiterbestehenden Ehe, so läuft
408 2719 1614 2778 diese „Traumnovelle“ den umgekehrten Weg aus der Abenteuer¬
413 2767 1617 2809 lichkeit einer problematisch gewordenen Ehe in die Ordnung und
409 2804 1620 2855 Zucht erneuter Gemeinschaft der Ehegatten zurück. Hier wird
417 2849 1624 2900 wieder betonter von einer Figur aus das Schicksal gesehen,
414 2896 1613 2941 von einem Arzt, der, fünfundbreißigjährig, Vater eines Kindes,
410 2939 1621 2995 nach einem Beichtgespräch mit seiner Frau, plötzlich die Sehnsucht
413 2988 1627 3014 nach Abenteuer in sich aufwühlen spürt. Das Schönste dieser
405 3021 1621 3075 Novelle, die später vor Kraßheiten der Substanz nicht haltmacht,
413 3064 1619 3109 ist die Einleitung, die Formung der erotischen Stimmung zwischen
404 3096 1620 3146 den beiden Gatten. Diese subtile Schwebung geht leider im Ver¬
404 3148 1625 3196 lauf des Berichtes verloren, nicht zuletzt wohl wiederum dadurch,
404 3188 1620 3246 daß der Dichter kein Gleichgewicht zwischen dem Geschick der Frau
409 3247 1618 3294 und dem des Mannes zu schaffen versteht, vielmehr ihn ganz in
412 3278 1625 3331 den Vordergrund drängt. Es ist dieser Mann eine alte
410 3324 1621 3385 Schnitzlerfigur, ein Arzt, gewöhnt, sozusagen hygienisch zu denken
416 3371 1625 3422 und zu fühlen, in aller Abenteuersehnsucht gehemmt durch die
416 3406 1620 3453 Angst vor der Spaltung seines Ichs, die sich in ihm zu voll¬
408 3450 1629 3506 ziehen droht, und vor der er in die sichere Situation der Ehe
424 3490 1623 3545 heimkehrt. Die Frau hleibt mit einem Traum außerhalb des
420 3535 1623 3584 Geschehens, ungedeutet und undeutbar. Aber vielleicht war dies
419 3574 1616 3654 der Sinn, den der Dichter ohne direkte Hinweise aussagen wollte.
2330 734 3302 807 Memland so recht weiß, was P#udski angen
3155 852 3299 919 Ballf
3162 908 3303 963 mand
2386 856 2916 993 Feutaeton.
2112 929 2191 1021 J
3159 950 3289 1012 rinnt
3158 994 3290 1054 Rom¬
3173 1046 3302 1105 dieses
2015 1043 2181 1163 0
2261 1052 3100 1164 Traumnovelle. 200
3173 1094 3293 1153 2# wa
3160 1136 3295 1190 kraß.
2199 1125 2940 1232 Artur Schnitzlers neues Buch.?)
3154 1167 3303 1237 verkli
2035 1210 3303 1284 Fridolin, ein angesehener Wiener Arzt mit Mask
1948 1259 3302 1323 blühender Praxis, und Albertine, seine junge Frau, dafür
1938 1314 3294 1376 leben in gutbürgerlicher, unanfechtbarer Ehe; sie haben die ei
1945 1372 3302 1427 ein reizendes Kind. Sie sind also „glücklich“. Neben Denn
1943 1413 3150 1478 diesem ihrem konkreten Dasein läuft nun ein zweites,
3166 1420 3302 1478 Zwie
1947 1465 3156 1519 dunkel schattiertes, von aufregenden Visionen erfülltes:
3158 1469 3301 1521 ihm
3166 1511 3303 1568 letzten
1945 1508 3156 1567 das Traumleben mit seinen romantischen Abenteuern,
1945 1563 3151 1614 mit seinen verwirrenden Ungeheuerlichkeiten, ein buntes
3158 1560 3291 1613 Wein
1945 1594 3297 1659 Mosaik, geflickt aus jenen Stofsen, die der Tag un= Liebh
1939 1645 3303 1704 angetastet ließ. Verdrängte Erotik, sadistische Anwand= ange
1948 1696 3302 1751 lungen, Inzestwünsche. Die grauenhafte Rückseite einer von
1937 1739 3170 1803 nach außen blankpolierten Menschlichkeit. Unverschuldet,
1950 1786 3294 1844 und dennoch belastend; verzeihlich, aber irritierend. Ams sich di
1944 1835 3299 1906 Abend nach einer gemeinsam besuchten Redoute sprechen und b
1952 1871 3296 1944 sich die Gatten gegenseitig aus. Sonderbare Ve= harts
1945 1927 3167 1987 gegnungen rütteln in beiden Menschen längst ver¬
3163 1933 3293 1993 seine
1949 1977 3302 2044 flossene Ereignisse wach, die man tot und über= sonde
1949 2019 2357 2087 wunden glaubte.
3167 2027 3291 2092 aber
2048 2071 3293 2144 Aber siehe da, sie leben, sie glimmen weiter unter Baro#
1946 2096 3304 2184 der Asche der Vergangenheit, traumhaft und seltsam fort -
1938 2163 3299 2236 lockend. Nur Gedankensünde! Und dennoch stark genug, Besuc
1945 2212 3279 2262 um in Fridolin, dem Unruhigeren, wohl auch Dekaden= des
1942 2264 3296 2325 teren, ein furchtbares seelisches Chaos herbeizuführen. sicher
1934 2306 3295 2364 Ein seltsamer Zug von gespenstigen, unheimlichen Er= Alber
1946 2351 3295 2431 lebnissen drängt sich in eine einzige Nacht zusammen, Trau
1938 2409 3303 2470 für den Zuseher bald nicht mehr zu unterscheiden von ein
1943 2453 3301 2519 somnambulen Zuständen: Fridolins ärztliche Visite bei müsse
1939 2503 3160 2557 dem mittlerweile verstorbenen Hofrat in der Schrey¬
3169 2509 3294 2571 Existe
1935 2543 3159 2598 vogelgasse, dessen blonde, längst verlobte Tochter plötz¬
2404 2586 2437 2609 7
2449 2589 2519 2622 180
1936 2585 3156 2649 lich dem Doktor zu Futen liegt, eine rätselhaft plato¬
1948 2631 3160 2705 nische Stunde bei einer Prostituierten in der dunkelsten
3169 2632 3299 2710 abzust
1950 2680 3303 2753 Josefstadt, eine dämmerig=halbbewußte Kaffeehaus= hebt
1939 2724 3302 2804 sitzung in einem Seitengäßchen, mit Nachtigall, dem Wisse
1944 2769 3295 2863 tschechischen Barpianisten, den eine geheimnisvolle Ver= zeuge
1948 2819 3302 2881 pflichtung für den Rest der Nacht in eine Villa im dem
1943 2857 3037 2930 Liebhartstal entführt. Abenteuer, seid ihr wach?
3149 2869 3298 2951 durch
2047 2916 3304 2984 Fridolin drängt sich dem Widerstrebenben auf, und glaub
1948 2960 3294 3029 nun beginnt erst recht ein seltsames Traumleben: der gibt
1949 3008 3303 3085 mitternächtige Besuch beim Maskenverleiher Gibiser mit se
1941 3058 3293 3113 in der Wickenbuggasse, dessen Töchterlein als Piecrette Peer¬
1940 3107 3294 3183 in mystischer Beleuchtung hineinspielt, die grauenhafte Form
1949 3154 3292 3236 Fahrt nach jener Wienerwaldvilla, und das schauerliche Kinde
2074 3201 2184 3248 ——
3151 3217 3288 3271 seele
2042 3234 2648 3326 *) S. Fischers Verlag, Berlin.
3138 3259 3293 3336 Korol
