3296 4320
-19 3417 74 3479 beg
-19 3592 71 3650 at
-2 3638 66 3695 irin
-13 3675 79 3739 vie
-18 3729 77 3801 che
-3 1657 66 1710 na
520 77 1061 156 Traunnovelle
1254 82 1383 178 bo
287 76 528 188 33.
509 106 1081 210 Frauhnevelle
207 803 435 887 orden 3051
493 1296 3284 1371 Trauer über die „ungelebien Dinge“ die als! legter Handlungen wird vorgenommen, bei= ragt der Traum in die Helle des Tages, unver¬
497 1331 1428 1411 stechender Wahrtraum aus dem Unterbewußten
1419 1363 2356 1432 spielsweise ein nachts entliehenes Masken¬
167 1333 485 1446 Fraum¬
2346 1364 3311 1450 letzlich wie das Licht selbst. Vor diesem Aspekt
500 1395 1423 1464 heraufschlägt, das Zwielicht von Sein und
1416 1409 2343 1474 kostüm zurückgebracht, ein rätselvolles Ballhaus,
2346 1406 3297 1483 scheint dann der Austrag der Erzählung, das
508 1435 1421 1501 Schein, den Spiegel, die Mask: Aber diese
1422 1450 2349 1506 in das Fridolin unter abenteuerlichen Um¬
2352 1454 3286 1502 Schwinden der Dämonen und Fridolins Rück¬
501 1467 1403 1542 Elemente sind nichts einzelnes, sie fließen, in
1429 1492 2342 1559 ständen geraten war, neu aufgesucht. Der
2346 1492 3273 1567 kehr in das, wenn auch ein wenig skeptisch um¬
504 1514 1428 1578 der Grelle des Traums in eins, verwandeln
1417 1538 2343 1606 Leichnam einer unbekannten Selbstmörderin,
2339 1536 3283 1602 zäunte, Eheglück zu gering, auch zu reflektiert
508 1576 1421 1631 sich ineinander, scheinen in ihr auf geheimnis¬
1420 1580 2353 1646 in der er, grundlos scheinbar, die fremde, auf¬
2342 1588 3283 1658 und erwoogen. So hoch die symbolische Beziehung
511 1624 1424 1686 volle Weise bewegt und geschichtet. So daß die
1416 1632 2343 1678 regende Frau vermutet, die sich in jenem ver¬
2341 1630 3268 1694 einzuschätzen ist, wonach — offensichtlich — der
212 1640 505 1725 rzählung von
503 1657 1426 1733 Spannung, die unter dem Druck der vor uns
1419 1672 2342 1727 wunschenen Hause zum Opfer angeboten, um
2340 1678 3288 1744 Tod jener Selbstmörderin, wer immer sie auch
214 1695 504 1768 nüchtern ge¬
501 1693 1428 1773 wechselnden Bilder und Traumphaniome ent¬
1418 1718 2348 1780 ihn, den Eindringling, aus drohender Gefahr
2348 1709 3275 1786 gewesen sei, den Sinn eines Selbstopfers be¬
190 1739 497 1812 ekrise. Fride¬
495 1760 1415 1816 steht und scheinbar durch nichts als sie hervor¬
1417 1755 2344 1824 freizukaufen, wird identifiziert — als wer?
2345 1767 3285 1829 hält, durch das Fridolin von den Fiebern be¬
195 1792 481 1857 Albertine, in
491 1802 1425 1868 gerufen wird, in Wahrheit unaufhörlich auf
1426 1805 2339 1864 Wir sehen nicht mehr, als daß diese, daß alle
2347 1814 3274 1863 freit wird so verläuft doch diese mehr noch
194 1833 467 1901 igher der Zu¬
503 1842 1430 1899 das Dubiose, Tückische und Gefährdete unserer
1426 1851 2343 1909 reale Bewegung in der Novelle auf eine Mauer
2349 1863 3276 1921 metaphysische als psychologische Erlösung ohne
217 1870 497 1950 mehr sicher,
505 1888 1429 1946 Existenz überhaupt gewendet bleibt, auf das
1423 1889 2346 1965 oder ein Gitter zuzulaufen scheint, dahinter die
2337 1909 3271 1964 höhere reale Konseauenz. Das Charakteristische
198 1924 496 1998 chen sich eins
497 1937 1424 1999 Richterliche und Entscheidende, das sich uns
1419 1948 2339 2003 Welt erloschen liegt. Aber die Vorgänge sind
2340 1949 3260 2014 dieses zaubervollen Werkes Schnitzlers aber ist,
210 1954 507 2039 ieder ihm zu¬
489 1980 1416 2047 unter dem Vorwand des Erlebnisses darbietet
1413 1974 2340 2042 nur durch den Tag, durch die harte Genauig¬
2342 1991 3269 2047 daß es nicht von der Reflektion, sondern von
192 2013 1429 2088 ölungen und Fridolin erlebt (dies ist der erste Hauptteil
1414 2029 2338 2088 Lit, mit der sie gezeichnet werden, so sehr ins
2341 2038 3265 2103 frei wachsender Phantasie und — im Sach¬
232 2056 505 2126 fes entledigt¬
490 2058 1413 2121 der Erzählung), im kritischen Augenblick von
1422 2073 2349 2128 Wirkliche gegründet, daß das letzte an bloßer
2340 2075 3273 2153 lichen — dem enormen Wissen des Dichters, in
234 2100 506 2176 Geföhrdung
500 2113 1427 2175 Hause fliehend, in einer magischen Nacht, auf
1419 2124 3276 2173 Traumseligkeit, Traumlust verschwindet. Wie die motorischen und raumverändernden Metho¬
224 2141 507 2227 braucht aber
505 2161 1363 2227 Straßen und verschollenen Häusern, i
1427 2178 3029 2252 sein stehengebliebenes, phantastisches Gemäuer den des Traums eingeleitet wird.
238 2187 504 2263 daß eine
497 2208 1469 2281 fieberhaften Gestalten und Situationen, den |f
2320 2216 2451 2292 ——
239 2240 498 2300 ch an den
494 2241 1424 2310 hantastischen Tanz seiner abgetanen, aus der
200 2278 500 2349 schen Wirklich¬
500 2281 1427 2360 Finsternis herandrängenden Wünsche. Sie
226 2331 281 2383 elr
336 2325 512 2394 rnicht
494 2326 1435 2393 bleiben auch in dem Nachtraum, in den er
358 2365 511 2449 arigs,
498 2372 1428 2444 sich gezogen fühlt, unausgekostet, unbegreiseich
499 2421 1432 2493 und bloße Verlockung, denn sie sind zugleich die
387 2469 498 2532 ung
495 2469 1429 2534 feindlichen Phantasmen, die Fridolins Liebe zu
507 2509 1430 2583 Albertine umlagern. Aber wir fühlen nicht nur
378 2554 495 2617 hkeitz
507 2563 1424 2635 sie, sondern auch dies: wie sie sich an einem
375 2607 490 2661 und
500 2599 1430 2663 äußersten Rande, weit draußen, bewegen, wo
344 2641 504 2703 von
489 2646 1426 2719 die Luft dünn, der leere Raum nahe ist, wie
224 2695 497 2749 n das Wirk¬
485 2686 1429 2766 von dorther, obwohl das Unfaßliche überall auf
217 2733 497 2803 eschieht nicht,
495 2750 1432 2805 eine unbezweifelbare, man möchte sagen: ge¬
231 2783 490 2852 Feld geführt,
499 2773 1426 2841 bieterische Art plausibel bleibt, eine Ferne her¬
224 2822 499 2888 trastiert, das
495 2827 1422 2898 überweht, die uns in ihre Schauer hineinzieht.
239 2866 498 2933 keptisch oder
561 2885 1429 2941 Am frühen Morgen kehrt Fridolin nach
223 2905 496 2979 ingungsloser
496 2920 1430 2997 Hause zurück. Er findet Albertine in einem
199 2956 492 3022 kennt Schnitz¬
492 2979 1423 3035 Zustande seltsamer Verrückung und erschrickt
204 3009 494 3069 mes, er schläg:
489 3007 1434 3089 vor der Erzählung eines Traumes, den sie
199 3049 502 3108 umhüllt von
499 3062 1423 3126 geträumt, der, wie ein Gegenbild zu seinem
210 3099 499 3156 st erstaunlich,
495 3098 1429 3173 Nachtabenteuer und doch diesem sonderbar ver¬
194 3136 491 3202 dem sie dient.
491 3153 1429 3216 schmistert, seine Empfindung für Albertine in
200 3181 496 3240 nnovelle“ die
498 3199 1446 3259 eine veränderte Verwirrung stürzt. Hier setzt
197 3225 501 3288 redienzen ver¬
490 3229 1434 3308 der zweite Hauptteil der Novelle ein. Neuerlich
189 3261 497 3354 Enitzlersche be¬
492 3296 1430 3357 flieht Fridolin, aber es ist Tag. Und fahler
243 3321 491 3387 von ganz
496 3334 1426 3401 noch, unbegreiflicher scheint es, wie er nun auf
202 3359 492 3425 iertheit ange¬
500 3366 1431 3432 lärmenden Straßen, in den Stadtteilen von
199 3408 496 3463 gen von „ver¬
490 3423 1428 3475 Wien, seine nächtlichen Erlebnisse fortsetzt und
191 3458 503 3516 in ärztlichen
490 3459 1424 3531 sozusagen liquidiert: die Häuser, die er nachts
197 3498 495 3566 schaftlich und
489 3506 1416 3588 besucht hatte, stehen noch an ihrem Orte, die
180 3531 498 3612 trauen über¬
490 3548 1413 3602 Spukfigurinen sind am Tage so hieb= und
189 3575 510 3655 r Gefahr, die
488 3601 1415 3656 stichfest wie in den Fiebern der Nacht. Eine
469 3638 1430 3725 Anzahl scheinbar rüchterner, detektivisch über¬
194 3650 342 3715 Berlin.
