3296 4320
257 45 444 151 33.
473 48 1050 123 Traumnovelle
1184 51 1565 148 box 5/7
437 97 1049 180 T GEEUSII
651 617 842 711 ertelöst.
1124 620 1361 714 u . risch
1768 660 3305 754 seints unterschaßen, wour ma ihne Anterster, er hüdei fersstäntdiden Ha
603 676 1781 746 klar erkennen, daß die ungarische Ausdeh¬
1781 720 2955 792 den Frieden nur um des Friedens willen geschaffen. Das
2947 739 3301 802 Kategorie zu de
592 728 1774 808 nungspolitik eines Jahrtausends durch
1774 770 2950 818 Gegenteil ist richtig. Der soziale Friede ist für ihn ledig¬
2953 781 3300 857 auch nur bezahlt
599 784 1778 862 die Notwendigkeit bestimmt worden ist,
1776 810 2952 882 lich eine politische Waffe im Kampf um die Staatsauto¬
3028 835 3310 919 Sämtliche G
1765 849 2941 940 kratie. Mit dem diktierten Friedensvertrag hat er die sich
2948 875 3308 952 Vorschriften an
602 887 1772 972 Seite eines Liebhobers-ruhig zusah, als man ihren Gatten
1773 902 2943 967 bisher bekriegenden Kräfte der Arbeitnehmer und Arbeit¬
2938 937 3307 998 gewalt einzureich
590 939 831 1015 kreuzigte!
1765 958 2938 1022 geber zwar gegeneinander ausgeglichen, sie aber gleich¬
2947 982 3299 1048 oder Auflösunge
683 980 1774 1059 Mit psychologischer Meisterschaft enthüllt Schnitzler
1771 999 2935 1065 zeitig doppelt dienstbar gemacht für den Staat. Bisher
2943 1028 3301 1100 höheren Grades
590 1046 1766 1096 vor uns zwei Seelen. Er läßt uns in zwei Menschen von
1772 1056 1896 1108 zog —
1914 1061 2941 1118 wie noch in allen anderen Ländern — das eine
2941 1078 3303 1141 bilden juristische
593 1095 1761 1154 heute schauen, die, frei von der prüden Verlogenheit
1768 1102 2944 1171 Pferd hü, das andere hott, jetzt ziehen sie gemeinsam die
2944 1132 3295 1194 und Konföderati
592 1141 1765 1193 früherer Zeiten, auch in ihrem Eheleben keinerlei Ge¬
1779 1151 2946 1208 Staatsbiga in der Richtung, die ihr Lenker haben will.
2945 1167 3306 1240 wächst die Korp
591 1186 1770 1250 heimnis vor einander haben wollen. Freilich wird man sich
1767 1197 2841 1274 Das ist der tiefere Sinn des neuen Arbeitsgesetzes..
2948 1222 3308 1286 dern ein direktes
584 1236 1777 1300 sagen, daß das Letzte, das Allerletzte auch diese beiden
1848 1246 2934 1311 Betrachten wir zunächst diese Seite, die staats¬
2938 1270 3310 1336 Ihre Vorsitzende
579 1286 1761 1339 modernen Menschen vor einander verschweigen, trotzdem
1766 1281 2940 1358 politische. Geben wir Mussolini selber das Wort. In seiner
2938 1314 3308 1384 abberufen durch
585 1337 1770 1393 sie selbst ihre dunklen Wirklichkeiten und ihre dunklen
1776 1337 2946 1408 Botschaft vom 19. Mai, der Magna charta des neuen
2938 1366 3290 1432 steht ihnen ein
585 1375 1773 1434 Träume vor einander entschleiern. So will uns scheinen,
1775 1380 2180 1452 Italien, heißt es:
2938 1408 3298 1490 gierten der Verbe
588 1432 1782 1491 die eine Lehre der „Traumnovelle“ gipfle darin, daß zwei
1858 1409 2933 1504 „Mit der gesetzlichen Regelung über die Anwendung
2940 1459 3143 1538 gliedert.
597 1472 1773 1546 Menschen, und wären sie auf das innigste verbunden,
1769 1469 2940 1551 des Gewerkschaftsgesetzes ist der korporative
3020 1492 3301 1579 Kollektivver
592 1534 1760 1586 immer noch ein Geheimnis für sich behalten werden.
1772 1533 2936 1585 Staat zur Tatsache geworden. Der weltfremde und
2942 1555 3302 1638 schaften abschließ
588 1564 1761 1628 Nicht die Seele, nicht einmal der Leib ist bis zu den
1770 1578 2931 1635 ohnmächtige demo=liberale Staat ist gewesen. An seiner
2935 1622 3306 1679 Ebenso ein für
585 1615 1772 1673 äußersten, feinsten Aederchen zu erforschen, und Toren
1775 1625 2934 1693 Stelle entstand der faszistische Staat. Zum ersten Male
2934 1657 3308 1731 sucht, sich irgend
593 1667 1766 1729 wären alle, die da wähnen, daß aus Zweien restlos Eins
1778 1671 2937 1737 in der Weltgeschichte verwirklicht eine große, konstruktive
2938 1715 3289 1777 Arbeitsgerichte z
591 1697 1762 1782 werden kann. Die zweite Lehre, die aus der „Traum¬
1766 1712 2940 1790 Revolution wie die unserige auf dem Gebiete der Pro¬
2942 1759 3308 1831 oder =nehmer, set
589 1772 1759 1824 novelle“ abzuschöpfen ist, hat der Dichter selbst aus¬
1767 1771 2940 1840 duktion und Arbeit friedlich die Zusammenfassung aller
2944 1812 3310 1873 Gefängnis bedro
589 1810 1768 1874 gesprochen, als er, die Geständnisse der beiden Gatten ver¬
1761 1821 2934 1883 wirtschaftlichen und geistigen Kräfte der Nation unter
2929 1857 3303 1921 wenn sie aus Tr
579 1847 1770 1930 zeichnend, die Frau sagen läßt: „... Wir müssen dem
1762 1866 2363 1933 einem gemeinsamen Zweck.“
2939 1903 3308 1970 der Arbeitsstätte
585 1904 1770 1969 Schicksal dankbar sein, daß wir aus allen Abenteuern heil
1857 1901 2933 1979 Der neue Staat! Das ist das große Schlagwort.
2938 1953 3310 2016 die Tatsache des
592 1959 1756 2017 davongekommen sind — aus den wirklichen und aus den
1771 1935 2930 2019 Das neue Gesetz macht der noch in den übzigen Staaten
2930 1999 3304 2062 drei Mann gegeb
585 2004 1776 2074 geträumten.“ Da er nun fragt: „Weißt du das auch ganz
1774 2006 2947 2074 herrschenden Ideologie ein Ende. Der Liberalismus
587 2049 1757 2113 gewiß?“, gibt sie ihm die kluge und schöne Antwort: „So
1768 2055 3298 2129 ist — immer nach faszistischer Auffassung — nach drei= aller Art werden
579 2103 1761 2156 gewiß, als ich ahne, daß die Wirklichkeit einer Nacht, ja
1760 2101 3308 2154 hundertjähriger Umbildung von dem faszistischen Ideal Widerstand („we
2933 2151 3302 2210 lassung gemaßreg
575 2141 1778 2219 daß nicht einmal die eines ganzen Menschenlebens zugleich
1761 2159 2931 2218 der Produktionsordnung im starken Staate überwunden
3024 2196 3308 2257 Das Gesetz
581 2197 2933 2257 auch seine imterste Wahrheit bedeutet.“ Er fügt seufzend worden. Rathenau noch meinte, es sei die Wirtschaft, die
2931 2226 3303 2314 Hand Mussolinis
575 2246 2941 2312 hinzu: „Und kein Traum ist völlig Traum . . .“ Jawohl, die Politik mache; Mussolini dagegen kehrt den Satz
2938 2287 3298 2360 durchführen läß
586 2295 2932 2367 der Traum läßt ebensoviel Fragen offen wie die Wirk= um. Die Politik ist es, d. h. das nationale Gewissen, das
2936 2331 3308 2401 Arbeitskämpfen,
587 2340 1757 2412 lichkeit, der eine spielt in die andere hinüber und diese
1755 2349 2929 2416 der produktiven Entwicklung Gesetze und Regeln auf¬
2935 2384 3304 2451 schleuderung nati¬
575 2380 1757 2447 wirkt auf jenen zurück. Was Goethe uns schon sagte:
1760 2388 2924 2454 erlegt. Wirtschaft und Politik verbinden sich in dem ge¬
2930 2433 3311 2494 der Verhetzung
579 2438 1755 2493 „Wir wandeln in Geheimnissen“, das beweist uns die
1758 2440 2928 2495 meinsamen Ziele, die Macht des Staates zu erweitern.
2937 2485 3303 2552 Meinungsverschie
582 2498 1764 2555 „Traumnovelle“ aufs neue. Sie zeigt, daß wir das
1762 2486 2938 2562 Der korporative Staat verwandelt das wirtschaftliche
2924 2530 3302 2597 Jedenfalls ist de
582 2541 1752 2592 Geheimnis des Traumes ebensowenig zu lösen vermögen
1768 2536 2926 2594 Ideal, die größtmögliche Erzeugung, in eine überlegene
2936 2579 3302 2655 auch in anderen
574 2571 1762 2645 wie die vielen Rätsel, die uns das Leben Tag für Tag
1760 2594 2930 2647 politische Form. Der liberale Staat mußte sterben, weil
585 2629 1755 2700 aufgibt. Ergriffen und erschüttert wird jeder dieses Buch
1763 2637 2934 2708 er verbraucht war. Er hat seine Kräfte in zahllosen
585 2680 1761 2743 lesen und dann noch mit Genuß an die Lektüre des herr¬
1765 2682 2941 2768 Experimenten, die unsere raschlebige Epoche nicht mehr
585 2725 1764 2785 lichen Werkes zurückdenken, das den tiefsten Einblick in
1763 2731 2933 2792 verträgt, verzettelt. Der faszistische Stant dagegen ver¬
576 2781 1756 2844 die Herzen der Menschheit gewährt und das Mysterium
1758 2776 2943 2832 körpert das Ideal des modernen Staates. Das scheint
578 2829 1754 2909 von Seele und Körper, erhellt, soweit man es eben zu er¬
1758 2832 2938 2892 um so wunderbarer, als er, zum ersten Male im tau¬
3086 2829 3298 2909 täglich die
572 2859 929 2946 hellen vermag.
1450 2879 2930 2949 X.T. Z. sendjährigen Entwicklungsgang politischer Einrichtun¬
3067 2886 3310 2948 biatt), Sie
3073 2928 3296 2997 wichtige A
1742 2918 2969 3002 gen, nicht das Ergebnis vieler Versuche ist, es seien
