3296 4256
382 135 759 200 Traumnov
1106 130 1490 216 bos 5/7
165 131 961 247 33.   enenenenenen.
669 373 835 556 M.
894 474 1557 563 Dr. Max Goldschmidt
904 542 1530 638 Büro für Zeitungsausschnitte
715 611 999 676 BBRLIN N4
1254 621 1719 699 Telefon Norden 3031
1049 724 1361 792 Ausschnitt aus
910 772 1512 876 Frankfurter Zeitung
1502 887 1671 991 2
1088 968 1474 1057 2 3. Mal 1926
1400 1025 1560 1109 —
922 1105 1539 1182 ROMANTISCHE
1092 1163 1833 1229 VERGLEICHUNGEN.
953 1229 1760 1307 André Gide — Heinrich Mann¬
919 1294 1835 1358 Arthur Schnitzler — Ricarda Huch.
1099 1338 1682 1430 Von Bernhard Diebold.
972 1412 1839 1489 Die vier Erzählungen von André Gide, Hein¬
911 1463 1829 1520 rich Mann, Arthur Schnitzler und Ricarda Huch
914 1510 1836 1560 zeigen auf den ersten Blick kaum eine andere
917 1554 1839 1592 Gemneinsamkeit, als daß sie alle aus der Gene¬
931 1589 1842 1632 ration derer über fünfzig stammen.. Aber es
931 1630 1840 1677 scheint, daß dieses zwischen Naturalismus und
932 1667 1844 1708 Neuromantik reif gewordene Geschlecht doch bei
922 1696 1854 1760 aller Grundverschiedenheit in Ton und Haltung
916 1757 1836 1800 dennoch die gleiche Luft atmet und wieder aus¬
914 1764 1834 1841 strömi: eine seltsam gemischte Atmosphäre, in
925 1826 1832 1868 der die meisten Details in naturalistische
924 1865 1842 1912 Nähe gelangen, während der Sinn und die
927 1894 1832 1953 Stimmung das Ganze der Geschehnisse doch in
925 1943 1838 1983 die Ferne rücken. Es sind romantische Kon¬
934 1976 1830 2031 flikte, welche die Schicksale der Menschen zwi¬
929 2021 1828 2065 sehen die Pole von Wunsch und Erfüllung, zwi¬
925 2050 1848 2114 schen Symbol und Wirklichkeit, zwischen Traum
932 2100 1834 2142 und Tat, zwischen Ueberschwang der Poesie und
938 2135 1505 2191 Gleichmaß der Prosa stellen.
935 2217 1846 2292 „Isabelle.“ Von André Gide. Uebersetzt
994 2278 1832 2318 von Fritz Dönath. 19 Textillustrationen von
996 2312 1833 2378 Raffaello Busoni. Berlin, J. M. Spaeth. 165
998 2346 1378 2412 Seiten. Geb. = 6.
969 2392 1837 2462 Dieser Franzose i nicht wie die meisten
921 2443 1832 2488 seiner Landsleute vom Geiste Voltaires; er zeich¬
923 2484 1841 2532 net nicht scharf, sondern duftig; und er setzt
917 2518 1838 2558 seine Beobachtungen nicht auf dem direkten
925 2557 1831 2611 Wege in die denkerische Form um. Er gehört zu
919 2601 1834 2656 jenen-sonderbaren Sentimentalen nach Flauberts
917 2642 1829 2691 Art, deren Sehnsucht den Duft der Dinge zu
921 2675 1831 2721 atmen wünscht, auch wenn sie in tiefgründiger
918 2722 1831 2773 Skepsis wissen, daß diese erträumten Dinge gar
926 2742 1361 2801 keinen Duft besitzen.
958 2791 1837 2840 So leht der Ich-Erzähler des Gideschen Buches
913 2837 1832 2880 als Gast eines einsamen Landhauses in einem
914 2857 1841 2921 Kreis in Eintönigkeit erstarrter Menschen; und er
923 2910 1833 2962 wittert aus Reden und Gehaben dieser Alten, daß
915 2944 1842 3001 ein geheimes Lebens-Agens von außen her noch
913 2994 1844 3037 diese halberstorbene Weltterregt und immer wie¬
915 3022 1832 3075 der aufweckt. Das ist die verlorene Tochter Isa¬
915 3061 1829 3109 belle, die plötzlich nachts auf ein paar Stunden
915 3102 1842 3156 ankommt, ihr verkrüppeltes Kind besucht; die
914 3130 1838 3182 seitsäme Gespräche hinter verschlossenen Türen
916 3177 1838 3236 mit den Alten führt — und wieder in Nacht und
917 3221 1840 3262 Dunst verschwindet. Gide, der Erzähler, hat nur
920 3253 1840 3307 ihr wundervolles Bild gesehen; und kennt nur
913 3294 1841 3340 einen Brief von ihr, der von romantischer Liebe
917 3335 1838 3376 und romantischer Flucht handelt. Denn sie liebte
922 3372 1840 3413 einen Baron, der unerklärlicherweise in jener
924 3403 1837 3463 Nacht der Entscheidung erschossen wurde; und
927 3456 1834 3495 von dem sie den armen Knaben Kasimir erhielt.
908 3465 1830 3533 Und nun dürstet der Dichter nach der Ergrün¬
904 3521 1856 3582 dung des tieheimnisses und vergoldet sich die.
1920 39 2756 107 Wen ehen Pr enf Dr unsenslh enheenesseganrenesenanseagechsn
1900 109 2765 157 Die Rube Gides wird in der virtuosen Vovelle
1842 157 2765 204 Heinrich Manns vermißt. Er schreibt die Liebes¬
1844 191 2774 243 Tovlie zweier junger Menschen: findet aber eben
1847 228 2770 281 für die „Idylle“ nicht den Gleichklang der Stim¬
1845 280 2772 320 mungen. Da wird kraß gestohlen, kraß gelicht
1852 307 2783 348 und kraß der bürgerlichen Familie das berühmte
1843 341 2779 390 épater le bourgeois entgegengeschrien. Der Ge¬
1836 380 2769 426 Flicbte zieht einen mißliebigen Anverwandten an
1839 418 2773 471 den Beinen zum Zimmer hinaus; und die so zar
1839 457 2770 507 benamte Liliane hält einen Neger zu Liebes¬
1843 507 2770 543 zwecken auf ihrem Zimmer eingesperrt, bevor
1850 532 2779 582 sie durch ihren Paul zum wahren Eros erweckt
1848 581 2774 621 weckt wird. Ein modisches Drum und Dran von
1856 609 2774 655 homosexuellen Anspielungen und Bar-Sensatio¬
1853 644 2775 709 nen umzirkt mit Widerwärtigkeiten die eigent¬
1852 687 2615 746 liche Handlung und ihre Symbolik.
1895 725 2769 776 Diese Symbolik heißt. Liebe steht gegen Alter
1898 763 2778 818 Jugend gegen Tod. Während aber Paul und
1849 812 2776 857 Liliane wirkliche Menschen sind und nur durch
1858 845 2772 893 ihr Gefühl in die romantische Idylle emporge¬
1859 886 2452 935 tragen werden, bleibt der
2473 882 2774 931 Vertreter der
1857 923 2773 976 Gegenpartei ein symbolisches Gespenst: der
1851 962 2773 1010 Spielhalter der Bank des Glückes, der neidische
1853 1000 2776 1047 Mäzen und dämonische Voyer ihrer Leiden¬
1843 1041 2775 1089 schaften; der ewig gegenwärtige Mahner der
1837 1072 2787 1112 t und des Grabes. Mit großer Kunst und
1841 1107 2765 1168 Künstlichkeit bringt Mann es fertig, diese „ex¬
1857 1154 2779 1207 pressionistische“ Nebelerscheinung in der sonnen¬
1854 1191 2774 1245 grellen Luft der Riviera „wirklich“ zu erhalten.
1855 1230 2776 1279 Das Taggespenst labt vorn symbolischen Willen
1856 1268 2784 1317 des Autors. Das Reale dämmert künstlich ins
1843 1319 2776 1358 Märchenhafte hinüber. In Wasser und Feuer
1847 1353 2790 1400 muß die Erinnerung an den Alten erstickt und
1859 1394 2783 1432 verbrannt werden, Wieso es in der Seele der
1857 1426 2770 1471 Liebenden gelingen kann, wird uns nicht deut¬
1863 1462 2773 1510 lich. Eine weitere symbolgeschwängerte Figur,
2487 1503 2773 1553 wissen. Der
1853 1506 2479 1554 Forma mit Namen, muß es
1860 1536 2744 1608 Romantiker Mann wahrt aber ihr Geheimnis.
1863 1623 2791 1696 „Traumnovelle.? Von Arthur Schnitzler.
1910 1666 2798 1729 Berlin, S. Fischer. 136 Seiten. Geb.5.90.
1889 1711 2774 1775 Nach der künstlich aus der Symbol-Retorte
1860 1762 2788 1811 destillierten Romantik Heinrich Manns wirkt die
1856 1809 2788 1854 phantastische „Traumnovelle“ Schnitzlers wie
1849 1840 2770 1886 die reellste Berichterstattung. Nicht mit Sehn¬
1853 1884 2773 1930 sucht nach dem Unbekannten wie Gide, nicht mit
1855 1916 2776 1969 Gespensterei wie Mann erzeugt sich Schnitzler
1855 1948 2784 2008 das romantische Fluidum; sondern als Medi¬
1849 2004 2778 2047 zinel und Psychoanalytiker benützt er zur Ver¬
1851 2030 2784 2087 bannung der Realität den Traum. Das ist die
1853 2071 2789 2116 nüchternste Methode zum Taumel ins Roman¬
1853 2113 1987 2163 tische.
1902 2133 2776 2195 Ein Wiener Arzt unterhält sich nach einer
1852 2191 2789 2240 Ballnacht mit seiner Frau über die im Leben
1863 2225 2777 2279 versäumten Liebesmöglichkeiten. Geständnisse
1856 2274 2778 2322 und Wünsche erwecken die Ressentiments der
1849 2312 2777 2354 Eifersucht und des Geschlechtsneides bis zum
1849 2347 2783 2393 Haß. Aber die Feindschaft bricht nicht offen
1860 2393 2786 2436 aus; sondern ihre Regungen schleichen sich in
1858 2422 2783 2462 den Schlaf der beiden Seelen und alle unerfüllte
1858 2463 2778 2504 erotische Sehnsucht lebt sich in den Traum
1854 2502 2785 2552 hinein. Die Dame, das Dirnchen, die Braut des
1864 2545 2788 2587 andern tanzen einen wirren Reigen der Maskier¬
1852 2579 2783 2629 ten und der Nackten. Wirklichkeit der Erleb¬
1852 2617 2781 2668 nisse und Ueberschwang der träumenden Phan¬
1861 2655 2777 2706 tasie vermischen sich, bis keine Logik mehr
1853 2690 2773 2750 befiehlt als die der psychischen Assoziationen.
1845 2733 2776 2773 Der Meister des „Fräulein Else“ zeigt sich im
1855 2764 2788 2811 Menschenkennerischen — nicht so im künstle¬
1868 2811 2786 2873 rischen Wort und Aufbau — auch in diesem
1851 2846 2241 2904 Dramolet der Seele.
1915 2881 2780 2938 Was ist Wirklichkeit, wenn die be¬
1851 2918 2779 2981 gehrte fremde Maske auf dem Nacktball hinter
1861 2966 2777 3020 der Larve doch die Züge der eigenen Frau trägt?
1856 3009 2778 3060 Was ist romantische Traumerfüllung, wenn
1855 3043 2780 3091 keines all dieser Liebesabenteuer den sexuellen
1857 3086 2774 3132 Abschluß bietet? Der Mediziner Schnitzler wacht
1857 3118 2791 3165 über dem Romantiker in ihm. Die wildesten
1859 3150 2780 3200 Abenteuer im Zirkel der Geheimen oder die
1863 3196 2780 3250 Schauer an der Leiche auf dem Anatomie-Tisch
1852 3237 2774 3279 erklären sich im Dämmerlicht der Seele als über¬
1861 3274 2786 3315 reizte Erinnerungen aus dem Alltagsieben. Nicht
1863 3314 2783 3361 wie Pirandello uns zwischen Sein und Schein
1851 3349 2782 3394 unkontrollierbar hindurchschwindelt, sondern
1857 3388 2774 3437 mit verantwortlicher Kunst zeigt Schnitzler die
1859 3431 2788 3481 Verbindungen zwischen Bewußt und Unbewußt.
1857 3469 2771 3514 Das Romantische ist mit Psychologie verwirkt
1860 3504 2778 3571 und verwirklicht — vom Dichter real verdichtet
1858 3544 2030 3594 worden.
1861 3606 2775 3676 „Graf Mark und „die Prinzessin von
1928 3652 2772 3713 Nassau-Usingen. Eine tragische Bio¬
1924 3700 2787 3755 graphie. Von Ricarda Huch, Leipzig,
1916 3746 2522 3799 Deutsche Bücherei. 34 Seiten.
1894 3782 2774 3839 Nach den Romantikern der Sehnsucht, der
1841 3818 2775 3870 Symbolik und des Traumes wirkt die Erzählung
1856 3869 2766 3914 Ricarda Huchs als die konkreteste Gestaltung,
1855 3907 2773 3960 trotzdem sie auf dem ersten halben Dutzend
1851 3946 2770 3995 Seiten an dichterischem Stil die andern über¬
1854 3979 2770 4031 ragt. Man merkt dabei: des Dichterische ist nicht
1847 4021 2774 4078 nur das Verhauchende; und das Romantische
1848 4048 2415 4108 kann auch im Festen wirken.
2638 4091 2750 4140 erson
2428 4087 2585 4139 göttliche
1927 4095 2407 4142 lier läuft die Liebe in
