3296 4320
460 255 960 327 Traunnovel
272 243 1577 358 33. Mie box 5/7
1132 955 2091 1046 s#hweben, sondern sis schlägt die Schlcksals¬
1129 1023 2092 1088 Etappen mit schwerem Stundenschlag. In
1137 1055 2093 1132 Dialogform kürzen sich die Gespräche zu knapven
1144 1108 2082 1179 Szenen. Grausam weicht die Lyrik vor der Des¬
1134 1128 1324 1197 Illusion.
1197 1208 2086 1274 Wir sind in wirrem Kreislauf bei André
1123 1243 2088 1311 Gides Entzauberung der „Isabelle“ wieder an¬
1131 1300 2081 1358 gelangt. Nur ist der Franzose in tiefster Seele
1124 1329 2081 1394 resigniert, während die deutsche Dichterin
1129 1372 2074 1433 außerhalb ihrer „geschichtlichen“ Geschichte
1132 1410 2071 1488 steht: wie eine unrünrbare Klio mit dem Griktel.
1181 1464 2042 1560 JOSEPH WINCKLER.
1308 1538 1927 1625 Von Herbert Eulenberg.
1197 1601 2104 1666 Was für ein prächtiger Kerl ist aus demi
1123 1625 2082 1712 kleinen „Jüppchen“ geworden, wie er hier am
1123 1694 2068 1746 Niederrhein genannt wurde! Schon sein bisheri¬
1129 1727 2075 1788 ger äußerer Lebenslauf muß einem gefallen. Er
1123 1749 2107 1828 beschließt als jurger Bursche Zahnarzt zu
1121 1807 2122 1875 werden, da er einsieht, daß man von der Dich¬
1132 1846 2110 1904 terei heute kaum noch leben kann. Beginnt also
1131 1891 2078 1947 echt amerikanisch und zeitgemäß zu starten. Die
1130 1919 2080 1987 erlernte Kunst übt er dann unter dem selbst¬
1121 1958 2091 2009 erwählten Motto aus: „Was ist im Leben schwie¬
1118 2000 2061 2061 riger, als Zahnarzt sein und Lyriker.“ In Mörs
1125 2040 2085 2085 mitten unter der Arbeiterbevölkerung, die vonc
1117 2077 2119 2141 den hier neu entstandenen Greben und Werken I
1126 2117 2080 2163 herbeigelockt worden ist. Jahraus jahrein er¬
1120 2155 2076 2202 arbeitet sich „Jüppchen Winckler“ hier im Fleiß
1122 2190 1252 2242 und
1277 2195 2053 2252 hweiß seines Angesichts mit Zahnaus¬
1122 2227 1263 2285 reiße
1281 2233 2074 2296 Johren und Füllen ein hübsches Ver¬
1113 2265 1253 2323 mi
1294 2277 2061 2327 zis zum Ende des Krieges widmet er
1115 2312 1250 2361 zien
1299 2314 2059 2379 olche Weise der leidenden Menschheit.
1123 2353 2064 2415 Dan, ver ort er seine Kundschaft und seine
1123 2374 2068 2455 Gerätt, das ganze Zahnzeug, seinem Nachfolger
1119 2430 2062 2494 und beschließt als allmählicher Vierziger den
1115 2472 2074 2525 Rest seines Daseins nicht mehr dem Ausflicken
1122 2501 2062 2569 hohler Zähne und dem Erbauen goldener Gebiß¬
1115 2540 2058 2626 brücken; sondern dem Umgang mit den Musen
1103 2581 1396 2645 zu widmen.
1181 2609 2057 2690 Da kommt die Sintflut des Papiergeldes, die
1120 2666 2051 2723 der gebildete Deutsche die Inflation nennt.
1114 2692 2052 2759 Und das mit seinen Fingerspitzen in langen Jah¬
1113 2750 2058 2787 ren zusammengebohrte, gemeißelte und gehäm¬
1120 2783 2044 2824 merte Vermögen des armen Jüppehen sinkt da¬
1115 2819 2054 2884 hin, zerbricht wie ein morscher Zahn und wird
1115 2861 2053 2918 von der Zeit auf den großen Müilhaufen ge¬
1116 2902 2059 2948 spuckt. Was tun? spricht Zeus. Die Kundschaft
1116 2933 2071 3011 ist vergeben, die Nerven futsch und Mörs ist
1111 2967 1483 3027 nicht mehr mein.
1170 2993 2071 3071 Da eutschließt sich Winckler wieder das zu
1119 3042 2052 3112 werden, was er eigentlich von Anfang an ge¬
1116 3084 2065 3150 wesen ist; ein Dichter. Ueber Nacht fallen
1112 3126 2048 3187 ihm wieder die mancherlei lustig wunderlichen
1109 3162 2044 3226 Geschichten ein, die man sich daheim in seinem
1113 3205 2049 3265 Münsterlande von dem tollen Baron Romberg
1114 3251 2100 3304 erzählt. Er feilt aus dem „R“ ein „B“ zurecht, 1#
1112 3276 2047 3345 was entschieden etwas bombastischer und „bom¬
1104 3321 2044 3390 böser“ klingt. Erfindet zu den wenigen alten
1106 3354 2052 3424 aus eigenem inneren Vorrat viele neue Schnur¬
1108 3410 2045 3460 ren hinzu. Und erringt mit seinem Buch vom
1110 3444 2050 3510 tollen Bomberg seinen ersten großen Er¬
1112 3476 2044 3540 folg, einen Erfolg, wie ihn ihm weder seine
2036 3467 2121 3539 M
1108 3525 2036 3574 schwungvollen eisernen Sonette noch seine kühne
1109 3546 2040 3632 Beschreibung von dem Chiliastenzug eingebracht
1109 3596 1289 3647 haben.
1173 3618 2046 3693 Und Westfalen, der an abenteuerlichen Ge¬
1112 3673 2052 3740 schichten trächtigste Landstrich Deutschlands,
1112 3711 2066 3772 der ihm auch diesen Traum vom tausendjährj¬
1110 3746 2044 3819 gen Reich beschert hat, wie er in den Wieder¬
1110 3785 2974 3859 äufern umgine dieses Westfalen speist ihn wei- tureus, das vonrisch-ökonomische und das künstle¬
1110 3839 2034 3883 ler. In einem höchst schmackhaften Buch, das
2036 3835 2972 3874 rische Problem der Favence zu lösen. Diese Einlei¬
2034 3871 2968 3932 tung ist zu lang für ein Feuilleton, zu feuilleto¬
1107 3876 2033 3925 er nach dem Lieblingsbrot seiner Landsleute
2033 3900 2960 3960 nistisch für ein Kulturdokument“, das zu sein sie
1103 3909 2034 3974 „Pumpernickel“ betitelt hat, beschreibt er
2043 3942 2963 3983 vorgibt. Alle Schiefheiten und Unrichtigkeiten, von
1102 3946 2030 4007 uns nun seine Jugend im Westfalenland. Auf
2043 3972 2973 4019 denen der — flott und elegant geschriebene — Text
1102 3982 2024 4038 Haus Nyland da unten irgendwo zwischen Mün¬
2030 4009 2945 4066 wimmelt, können hier nicht aufgeführt werden. Nur
1099 4030 2018 4083 ster und Bheine, zwischen der Ems und der Ahr.
2037 4042 2927 4104 wenige Grundirrtümer seien hier richtig gestellt. E
1102 4060 2030 4113 Beschreibt sie, seine Heimat, mit der Einpräg¬
2031 4076 2960 4129 stimmt ganz und gar nicht, daß die Zeit von Ende
1100 4106 2033 4152 samkeit, wie sie sich selber auf ihn gedrückt
2034 4115 2956 4170 des 17. bis zum Ende des 18. Jahrhunderts das „Zeit¬
2036 4143 2954 4192 alter der Fayence-Kultur“ gewesen ist. Das 18.
1106 4136 2024 4197 hat, da er ein Kind war. Wie haarscharf ist das
2036 4178 2946 4229 Jahrhundert war das ausgesprochene Zeitalter des
1105 4182 2024 4229 alles von ihm gesehen worden, aus seinen beiden
2466 4219 2507 4252 a#
2057 4212 2460 4251 orzellans; die F
1356 4219 1413 4263 PP
2953 4157 2995 4191 V
2963 4179 3039 4235 he
