3296 4320
478 48 975 130 Traumnovel1
1180 49 1566 159 box 5/7
246 43 1054 166 33. I aun ile
476 730 1647 814 seintt unterschapen, wour. ma ihin Antersten er hM
137 736 472 829 he Ausdeh¬
1650 747 2844 821 felsstundigen Handwerker miessen ie wertenes Aus shrer
481 795 1649 865 den Frieden nur um des Friedens willen geschaffen. Das
140 812 473 879 sends durch
1649 809 2834 903 Kategorie zu den Arbeitgebern überwechseln, sowie sie
473 843 1647 903 Gegenteil ist richtig. Der soziale Friede ist für ihn ledig¬
1649 858 2642 925 auch nur bezahltes Saisonpersonal beschäftigen.
137 853 475 930 worden ist,
482 889 1650 959 lich eine politische Waffe im Kampf um die Staatsauto¬
1732 910 2836 1001 Sämtliche Gewerkschaften haben ihre Statuten, den
475 937 1643 1006 kratie. Mit dem diktierten Friedensvertrag hat er die sich
1644 944 2829 1043 Vorschriften angepaßt, zur Genehmigung der Zentral¬
139 960 474 1048 n ihren Gatten
478 984 1645 1044 bisher bekriegenden Kräfte der Arbeitnehmer und Arbeit¬
1646 1003 2829 1076 gewalt einzureichen, die nach Ermessen Umgruppierungen
479 1039 1646 1091 geber zwar gegeneinander ausgeglichen, sie aber gleich¬
1654 1063 2854 1112 oder Auflösungen vornehmen kann. Die Gewerkschaften
143 1045 470 1137 hüllt Schnitzler
473 1085 1655 1141 zeitig doppelt dienstbar gemacht für den Staat. Bisher
1654 1104 2825 1166 höheren Grades (Föderationen und Konföderationen)
146 1120 477 1184 Menschen von
471 1130 592 1185 zog
627 1132 1639 1188 wie noch in allen anderen Ländern — das eine
1656 1153 2833 1213 bilden juristische Personen. Aus Verbänden, Föderationen
140 1170 459 1235 nVerlogenheit
480 1171 1639 1250 Pferd hü, das andere hott, jetzt ziehen sie gemeinsam die
1647 1195 2841 1278 und Konföderationen bestimmter Produktionszweige er¬
158 1219 476 1281 keinerlei Ge¬
472 1228 1637 1306 Staatsbiga in der Richtung, die ihr Lenker haben will.
1655 1249 2835 1306 wächst die Korporation, die keine juristische Person, son¬
139 1259 478 1328 ch wird man sich
465 1263 1539 1346 Das ist der tiefere Sinn des neuen Arbeitsgesetzes..
1644 1287 2829 1358 dern ein direktes Verwaltungsorgan des Staates bildet.
130 1313 475 1377 ch diese beiden
553 1310 1642 1385 Betrachten wir zunächst diese Seite, die staats¬
1652 1343 2826 1410 Ihre Vorsitzenden und Direktoren werden ernannt und
145 1361 461 1426 eigen, trotzdem
467 1337 1641 1437 politische. Geben wir Mussolini selber das Wort. In seiner
1652 1396 2846 1472 abberufen durch den Gewerkschaftsminister. Zur Seite
140 1412 468 1471 nd ihre dunklen
472 1411 1642 1488 Botschaft vom 19. Mai, der Magna charta des neuen
1640 1436 2823 1507 steht ihnen ein Verwaltungsrat, der sich aus den Dele¬
136 1457 466 1519 l uns scheinen,
466 1457 889 1524 Italien, heißt es:
1647 1488 2832 1564 gierten der Verbände, Föderationen und Konföderationen
133 1508 484 1571 arin, daß zwei
553 1502 1645 1575 „Mit der gesetzlichen Regelung über die Anwendung
1636 1532 1847 1607 gliedert.
144 1555 469 1622 ste verbunden,
469 1556 1645 1618 des Gewerkschaftsgesetzes ist der korporative
1720 1574 2832 1671 Kollektivverträge können nur anerkannte Gewerk¬
142 1596 469 1663 halten werden.
471 1601 1639 1668 Staat zur Tatsache geworden. Der weltfremde und
147 1652 468 1714 ist bis zu den
1650 1628 2830 1717 schaften abschließen. Die Einzelheiten sind genau geregelt.
475 1650 1643 1708 ohnmächtige demo=liberale Staat ist gewesen. An seiner
1646 1695 2834 1753 Ebenso ein für allemal die Lohnstreitigkeiten. Wer ver¬
142 1696 466 1760 en, und Toren
472 1705 1636 1763 Stelle entstand der faszistische Staat. Zum ersten Male
1653 1737 2827 1810 sucht, sich irgendwie dem obligatorischen Schiedsspruch der
139 1738 466 1812 en restlos Eins
468 1745 1639 1807 in der Weltgeschichte verwirklicht eine große, konstruktive
1648 1789 2825 1863 Arbeitsgerichte zu entziehen, gleichviel o# Arbeitgeber
157 1784 469 1857 der „Traum¬
465 1787 1638 1848 Revolution wie die unserige auf dem Gebiete der Pro¬
1645 1836 2830 1895 oder =nehmer, setzt sich schwersten Strafen aus. Haft und
463 1849 1639 1908 duktion und Arbeit friedlich die Zusammenfassung aller
1646 1884 2831 1947 Gefängnis bedrohen die widersetzlichen Arbeiter schon,
141 1885 460 1956 den Gatten ver¬
464 1893 1635 1974 wirtschaftlichen und geistigen Kräfte der Nation unter
1645 1934 2842 2000 wenn sie aus Trotz schlecht arbeiten, oder durch Verlassen
141 1930 468 1997 ir müssen dem
466 1935 1056 2015 einem gemeinsamen Zweck.“
1640 1977 2828 2038 der Arbeitsstätte höhere Löhne erzwingen wollen, wober
131 1985 481 2047 Abenteuern heil
555 1971 1644 2060 Der neue Staat! Das ist das große Schlagwort.
1649 2029 2840 2076 die Tatsache des Streiks schon durch die Gruppierung von
133 2036 478 2106 und aus den
468 2030 1630 2096 Das neue Gesetz macht der noch in den übzigen Staaten
1641 2071 2832 2142 drei Mann gegeben ist. Beamte und öffentliche Angestellte
151 2076 473 2155 das auch ganz
460 2087 1637 2148 herrschenden Ideologie ein Ende. Der Liberalismus
1642 2119 2830 2186 aller Art werden bei Arbeitsniederlegung oder passivem
464 2128 564 2192 ist
133 2127 472 2192 Antwort: „So
590 2135 1641 2182 immer nach faszistischer Auffassung — nach drei¬
1648 2173 2836 2237 Widerstand („weißer Streik“) zudem mit sofortiger Ent¬
144 2178 472 2242 einer Nacht, ja
466 2177 1643 2232 hundertjähriger Umbildung von dem faszistischen Ideal
1644 2219 2094 2284 lassung gemaßregelt.
143 2226 462 2295 klebens zugleich
469 2225 1646 2286 der Produktionsordnung im starken Staate überwunden
1722 2242 2831 2325 Das Gesetz verrät die harte, aber bisher erfolgreiche
463 2287 1637 2348 worden. Rathenau noch meinte, es sei die Wirtschaft, die
159 2279 468 2358 fügt seufzend
1637 2309 2831 2367 Hand Mussolinis. Es macht, wenn es sich auf die Dauer
460 2322 1642 2389 die Politik mache; Mussolini dagegen kehrt den Satz
146 2320 465 2389 ...“ Jawohl,
1645 2365 2824 2428 durchführen läßt, tatsächlich den nationzerfressenden
144 2367 463 2434 wie die Wirk¬
465 2376 1642 2441 um. Die Politik ist es, d. h. das nationale Gewissen, das
1632 2403 2823 2469 Arbeitskämpfen, dem Müßiggang und der Ver¬
138 2418 468 2486 über und diese
472 2421 1640 2477 der produktiven Entwicklung Gesetze und Regeln auf¬
461 2446 2823 2532 erlegt. Wirtschaft und Politik verbinden sich in dem ge¬ schleuderung nationaler Güter für parteipolitische Zwecke,
143 2462 470 2539 ns schon sagte:
1637 2508 2828 2589 der Verhetzung und dem Hineintragen politischer
139 2517 466 2589 beweist uns die
470 2521 1628 2574 meinsamen Ziele, die Macht des Staates zu erweitern.
1636 2554 2830 2609 Meinungsverschiedenheiten in die Arbeitsstätte ein Ende.
153 2565 463 2629 daß wir das
467 2570 1634 2626 Der korporative Staat verwandelt das wirtschaftliche
1644 2608 2835 2689 Jedenfalls ist der große Versuch einer ernsten Prüfung
131 2600 455 2673 ösen vermögen
469 2621 1648 2672 Ideal, die größtmögliche Erzeugung, in eine überlegene
1645 2651 2294 2733 auch in anderen Ländern wert.
151 2667 464 2730 Tag für Tag
469 2667 1637 2731 politische Form. Der liberale Staat mußte sterben, weil
128 2708 464 2778 der dieses Buch
465 2716 1638 2762 er verbraucht war. Er hat seine Kräfte in zahllosen
129 2758 465 2825 ktüre des herr¬
469 2753 1649 2826 Experimenten, die unsere raschlebige Epoche nicht mehr
139 2803 464 2868 ten Einblick in
462 2812 1639 2865 verträgt, verzettelt. Der faszistische Sta#t dagegen ver¬
1785 2771 2417 2925 sen Sie
138 2856 468 2924 das Mysterium
463 2859 1654 2931 körpert das Ideal des modernen Staates. Das scheint
457 2893 1648 2974 um so wunderbarer, als er, zum ersten Male im tau¬
138 2900 471 2970 es eben zu er¬
1777 2887 2814 2963 täglich die Kleinen Anzeigen im Pester Lloyd (Morgen¬
179 2941 1639 3023 X.-X. Z. sendjährigen Entwicklungsgang politischer Einrichtun¬
1778 2959 2817 3031 blatt), Sie finden da in den verschiedenen Rubriker
1788 3003 2701 3073 wichtige Anzeigen, die Sie interessieren werden.“
443 2985 1663 3098 egen, nicht das Ergebnis vieler Versuche ist, es seien
