3296 4256
102 137 1328 208 32. Die Frau des Richters
1441 134 1854 233 box 5/6
287 185 1331 245 Sieran des Rachten
363 1166 682 1260 .
235 1181 356 1268 n
11 1256 3054 1313 ß=Russen und Ruthenen, die Tschechen es gibt ultra=akademische Kritiker, die glauben, die Romantik den Namen Boudeljac für seine eigene Ironie verdient,
5 1302 3040 1355 Deutschen, Ungarn und Italiener zu ver= zu bekämpfen, während sie doch, ohne es recht zu wissen, noch liebt die Dame mit dem rotbesteinten Ring. Er hat sie ge¬
751 1309 3045 1385 tief in sie verstrickt sind. Bei uns, ich gestehe es mit wahrem blegentlich nur kurz auf der Straße getroffen und gesprochen,
13 1332 755 1394 k jede im geringsten von der ihren ab¬
744 1340 3041 1427 Schrecken, liegen Menschen wegen ihrer politischen oder wirt=kennt weder ihren Namen noch ihr tieferes Wesen; weiß ganz
8 1378 754 1438 keinung. Europa ist von seiner Romantik
1885 1381 3043 1461 allein, daß sie den roten Stein trägt und daß er sie unerbittlich
747 1397 1890 1478 schaftlichen Anschauungen im Gefängnis. „Und dennoch kann
7 1414 749 1491 hen und gefährlichen Historismus ver¬
1896 1431 3047 1503 und schicksalmäßig lieben muß. Aber er sieht sie nie mehr; er
756 1447 1898 1516 man mit gutem Gewissen sagen der Geist Whitmans ist nicht
1 1464 750 1529 kankreich lehnt Anatole France ab und
1890 1496 3040 1556 ist zu schen, fast möchie man behaupten: zu schicksalsgläubig,
754 1486 1893 1566 tot. Im Gegenteil, er ist lebendiger denn je! Die besten und
3 1514 756 1571 hen Volksverderber. Die noch jüngeren
1883 1529 3053 1600 um von sich aus eine ermeute Begegnung listig und entschlossen
747 1534 1897 1602 einflußreichsten unserer neueren Schriftsteller, welche die Bau¬
8 1540 757 1618 Romantiker aus den Gräbern steigen und
1879 1573 3049 1640 zu erzwingen. List und Entschlossenheit sind nicht seine Sache.
751 1571 1902 1648 steine für die Zukunft Amerikas bereithalten und zusammen¬
14 1596 764 1667 sen, zersetzenden, analytischen Geist des
749 1610 3054 1686 tragen, wissen nichts von der Geschichtsfreudigkeit oder der Aber er schreibt Briefe; richtet sie über die Adresse einer Dame,
-5 1641 756 1699 chts= und linksradikalen Führer der
751 1647 3052 1736 nationalistischen Romantik im europäischen Sinne, sie treten die jene kennen soll: Briefe, die nicht Antwort finden, Briefe,
14 1680 760 1740 stehen einander gut. Beide glauben an
752 1705 1270 1782 he enbert i
1930 1701 3054 1771 e eine ganze innere Biographie erzählen; Briese, die den
8 1731 761 1790 lgschaft und den Ordnungsstaat wie an
1912 1743 3050 1825 iun des Lebens, des Dichtens und Trachtens einer Welt
10 1777 771 1831 verstricken sich in Ideologien wie in
1913 1806 3041 1858 örtern und erklären sollen — und namentlich der Boudeljac¬
782 1779 939 1883 #
4 1806 779 1877 Fast jedermann ist auf sonderbare Arti¬
1021 1804 1677 1902 Dr. Man Goldschmidt
1916 1829 3063 1916 jen Welt. Denn diese Briefe, die von Arbeit, Liebe, Kritik,
11 1854 771 1918 man kriegerisches Heidentum mit falscher
1036 1864 1676 1962 Büro für Zeitungsausschnitte
1917 1882 3045 1955 calität und Schein und von der fragwürdigen Existenz des
8 1892 777 1964 gepaart. Die Mitteleuropäer liebäugeln
1380 1903 1835 1977 Telefon: Norden 3051
1924 1916 3053 1986 teraten handeln, sind alle nur Erklärung der Liebe und Ver¬
838 1925 1154 1999 BERLIN N4
-2 1930 778 1998 n ihrer eigenen geistigen Kraft nicht mehr
1918 1964 3043 2033 irung der Geliebten. Es sind schriftlich niedergelegte Selbst¬
25 1984 770 2056 vom Westen her ein freier, reinigender
1161 2008 1526 2095 Ausschnitt aus:
1921 2008 3049 2085 spräche von der Straße, vor dem Spiegel, unter Bäumen;
1939 2044 3064 2122 sichten der Schwermut; ohne die Romantik der Selbstver¬
0 2059 791 2142 m der Romantik breitet sich natürlich
1061 2063 1649 2165 Fpankfurter Zeitung
1928 2090 3060 2172 überung; aber voll von der Ironie der Selbsterklärung. In
12 2124 781 2189 hesterton und Belloc in England, an die
1926 2139 3051 2220 chen Spannungen treibt uns diese Korrespondenz einer trau¬
-5 2157 779 2237 ern, die den Ton der mystischen Nord¬
1920 2181 3060 2261 en Lösung zu. Erst die sterbende Geliebte schreibi mit un¬
7 2207 775 2270 in aller Unschuld versuchen, die Roman¬
1240 2158 1659 2308 2 1, Dez 1925
1919 2222 3062 2309 serem Stift die einzige, kurze, letzte Antwort, die auch ihre
-6 2242 785 2318 von Haß und Blut auch in unsere Mitte
1919 2276 3058 2334 schwiegene und heilig gehaltene Liebe gestent. Der Schrift¬
-4 2283 784 2373 nd verhältnismäßig harmlos. Ein kurzer
1922 2310 3058 2385 ller Boudeljac erhält als Erbe den Ring mit rotem Sicin:
-1 2335 786 2405 etwa würde meine Freudin Mrs Austin
1881 2352 3066 2424 die einzige Erfüllung, die ihm von seiner Peregrina und un¬
9 2375 777 2452 krikanischen Tradition der Freiheit und
1898 2397 3064 2488 sterblichen Geliebten kam. Seins poetische Lebensfaulheit wird
6 2430 782 2490 lichten, würde sie zu Thoreau und Whit¬
1144 2363 1547 2515 Novellen.
1895 2442 3057 2549 gekrönt mit der Märtyrerglorie der Nichtersüllung. Die Sehn¬
0 2475 780 2544 ch ist unsere neuere junge Literatur davon
1891 2474 3067 2586 sucht ist ewig in ihm und singt eine lächelnde Elegie. Wäre er
804 2488 1777 2582 Rudolf Schneider — Arthur Schnitzler
11 2512 773 2573 st schlechthin frei, von Vernunft getragen,
1732 2504 1911 2587 Er. —
1891 2524 3068 2613 parfümiert, er müßte Pierrot heißen. So aber heißt er
848 2536 1840 2635 Albrecht Schaeffer — Oskar Jeklinek.
7 2547 779 2618 kös im besten Sinne; es gibt ihresgleichen
1901 2607 2507 2674 Bondeljac — und es ist gut so.
-1 2604 787 2670 Haß und die peinlich historische Gebärde
686 2632 742 2680 10
1068 2616 1605 2703 Von Bernhard Diebold.
-4 2645 787 2706 och gefährlicheren romantischen Einflüsse
2431 2650 2553 2722 II.
6 2687 789 2763 vom Leibe. Sie trägi ein Element vom
1957 2678 3062 2771 Solche Meisterschaft, wie sie Arthur Schnitzlei in seiner
439 2729 779 2794 Fieldings reife,
-2 2722 385 2797 hrhunderts in sich
1908 2740 3070 2814 Novelle „Fräulein Elie“ darlegte, darf man auch von einem
812 2756 1910 2821 Da die Romane in Briefen momentan nicht in Mode sind,
-5 2778 779 2839 keit und Humes klaren und beglückend
1911 2776 3073 2864 Meister nicht als Regel verlangen. Und wenn die keine Er¬
770 2814 1902 2874 muß es mit Rudolf Schneiders Brief=Novelle „Ring
-4 2814 776 2887 esunden Menschenverstand. Selbst wenn
1906 2820 3060 2908 zählung „Die Frau des Richter s“ (die im Proppiken¬
774 2853 1917 2911 mit rotem Stein“ eine besondere Bewandinis haben.
0 2868 776 2931 sich der Technik der Expressionisten be¬
1918 2868 3076 2950 Verlag in Berlia als ein angenehm gedrucktes Büchlein
772 2885 1915 2955 (Erschienen zuerst in der „Frankfurter Zeitung“ und nun als
4 2909 783 2967 ner Rice in dem Roman „Die Additions¬
1907 2915 3058 2995 erschien) auch hohe Qualitälen in der Stoffausbreitung, Auf¬
761 2929 1927 3004 Buch der Haessel=Reihe, Verlag Haessel in Leipzig.) Man
0 2936 776 3005 tige Absicht ist nicht weniger lauter und
1917 2948 3075 3038 reihung der Gesch-hnisse und Inszenierung der Hauptbüber
764 2979 1922 3041 liebt in unserer Generation die literarische Direktheit; man
27 2997 777 3063 1 jeden Aberglauben und jeden Versuch,
775 2990 3071 3089 tastet nicht, sondern man greift zu; man verkehrt durchaus nicht zeigt, so sind ihre Menschen doch nicht so subitl nach Mut und
-1 3025 779 3110 lagworten zu benebeln, nieder, die Frei¬
763 3032 3076 3130 in Briefen, sondern gleich von Person zu Person: und meini Nerven durchgentbeitet, wie es die subtile Sitnation, in die se
6 3069 469 3141 Friede, ist ihr Banner.
771 3071 3078 3175 es so feelisch wie körperlich. Schneider aber weiß noch um die Schnitzler brachte, dringend verlangte Ein Richter, gerecht
4 3109 784 3190 suche ich meinen liberalen Freunden in
768 3120 3072 3220 Werbung aus der Ferne, um die Scham des Ausdruckes und aus Bürokratie aber seige aus Schwäche und verlagen aus
9 3166 781 3239 ht nach Amerika zu deuten. Ich gehe ohne
12 3162 3076 3277 genug häßliche Dinge in Amerika. Es die Demut vor der Liebe. Sein trauriger und in seiner Sehn= kleinlicher Eitel'eit verscherzt sich auf die släglichste Art seine
19 3213 3076 3353 ur=Klaner wie drüben die Hakenkreuzler, sucht zugleich auch etwas zu belächelnder Romanheld, der Würde und sein Weib. Dieser haltlose Mann ist scelisch hörig
