3296 4256
310 118 1333 187 Die Frau des Richters
1457 125 1868 223 box 5/6
100 118 1345 235 32. MieMad des Hentens
970 974 1378 1064 S
311 1031 3206 1107 einem wüsten Renommisten, Tobias Klenk, der mitten im acht= besseres Wissen des Mordes überführen, als sein Weib, einssie ins Kloster. Stürmt zurück
311 1096 3188 1147 zehnten Jahrhundert gegen den aufgeklärten Despotismus die elementates Geschöpf seiner Erde, sich laut des Ehebruchs zeiht; der wie eine Gottesmahnung
314 1138 3202 1204 Ideale der Freiheit und Gleichheit predigt, obwohl sich in dem damit den Liebhaber rettet und den falschen Richter überführt. drei Tage in Glut und Qual
314 1181 1476 1241 süddeutschen Ländchen des jungen Herzogs Karl Eberhard kein
1463 1166 3210 1241 Da verläßt diesen svontan die amtliche Ueberlegenheit: er stößt zurück, gelobt Suzette in feie#
316 1219 1481 1280 Mensch unterdrückt fühlt. Es ist nun schlechthin unglaublich,
1466 1225 3188 1286 sie nieder wie ein Bauer mit eigener Kraft die Schande seines Abkehr von seinem bisherigen
319 1273 1474 1327 daß der philisterhafte Richter Wogelein am Wirtshaustisch den
1468 1272 3212 1347 Hauses rächt. Und nach den bäuerlichen Moralinstinkten scheint großartig schließt der Chronist
1463 1317 2620 1371 all das Geschehene auch ganz in Ordnung zu sein. So wie es
312 1313 1467 1367 Reden jenes verwegenen Halunken laut lärmend beistimmt,
2610 1318 3025 1396 änderte sein Leben“.
311 1353 1466 1418 ohne für sein Amt zu zittern. Denn seine Feigheit muß größer
1470 1353 2621 1417 Jellinek darstellt, muß man es glauben. Er macht ein bißchen
2665 1347 3205 1422 Schaeffer versteht es wie wa
317 1402 1479 1475 sein als seine pathologische Hörigkeit. Merkwürdigerweise zittert
1468 1407 2608 1462 Theater; er prüft nicht alle psychologischen Details auf ihre
2615 1404 3208 1463 das romantisch Fabulose real z#
1477 1439 2617 1497 epische Glaubwürdigkeit; er gibt dramatische Verkürzungen
311 1437 1477 1497 er aber nicht bis zu dem Zeitpunkt, da er in der Gerichtsstube
2618 1458 3182 1516 aus deutschen Fabulierer, gesc
1467 1481 2610 1542 und Motivierungen, die man der Szene eher zugut hält als
313 1476 1468 1541 über den renitenten Tobias selber richten soll. Er fügt Rede und
2606 1501 3204 1552 Wirklichkeit und Traum die Die
1468 1532 2619 1586 dem Buche. Aber der Rcalismus der mährischen Bauern ist
312 1536 1473 1590 Handlung schlau nach den Umständen: er will dem Herzog
2612 1541 3198 1598 Traumgestalten aus des Schl
1471 1573 2612 1627 szenisch so beweiskräftig, daß man die Typik der Fabel bejaht
320 1572 1481 1638 dienen, er will den Freund schonen, er will zugleich vor der
2616 1576 3198 1640 Leben ballten, steigen die Fi
1470 1621 2610 1675 vor allen Einwänden die sich gegen die Individuen richten
310 1617 1465 1667 eigenen Frau als heldischer Revolutionär prahlen. Doch da er
2620 1626 3189 1690 Dunst und Duft von Wald
1480 1662 2617 1730 möchten. Es ist ein Sonderfall, aber er steht unter dichterischen
315 1662 1481 1717 alles will, gerät ihm nichts. Die Frau durchschaut ihn zuerst,
2616 1672 3206 1733 Farben, Blumen, Wolken sin
1466 1695 1681 1780 Gesetzen.
312 1691 1477 1770 verachtet ihn gründlich und wird spontan die Geliebte des
2606 1708 3210 1777 psychologisch „richtig“. Sie m
322 1746 1476 1810 Herzogs; wird es mit einer Entschiedenheit und großen Geste,
2600 1747 3186 1835 Treiben und Erleben zu ganz
1967 1757 2098 1841 IV.
325 1796 1483 1850 die so wenig zu ihrem bjedermeierlichen Gemüte paßt, wie die
1528 1787 3201 1877 „Die Treibjagd“ heißt eine Novele von Albrecht werden. Wie erhält die rea
314 1833 1493 1894 pathologische Artung zum Philistertum ihres Mannes. Die
2622 1845 3191 1913 Marienkrone auf ihr Haupt;
1473 1863 2617 1924 Schaeffer, die er mit zwei Legenden zusammen bereits in
323 1864 1467 1935 psychischen Experimente und die Resultate dieser Novelle er¬
2611 1881 3187 1958 des scheuen Hirsches? Ist sie
1468 1916 2619 1971 der im Insel=Verlag erschienenen Sammlung „Das Prisma“
321 1926 1468 1987 forderten zur Glaubhaftmachung selbst von einem Schnitzler,
2614 1923 3197 2003 erlaubts Oder folgert sich aus
1465 1956 2616 2024 veröffentlichte und nun in einem Sonderbüchlein bei Hermann
317 1952 1478 2023 erklärtem Meister des konzentrierten Stiles, doch weit mehr als
2610 1985 3207 2046 Nervenwesen die psychologisch
1477 2014 2614 2065 Schaffstein zu Köln nochmals erscheinen läßt. Auch die „Treib¬
335 2013 1471 2064 hundertdreißig kleine Seitchen Raum zur letzten Motivierung.
2620 2019 3182 2084 Tier zu solchem Geschehens
1477 2051 2621 2112 jagd“ ist eine Legende. Denn sie findet in einem symbolischen
322 2059 1484 2109 Dieser Richter bedürfte Dostojewskyscher Details. Diese Frau
2616 2068 3202 2128 Schaeffer überzeugt durch sein
1474 2096 2622 2142 Walde des Friedens statt, wo dem ersten Markgrafen von Trassen¬
330 2097 1473 2154 brauchte Kothurne. So wirkt in realistisch gemeinter Darstellung
2621 2109 3211 2174 erst post miraculum, wie's
1475 2137 2619 2194 berg einst das Hubertus=Wunder geschah: da dem Jagd¬
316 2136 1485 2213 der ganze Handel als verfehlte Romantik: kleine Figurinen
2610 2159 3201 2230 man begreift's und kann's doch
1463 2180 2621 2249 wütigen die heilige Jungfrau auf dem Rücken einer Hirschin
327 2186 1425 2259 sollen Riesen spielen. Aber niemand glaubt ihnen die Rolle.
2607 2202 3208 2266 erklären. Man muß sie lesen,
1466 2227 2628 2298 erschien und die Worte sprach: In bestia anima mea —
834 2239 978 2308 III.
2612 2247 3209 2308 wir von der Macht einer rein
1476 2272 2616 2326 auch im Tiere ist meine Seele. Viel hundert Jahre später aber
2620 2288 3207 2359 triebhaften Willens. Ein Herzo
382 2282 1480 2362 Neben der bis ins künstliche verfeinerten Psycholoaie
1484 2313 2621 2371 brach der junge Herzog Woldemar — entgegen seinem besseren
2618 2333 3215 2406 Liebessessel ohne die Kirchenm
313 2334 1474 2402 Schnitzlers wirkt ein anderes Richter=Ehepaar in Oskar
1483 2361 2619 2419 Wissen um das Geheiligte und dennoch unbekümmert in seinem
2621 2374 3205 2446 wird er bezwungen und verw
322 2383 1476 2440 Jellineks „Der Bauernrichter“ (Koehler u. Ame¬
1476 2404 2620 2465 wilden Herrengemüt — widerrechtlich in den klosterstillen
2616 2422 3206 2489 gelegenheit wird durch Psychol
321 2428 1483 2495 lang Veclag, Leipzia) troßz dramatisch=heroischer Typisierung
1469 2457 2620 2504 Hain, ließ das Wild in das von Feuerbüchsen umstellte Gehege
2616 2471 3192 2551 Geschichte wird zur Legende.
320 2478 1486 2532 geradezu naturhaft. Diese Novelle ist als rcalistische Schilderung,
1469 2490 2617 2548 treiben; achtete nicht der Predigt des Abtes von Lokkum gegen
323 2521 1474 2571 als ruhiger Bericht von sehr erregten Dingen und als ein
2615 2512 3087 2591 das kann nur ein Poet.
1476 2540 2624 2590 die Rotte Korah, kümmerte sich kaum um die Abmahnungen
323 2568 1481 2625 Werk der inneren und äußeren Spannung ganz meisterhaft er¬
1477 2576 2635 2644 der ihn verwirrenden Jungfrau Suzette von der Schändung
315 2603 1480 2664 zählt. So mag es wirklich mehr Verdienst als Glück bedeuten,
1471 2611 2633 2691 der Pflanzen und Kreaturen, die in Gottes Frieden leben —
2643 2614 3207 2708 = [Erzählungen.] Klassische
316 2648 1485 2724 daß sie in dem Novellenwettbewerb der Velhagen u.
1478 2661 2625 2734 nein, nein! sondern er will mit erhobenem Gewehr eben
2613 2687 3200 2739 liches und Behagliches, alte The
325 2683 1486 2753 Kbasingschen Merratshefte von rund 2500 Arbeiten den
1477 2719 2625 2775 hineinfeuern in das flüchtende wimmeinde Leben: als plötzlich
2628 2716 3208 2785 wir in kürzlich erschienenen Novch
331 2728 1493 2793 ersten Preis erhielt. Das ewig dankbare Motiv vom
2616 2763 3199 2821 von Reinhold Zickel und „Da
327 2760 2632 2837 unschuldig Angeklagten, der sein entlastendes Alibi nur aus der Waldnacht die Madonna auf dem Hirsch in die Lich¬
2616 2806 3170 2863 von Werner Bergengruen (Ir
325 2797 2623 2873 mit der Preisgabe einer Frau erkaufen könnte, bei tung reitet. Da stutzt der Mächtige, keiner schießt; alle wollen
2625 2843 3201 2904 Schwarzmühle ist ein romantisch
324 2837 2630 2913 der er zur Zeit der Mordtat weilte, ist hier mit der besonderen sie das Wunder glauben. Nur er selber, der Herzog, erkennt
2623 2886 3173 2942 Müller Friedrich Kleinschrot,
1478 2894 2636 2949 auf einmal, daß es nur die Jungfrau Suzette ist, der sich das
324 2906 1490 2964 Pointe versehen: daß die betreffende die Frau des Richters
2622 2907 3205 2976 Zänker, Nacht für Nacht über
1483 2931 2637 3002 romantische Mirakel zum Zeichen bedient. Und halb- mit
328 2949 1486 3008 selber war. Dieser — ein Bauer an Seele, aber körperlich
2630 2953 3202 3012 schlichenes Recht schaffen soll, zu
1482 2988 2629 3041 Wollen und halb gegen sich erschießt er in bösem Trotz den
319 2993 1481 3047 ein Schwächling — setzt die Kraft seines überlegenen Kopfes
2619 2987 3202 3054 Frau und Kinder vom Herde
2617 3025 3204 3089 zweifelt dabei gebunden in dun
321 3030 2630 3089 gegen die Kraft der bäuerlichen Muskeln ein. Aus Ressenti= Hirsch, der mit der Jungfrau fällt. Da eilt der Herzog hinzu
322 3064 3206 3144 ments, Ehrgeiz und Rachsucht will er den Angeklagten gegen in Angst um das Leben des Weibes, findet sie unverletzt, trägt autorität des Vaters, sinnen auf
