3296 4320
509 134 937 225 Frau des
941 136 1341 222 Richters
312 136 423 214 D i
1479 140 1836 248 box 5/6
124 140 1342 271 32. „1e Aunansd undan
2097 1162 2248 1251 „
77 1189 219 1261 Mnt.
20 1217 2814 1297 men bald die extrem IA, also der politischen Kriminalpolizei. Man forscht überhaupt haben, sagt Dr. Stresemann, sino wir niemals abgewichen.
23 1293 2814 1352 bheit und verbrecherische nicht nach, sondern faßt sofort den Entschluß, den ein Auf die Frage, ob bei einem damaligen Eintritt Deutschlands
1640 1382 2826 1445 rechtes Luderland, welcher Ansicht auch der Dichter zuzu¬
485 1388 1651 1463 in einem anderen Land“, teilt uns der Dichter in den letzten
41 1387 482 1457 anstelle; dergestalt
1651 1432 2827 1484 neigen scheint. Denn nicht nur der Richter ist ein Lump, auch
485 1429 1485 1505 Zeilen seiner Erzählung zu unserer Beruhigung mit.
17 1414 486 1500 auf eine für ihn völlig
1644 1481 2820 1530 die anderen sind es, und wenn man die Aufrichtigkeit zum
16 1478 492 1535 ks nützliche Weise weiter
567 1464 1650 1543 Geistreich erfunden, hinreißend erzählt, mit jener
1642 1527 2818 1589 sittlichen Maßstab macht, so ist eigentlich nur einer auf¬
18 1525 488 1595 cherart seinen bis dahin
488 1520 1651 1589 epischen Meisterschaft, die sich Schnitzler erst in den letzten
1647 1559 2820 1632 richtig, Tobias Klenk, der aber trotzdem am Galgen endet.
19 1578 488 1642 icht umsonst war er in
477 1572 1639 1640 Jahren angeeignet und an der der Dramatiker starken Anteil
1641 1614 2814 1679 Denn auch der Herzog lügt — oder ist es keine Lüge, wenn
25 1614 376 1680 s Baron Grimm -
478 1623 1644 1680 hat, ist die neue Novelle vor allem als Seelengemälde be¬
1642 1667 2825 1717 er seinen Sohn als einen „jungen Wogelein“ im Hause des
10 1673 483 1734 Gesinnungslumperei des
479 1670 1641 1739 deutend. Sie zeigt, wie ein anfälliger Charakter von einer
1640 1709 2826 1768 Richters aufwachsen läßt, statt ihn für Eberhard den XVIII.
26 1711 488 1773 gelogen hat, daß Klenk
487 1721 1635 1783 Krankheit, die an seinem schwächsten Punkt in ihn eindringt,
1638 1759 2814 1821 zu erklären? — und auch Frau Aanes, die wie die Dinge
13 1760 489 1832 dern dem edlen jungen
485 1748 1647 1824 ergriffen wird, wie das Uebel zu wuchern beginnt und, fieber¬
1641 1800 2824 1859 stehen, als die moralisch höchstqualifizierte das Richteramt
17 1812 490 1877 Sachlage wendet sie sich
480 1808 1642 1881 haft fortschreitend, die letzten Reserven moralischer Gesund¬
1637 1847 2827 1920 in Schnitzlers Novelle verwaltet, wird in jenen späteren
29 1856 488 1914 t jener Plötzlichkeit, mit
480 1856 1639 1919 heit aufzehrt. Das Uebel aber, das in den Charakter ein¬
1639 1884 2826 1960 Jahren, in denen die sündhaften Frauen wieder moralisch
23 1894 486 1973 tzlerscher Frauengestalten
488 1903 1644 1968 dringt wie ein Tuberkelbazillus in eine schwache Lunge, ist
1646 1947 2815 2009 werden, nicht jedem an die Nase binden, daß sie in ihrer
37 1954 489 2008 sie zu seinem Garten¬
477 1970 1653 2015 iin allen Fällen die Lüge; das Antituberkulin, wenn man
1647 1993 2823 2052 Jugend Gartenmägdlein war und daß von daher die Titel
25 1990 484 2053 denn auch in der Folge,
482 2004 1638 2065 so sagen darf, ist die Aufrichtigkeit. „Ihr habt nun wohl ein¬
1641 2038 2821 2106 und Ehren ihres Gatten stammen. Also Unrat, wohin man
14 2042 490 2115 en Lügennetze zappelnde
481 2043 1650 2115 gesehen, Herr Richter Wogelein,“ sagte der Herzog am
1650 2082 2823 2154 blickt, weitestgehender Pessimismus; und vielleicht ist dies
487 2091 1643 2147 Schlusse im Tonfall einer altitalienischen Novelle: „daß es
25 2080 494 2163 nentwürdigter Richter,
1642 2126 2822 2191 die einzige Schwäche dieser stark und klar gestalteten Er¬
21 2134 490 2206 nn, dessen Aufgabe in
472 2128 1648 2210 nicht gut tut, vor der Welt, insbesondere aber vor seinem
1645 2174 2814 2233 zählung, daß sie die moralische Ueberlegenheit, die doch in der
23 2190 485 2251 ungen Wogelein heran¬
477 2188 1643 2257 Weibe, den Helden spielen zu wollen, wenn man nun einmal
1644 2214 2824 2274 Person ihres Urhebers gegeben ist, nicht irgendwie auch in
28 2226 494 2299 Aber auch das Schicksal
479 2235 1652 2301 als Hasenfuß geboren ward. Es geht in solchem Falle ohne
1645 2271 2825 2316 das Werk selbst einbezieht. Das Gute kann doch nicht nur
10 2279 489 2345 Aus einem aufgeklärten
483 2262 1646 2345 Lüge nicht ab; und habt Ihr euch erst zu einer herbei¬
1644 2314 2813 2373 darin bestehen, daß sich das Böse rächt, die Wahrheit nicht
23 2324 489 2390 pädisten wird am Ende
495 2324 1644 2390 gelassen, so folgen ihr die nächsten unweigerlich und um¬
1642 2362 2818 2419 bloß darin, daß alle lügen. ... Man sieht, daß die
494 2369 1642 2437 stehen euch am Ende alle wie böse Feinde. ..“ Die Frage
9 2374 482 2439 Karl Eberhard XVI. und
1654 2413 2816 2462 Gedankengänge, an die Schnitzler anknüpft, sehr hoch hinauf¬
22 2415 485 2485 lslust kaum wesemlich
486 2399 1645 2490 ist nur, warum gerade der Richter Wogelein als Hasenfuß
1657 2457 2819 2516 führen, bis in den geistreichen Himmel der Philosophie und
41 2455 473 2529 Tobias Klenk, was zu
484 2460 1653 2531 geboren ist, warum er, trotz innerer Auflehnung, vor dem
1651 2507 2820 2565 noch darüber hinaus in den blauen Himmel des Glaubens.
488 2511 1647 2577 regierenden Herrn so rettungslos zusammenknickt. Hieran
15 2512 501 2581 mal begnadigt und bloß
1644 2548 2821 2613 Aber vielleicht ist dies der größte Vorzug dieser kleinen
27 2540 1648 2624 Herzog nach seiner Ent= wird wohl auch das moralische Klima von Sigmaringen mit
1647 2593 2809 2652 Rokokonovelle, die nur sehr äußerlich angesehen eine Rokoko¬
492 2606 1652 2679 schuld sein, das der Entwicklung selbständiger Charaktere
44 2609 472 2677 bloß unverschämt ge¬
1655 2649 2807 2701 novelle ist: daß sie zum Denken anregt und, indem sic es
487 2653 1650 2715 und aufrechter Gesinnungen nicht eben günstig gewesen zu
19 2649 509 2725 Leben trachtete — wird
1649 2693 2808 2766 tut, den Leser geistreicher macht, als er für gewöhnlich ist.
17 2703 1655 2758 rechtigkeit, der auch die sein scheint, weil man derartige Charaktere in diesem ab¬
10 2743 1648 2812 nnen. „Der Galgen, an soluten Fürstentum nie geduldet und derartige Gesinnungen
2170 2745 2774 2850 Raoul Auernheimer.
11 2778 1677 2880 es Leben endete, stand nie geehrt hat. Mit anderen Worten: Sigmaringen ist ein
