3344 4320
201 87 1187 218 24. Das veite Land
1325 103 1801 206 box 28/5
381 1388 1716 1504 schen Kaisers gefugig zu machen: Oder is es gelungen, domr besser..
381 1459 2673 1553 Kaiser einzuschüchtern durch die Drohung, das Volk von Ber= sind. 4) Die allgemeinen Fleischpreise wurden entschied
385 1501 2659 1595 lin aufstehen zu lassen? Dann hätten wir ja endlich die kräftig niedergehalten und der Konsum wurde viel größ
383 1541 1550 1626 Aufklärung für die rätselhafte Nachgiebigkeit Deutschlands;
1541 1566 2675 1646 als man angenommen hatte. Er wird diesen Winter viellei
375 1572 1537 1658 In jedem Fall ist das Verdienst der Internationalen So¬
1540 1610 2066 1669 auf das Doppelte steigen.
368 1628 1553 1715 zialdemokratie, welche die Welt i. J. 1911 also vor einem
1850 1651 2373 1734 Das französische Pulver.
373 1675 1551 1755 furchtbaren Krieg zu behüten verstand, ein so großes und auch
1556 1699 2666 1785 * Paris 28. Okt. Der Kriegsminister vernahm gestern!
375 1715 1541 1794 für die Zukunft von so unobsehbarer Tragweite, daß der
1533 1758 2656 1826 Oberingenieur Maissin. Er richtete an ihn die Fre
374 1761 1544 1838 Vorwärts“ unbedingt die Pflicht hat, die dokumentarischen
1538 1806 2658 1874 weshalb er die Sitzung des Generalrats des Finister
377 1786 1532 1900 Belege für diese welthistorischen Vorgänge noch vor den
1529 1832 2642 1916 departements benützt habe, um seine Enthüllungen zu mach
368 1849 934 1932 Wahlen bekannt zu geben!
1531 1894 2658 1966 auf die Gefahr hin, im Lande vielleicht eine übertrieb
379 1910 1535 2003 D Die Isteinnahme des Reichs an Zöllen und Steuern
1544 1930 2796 2001 Beunruhigung hervorzurufen. Maissin antwortete, daß er!
2685 1956 3287 2040 mann, Gebrauch machen und##
365 1969 1539 2053 hat in der ersten Hälfte des Rechnungsjahres 1911: 831 Mill.
1530 1983 2692 2045 infolge seiner vergeblich gebliebenen Anklagen und Proteste
763 2008 820 2050 on
2692 2019 3264 2079 tur" ins Schlepptau nehmen
369 2024 1542 2098 K betragen Ein Mehr gegen den Voranschlag liegt, so¬
1525 2028 2680 2084 die vertraulichen Briefe und Proteste für unwirksam gehalten
2690 2063 3288 2122 Karonga am Nyassa erreicht un
367 2049 1530 2135 weit eine Abschätzung für das ganze Jahr überhaupt schon
1530 2069 2685 2138 und sich, um sich Gehör zu verschaffen, an die öffentliche
2677 2104 3286 2169 das schwerste Stück des Weges
372 2102 1531 2181 kunlich erscheint, insbesondere vor bei den Zöllen, bei der
1532 2115 2676 2176 Meinung gewendet habe. Ueber die sachlichen Erklärungen,
2677 2146 3288 2210 Ueberlandtransport des 8,20 m
362 2138 1533 2230 Brann'weinsteuer, der Zuckersteuer, den Stempelabgaben
1536 2157 2678 2214 die Maissin dem Kriegsminister gegeben habe, wird strengstes
2674 2186 3283 2252 Wasserscheide, welche an der sch
378 2186 1538 2267 für Wertpapiere einschließlich der Talonsteuer, und
1532 2203 2684 2269 Stillschweigen beobachtet. Man weiß nur, daß Maissin sich
2675 2221 3272 2292 dehnung von etwa 25 Meilen
375 2224 1531 2311 beim Schlußnotenstempel; daneben auch bei der Zigaretten¬
1531 2244 2686 2308 im Auftrage des Kriegsministers bereit halten muß, um seine
2675 2268 3273 2340 größten Ströme des schwarzen
366 2271 1532 2353 steuer, der Leuchtmittelsteuer, der Zündwarensteuer und der
1522 2281 2678 2355 Beschuldigungen vor der Untersuchungskommission vorzubrin¬
2681 2313 3289 2385 Kongo, trennt. Mit ungeheu
372 2318 1524 2391 Brausteuer. Die Zölle sind besonders durch eine vermehrte
1525 2340 2674 2404 gen. Der Abg. Poinlevé teilte auf Grund seiner Fest¬
2690 2364 3277 2428 unter Ueberwindung unsäglich
362 2359 1532 2443 Einfuhr an Getreide, Rohiabak und Kaffee beeinflußt; indes
1533 2377 2678 2441 stellungen im Budgetausschuß mit, daß das Datum der von
2670 2401 3285 2466 40 Schwarze das Boot mehr
369 2407 1525 2500 ist die Mehreinnahme an Getreidezöllen jetzt im Rückgang
1522 2416 2674 2479 den staatlichen Pulverfabriken in die Arsenale gesandten
357 2441 590 2511 begriffen.
2679 2439 3255 2510 auf seinen Rädern fahrend,
1520 2466 2683 2530 Pulverkisten mit dem Datum des darin enthaltenen Pulvers
2677 2496 3268 2554 wirtliches gewaltiges Gebirge
1510 2498 2683 2566 nicht übereinstimme und daß da oft ein Unterschied von zwei
381 2500 1533 2591 dt. (Ein Zeugnis.] Es ist eine ebenso übliche als falsche Be¬
2677 2530 3274 2590 wilde Felsschluchten, auf im
1523 2549 2671 2613 und noch mehr Jahren vorhanden sei. Häufig werde altes
363 2552 1522 2629 hauptung der ultramontanen Presse, daß zwar der evangelische Bund
2677 2570 3281 2624 an Abgründen entlang klettern
1527 2592 2687 2668 Pulver von neuem vermahlen und mit neuem vermengt. So
360 2585 1531 2664 sich stets mit katholischen Dingen befaßt, die Katholikenversamm¬
2667 2609 3279 2683 Triebsand, trockene Wasserläufe,
367 2625 1524 2714 lungen aber sich jeder Einmischung in protestantische Dinge ängstlich
1524 2633 2680 2696 z. B. stammten gewisse Pulverorräte der verunglückten
2665 2663 3281 2717 Sumpf und haushohes Sch
372 2661 1528 2747 enthalten; womit bewiesen werden soll, daß die wahre Toleranz
1526 2681 2675 2751 „Liberté“ die das Datum 1908 trugen, aus dem Jahre 1890
2668 2700 3283 2764 34 Tagen seinem Element wien
366 2710 1515 2781 auf katholischer (lies: ultramontaner) Seite zu finden sei. Es ist
1517 2704 2669 2793 oder 1891. Der „Matin“ erhebt heute scharfe Angriffe
2678 2751 3275 2819 Der Karungu trug es auf dem
358 2741 1514 2816 höchst erfreulis, daß die „Deutsche Wacht“, das Blatt der tapferen
1525 2769 2678 2836 gegen die staatlichen Pulverfabriken, in denen nirgends
365 2785 1521 2865 „deutschen Vereinigung“, die den konfessionellen Frieden
2671 2781 3279 2850 Mündung in den Zambesi un
1520 2803 2683 2886 eine ordentliche Ueberwachung bestehe und unter deren Per¬
365 2809 1528 2903 zu fördern sich vorsetzt und größtenteils aus guten Katholiken be¬
2672 2832 3283 2889 Station gemacht, um in der #
1519 2853 2677 2930 sonal entweder Cameraderie oder politische Feindschaft die
366 2855 1515 2934 steht, in ihrer Nummer vom 15. Oktober die ultramontane Be¬
2677 2869 3281 2930 essante Aufnahmen zu gewinnen
366 2888 1522 2973 hauptung als eine auf bloßem Schein beruhende zurückweist und
1514 2895 2677 2964 Hauptrolle spiele. Ein höherer, einer Frankreich befreundeten
2668 2907 3279 2986 durch Mon. Fiere die Kinofilms
353 2920 1511 3010 hervorhebt, daß die Vorromäusenzyklika, „welche die deutschen
1518 2940 2674 3013 Macht angehöriger Offizier, der vermöge seiner Stellung alle
2661 2944 3255 3020 bereits vorzügliche Resultate
362 2968 1515 3049 Protestanten mit Recht ties verletzte“ von der vor¬
1511 2982 2677 3057 Pulverfabriken Europas besuchen konnte, hat dem Kriegs¬
2656 2995 3282 3078 Eingeborenenbesuch im Jagdlag
2100 3018 2160 3050 en
360 3006 1515 3085 jährigen und der heurigen Generalversammlung der Katholiken mit
1504 3024 3279 3109 minister erklärt, daß die französischen Pulverfabriken die am tucke“ (bwana = Herr, tuckett
353 3041 1509 3123 Lobpreisungen bedacht wurde und daß der Fürst Alois
1503 3079 2670 3145 weitesten zurückgebliebenen seien. Kriegsminister Messiny
348 3074 1507 3165 von Löwenstein=Rosenberg sogar die Enzyklika „nach Form und In¬
2668 3093 3279 3158 zu begrußen, das Boot zu best
1509 3108 2665 3176 habe sich durch die von ihm persönlich angestellten Unter¬
354 3117 1510 3200 halt anerkannt und als eine Tat der Vorsehung (!) gekennzeichnet
2666 3120 3270 3185 machen. Nach einem unfrein
1511 3158 2666 3230 suchungen von der Richtigkeit dieser Behauptung überzeugt.
356 3156 1519 3235 hat.“ „Angesichts solcher Herausforderungen“, sagt die Deutsche
2667 3173 3279 3244 Wochen, verursacht durch das A#
353 3188 1516 3271 Wacht, „ist es eine Irreführung der öffentlichen Meinung, zu be¬
1508 3207 2664 3274 Der König von Bulgarien, der in Frankreich für Hun¬
2669 3221 3266 3285 leums, wird die Abfahrt auf
354 3231 1510 3309 haupten, daß der Katholikentag dem evangelischen Bund keinen An¬
1504 3244 2660 3316 derte von Millionen Kriegsmaterial gekauft habe, habe von
2654 3255 3262 3331 gilt's das Hauptwagnis — den
347 3276 1506 3360 laß zur Erwiderung gegeben habe“. Wir möchten diesen Anlaß
1507 3291 3274 3356 dem französischen Pulver eine so schlechte Meinung, daß er Manjemaleute aus der Karawan
348 3315 1518 3397 benützen, auf „die Deutsche Vereinigung“ mit Nachdruck hinzuweisen.
1507 3332 3264 3412 seinen Pulverbedarf in Deutschland gedeckt habe. Die süd erzählen schreckliche Angstmärcher
355 3344 1527 3424 Je stärker sie wird, desto mehr kann sie naturgemäß leisten. Vor¬
1507 3370 3281 3434 amerikanischen Staaten hätten gleichfalls die Minderwertig= Manjemas an den Ufern des #
351 3375 3248 3532 sshender ist der Graf Hoensbroech, früheres Mitglied des Zentrums. keit des französischen Pulvers festgestellt und deshalb ihre ge= anderen großen Ungeheuern,
1551 4021 1654 4100 —
2544 4035 2916 4122 shese
3180 1059 3288 1194 91
