3392 4320
281 78 1252 204 24. Das weite Land
1396 104 1838 209 box 29/7
865 662 1258 741 Ausschnitt aus:
1298 668 1551 766 nub, K8
1230 858 1425 950 S14
876 887 1037 955 vom:
1509 869 1740 970 335
719 931 2254 1085 —
1019 1056 2229 1261 gErn und Sien
1151 1302 1473 1409 S
1300 1959 1389 2000 S  5
1203 1972 1261 2026 10
759 2082 878 2167 2
1297 2169 1545 2236 S
1164 2219 1911 2330 Lill Marberg und Karl Hans Jaray
700 2287 2442 2406 Lili Marberg kam als junge Schau- sind hervorzuheben die letzten umfang¬
657 2323 2448 2446 spielerin vom Münchner Schauspielhaus zu reichen Adaptierungen der kaiserlichen Pri¬
667 2370 1554 2454 Direktor Weisse ans Wiener Deutsche
1558 2412 2443 2487 vat- und Repräsentationsräume in der Hof¬
665 2415 1546 2494 Volkstheater, und zwar als Nachfolgerin der
1548 2454 2444 2538 burg und in Schönbrunn; er baute das Pen¬
657 2446 2441 2570 Odillon. Lili Marberg hatte in München über zinger Schloß Cumberland um und schuf!
652 2512 1546 2580 300mal die Wildesche Salome gespielt;
1554 2544 2439 2636 viele schön Privatbauten und Inneneinrich¬
653 2551 1533 2632 Stuck, Lenbach, Pausinger und andere
1542 2577 2443 2663 tungen in Wien, in Österreich, in Ungarn,
647 2595 1534 2673 große Maler malten sie in dieser Rolle. Der
1540 2620 2443 2696 in der Tschechoslowakei, in Rumänien und
646 2631 2428 2750 Abschied der Marberg von München war —in Rußland. Jaray war stets bestrebt, aus¬
649 2677 2431 2793 wie sis selbst sagt — „eine tagelang wäh-Ischließlich österreichische Kunst und die
646 2714 1538 2801 rende Trauerfestlichkeit“ als Abschluß die¬
1539 2760 2424 2834 österreichische Industrie bei seinen Arbei¬
639 2767 1536 2847 ser Festlichkeit gab die Stadt München Lili
1542 2801 2427 2889 ten heranzuziehen. Sein leider noch immer
647 2801 1528 2883 Marberg ein Riesenbankett. Während dieses
1534 2839 1666 2897 nicht
1710 2847 1856 2900 zur
641 2854 1528 2937 Banketts wurde der Künstlerin ein Gemälde
1845 2849 2432 2923 Wirklichkeit gewordenes
1547 2884 2424 2972 Terrassenprojekt bei der Wiener Staatsoper
645 2897 1542 2990 von Adolf Heller, „Lili Marberg als Lola
1562 2933 2424 3015 — die beiden Grünflächen links und rechts
641 2928 1531 3007 Montez“ überreicht. Dann kam sie also ans
1537 2969 2425 3054 vom Hauptportal sollen zu Kaffeegärten!
644 2960 1518 3060 Wiener Deutsche Volkstheater — und zwei
1536 3019 2420 3099 umgestaltet werden — zählt zu den inter¬
628 3031 1526 3102 Jahre später wurde sis von Baron Berger
1530 3067 2409 3144 essantesten Entwürfen und harrt der Aus¬
635 3061 2413 3193 ans Burgtheater verpflichtet. Ihren ersten führung. Auch auf dem Gebiet der Bühnen¬
630 3104 1510 3186 großen Burgtheater-Erfolg errang sie im
1518 3144 2417 3231 ausstattung leistete Jaray Bemerkenswertes:
635 3160 1530 3235 „Weiten Land“ von Sehnitzler Seither
1526 3191 2409 3270 die Entwürfe und die Ausführung zu den
630 3190 1526 3278 schritt sie mit jeder weiteren Rölle von
1526 3229 2409 3320 Dekorationen von „Madame Sans Géne“ (in
629 3234 2406 3369 Erfolg zu Erfolg. Eine ihrer stärksten |Paris), „Dubarry“, „Scandal“ (im Deutschen
619 3276 1515 3362 Leistüngen der letzten Jahrs war die
1518 3315 2405 3399 Volkstheater), zum Schiller-Zyklus des
628 3317 2406 3426 Kaiserin Elisabeth im „Fernen Schiff“ von! Burgtheaters stammen von ihm. Die noch
614 3364 1090 3431 Rudolf Hans Bartsch.
1500 3386 2394 3478 heute bestehende Dekoration zu „Tristan
658 3412 2404 3521 Der Architekt Karl Hans Jaray,und lsolda“ schuf er gemeinsam mit Profes¬
612 3447 2389 3563 Vater des Schauspielers Hans Jaray, absol-Isor Heinrich Lefler. Auf sozialwirtschaft¬
616 3501 2403 3627 vierte seine Studien in Wien und Paris. Vonllichem Gebiet gründete Jaray die Österrei¬
614 3540 2287 3674 Jarays zahlreichen Arbeiten in Österreichlchische Fremdenverkehrsgemeinschaft.
616 3614 2426 3740 —
2854 4070 2943 4135 Be
