3436 4352
292 143 1259 273 24. Das weite Land
1409 169 1867 280 box 29/2
473 1536 2910 1727 lischen Emotion in edler Selbstbeherrschung die energischen! nacht, als das Stück endete — getrübt. Das Publikum ließ
2892 1634 3022 1715 Krei
478 1612 3014 1738 Kauptzüge seiner Gestalt herausarbeitete, kann als eine sich aber selbst über die späte Stunde durch die ausge¬ Tab
2888 1690 2997 1743 Ung
470 1671 3002 1818 Aeußerung schauspielerischen Könnens von bezwingender zeichnete Darstellung gerne hinwegtäuschen und spendete ung
465 1712 1696 1820 Kraft gelten. Die verblüffende Natürlichkeit des Künstlers,
1686 1759 2039 1846 reichen Beifall.
455 1762 1690 1863 die er auch in den Augenblicken des höchsten Affektes ent¬
2884 1806 3007 1859 Unit
469 1819 1688 1915 wickelte, wirkte erschütternd. Sie hatte auch den Grundton
2880 1843 3018 1904 Länk
2660 1832 2866 1930 A. S,
462 1860 1694 1977 für die Gesamtdarstellung angegeben und es mag unserem
2888 1889 3010 1933 Wier
1973 1861 2595 1973 Aus der Theaterkanzlei.
2888 1926 3014 1978 Süd
462 1915 1671 2015 Ensemble als großer Vorzug angerechnet werden, daß es
1744 1925 2883 2030 Samstag, den 30. Dezember gelangt in Serie 3 die mit
2886 1961 3018 2027 Staa
458 1955 1685 2050 sich in diesem, den landläufigen Begriffen der Schauspiel¬
1682 1970 2874 2074 so außerordentlichem Erfolge ausgenommene Komödie „Büxl“
2875 2005 3015 2057 Rime
464 2018 1676 2115 kunst zuwiderlaufenden Stile doch bald recht heimisch fühl¬
1671 2023 2874 2134 von Arno Holz und Oskar Jerschke erstmalig zur Wieder¬
2873 2046 3016 2098 Alpir
1678 2054 1851 2113 holung.
2885 2088 3009 2134 Skod
461 2072 1667 2161 te. Dies gilt in erster Linie von Frl. Sinek, die geschickt
1741 2094 2881 2192 Morgen Sonntag, den 31. Dezember (Sylvester) finden
2869 2121 3011 2176 Brüx
452 2114 1661 2210 über ihre schwierige Rolle hinwegglitt und im letzten
1663 2129 2870 2225 zwei Vorstellungen statt. Nachmittags 3 Uhr findet die Pre¬
2872 2158 3038 2239 Türft—
455 2161 1682 2257 Akte in bebender Selbstbeherrschung Töne tragischer
1674 2173 2679 2264 miere der Oskar Strauß'schen Operette „Die
2817 2221 2880 2265 6
1667 2206 2873 2307 Freundin“ statt, eines Werkes der bekannten Librettisten
449 2218 2877 2354 Wucht und erschütternder Innerlichkeit zeigte. Prächtig Leo Stein und A. M. Willner. — Abends 7 Uhr wird
450 2262 1670 2360 hatte sich Herr Sonnenthal mit dem abenteuersuchen¬
3085 2261 3338 2357 Die Nor
1663 2289 2595 2373 diese reizende Operette erstmalig wiederholt.
439 2319 1657 2402 den Philosophen abgefunden. Frl. Schuller hüttete
2883 2305 3333 2405 für Industrte, Handel
1725 2338 2875 2426 Für Montag, den 1. Jänner (Neujahrstag) hat die Direk¬
448 2351 1655 2459 sich als hartgeprüfte Mutter vor allzugroßer Sentimen¬
1653 2357 2866 2462 tion für Nachmittag 3 Uhr abermals die Novität „Die klei¬
2863 2401 3337 2487 besorgt billigst unter koula
1663 2408 2859 2500 ne Frenndin“ angesetzt, um auch dem auswärtigen thea¬
438 2412 1662 2510 talität und Herr Wasmuth brachte die notwendige
2853 2460 3331 2523 Börsensach einschlägigen T
1654 2443 2868 2530 terliebenden Publikum Gelegenheit zu geben, diese reizende
1634 2477 2856 2581 von Humor sprudelnde Operette kennen zu lernen. — Abends
2882 2507 3338 2576 willigst und kostenlos. 2
435 2468 2855 2574 Schlichtheit für den ideal veranlagten Dr. Mauer auf. halb 8 Uhr gelangt mit Herrn Eckert a. G. aus Brünn
2853 2539 3331 2643 die Nordösterreichische ve
435 2507 2853 2665 Interessant wußte Frl. Gerold den kokett=geistreichen als Raoul und Frl. Lola Berndt als Valentine die große Oper
440 2553 1655 2659 Gehalt ihrer Rolle zu präsentieren. Farblos blieb Herr
1651 2612 2479 2693 „Die Hugenotten“ zur Darstellung.
430 2600 1649 2711 Serbouset, der sich im Rahmen der modernen Ko¬
1712 2651 2859 2760 Dienstag, den 2. Jänner wird in Serie 4 R. Jaffes
438 2658 1648 2760 mödie nicht wohl zu fühlen scheint. Einen blasierten Jüng¬
1648 2670 2813 2796 Schauspiel „Das Bild de sSignorelli“ aufgeführt.
425 2703 1654 2804 ling der Wiener Gesellschaft zeichnete Herr Hübner mit
2929 2745 3333 2828 Die geehrten Einse
2112 2756 2365 2841 Spielplan.
422 2764 1650 2852 bestem Gelingen. Ihr bestes Können setzten die Damen
2835 2773 3325 2873 und Bücher, die für un
423 2798 1646 2911 Manjoung und Esquero, sowie die Herren Ma¬
1709 2805 3335 2928 Freitag, 29. Dezember (a. A.) 2. Gastspiel Korff; einzelne Person, sonder
1640 2847 2051 2925 „Das weite Land“.
426 2855 1649 2958 rich, Erend, Walter, Fabian und Wallner ein.
1716 2895 2569 2977 Samstag, 30. Dezember (S. 3): Büxl“.
2836 2899 3326 2966 [Zeitung Tagblat
523 2915 1629 3009 Die Spielleitung, die der Gast selbst besorgte, brachte
1703 2940 2844 3049 Sonntag, 31. Dezember (a. A.) nachmittags: „Die klei¬
1636 2963 1939 3040 ne Freundin“.
427 2955 1631 3065 neben der präzisen textlichen Durcharbeitung des Werkes,
414 2993 1632 3109 eine Reihe künstlerischer Bühnenbilder, die höchste Aner¬
1715 2998 2847 3137 Sonntag, 31. Dezember abends (a. A.): „Die kleine
1630 3036 1866 3117 Freundin“.
417 3049 875 3136 kennung verdienen.
1701 3101 3267 3204 Montag, 1. Zänner (a. A.) nachmittags: „Die kleine „oalv Oellorub
1626 3108 1869 3198 Freundin“.
502 3106 1648 3228 Die reine Freude am Genuß wurde nur durch die
424 3164 1646 3275 allzulange Dauer der VVorstellung — es war bald Mitter¬
2825 3179 3327 3274 Original Wiener-Musikn
1696 3170 2809 3284 Montag, 1. Jänner (a. A.) abends: „Hugenotten“.
2794 3215 3159 3317 Anfang 9 Uhr.
