3344 4352
493 132 597 203 Da
676 133 819 205 We
1369 138 1829 234 box 28/2
251 130 1237 253 24. udS #ite Land
1976 1177 3106 1266 Temungung, üder die durch Arbeitslosigkeit, Ueber¬
1979 1233 3105 1324 schwemmungen und Mißernten hervorgerufene entsetz¬
1988 1297 3125 1371 liche Hungersnot mit Massenenthauptungen und Gr#
1982 1343 3134 1427 drosselungen geantwortet. Und wieder sind es die aus.
640 1349 886 1444 SAn
138 1421 860 1511 and.“ 1
863 1423 1971 1502 hat er um seltsame, um ergreifende Begebenheiten einen
1975 1444 3083 1502 #riugen des Glücklichen blinken, dem seine Frau nun sich
869 1480 1985 1548 mystischen Schleier gezogen. Geheimnisvolle Mächte läßt
1976 1481 3088 1567 geschenkt. Der arme Junge fällt von seiner Hand, er ist
149 1480 878 1576 fünf Akten von Arinr S
865 1519 1977 1599 er um seine Menschen walten, die vergebens gegen die
1967 1540 3090 1599 Sieger geblieben, aber er steht nun entsetzt inmitten der
152 1540 870 1617 Burgiheater am 14. Oktober 1911.
865 1558 1988 1637 Schrecken, die auf sie hereinbrechen, sich zur Wehre setzen.
1978 1575 3084 1642 Trümmer, zu denen er seine bisherige Welt zusammen¬
137 1570 873 1654 n folgend, fürchtend und hoffend.
862 1607 1978 1684 Diesmal führt er uns einen Starken vor, einen jener
1973 1622 3083 1707 geschlagen hat. Er wird fortan nicht mehr der Starke, der
139 1622 871 1698 Frum jäh verzweifelnd, gleiten die
1971 1649 2233 1729 Sieger sein.
864 1654 1976 1717 Kraftmenschen, die Gewaltiges mit Hebeln und Schrauben,
145 1672 873 1742 ihr flüchtiges Leben dahin. Kaum
868 1702 1976 1767 mit Dampf- und dem elektrischen Funken vollbringen. Mit
2047 1696 3088 1781 Mit klar bewußter Gestaltungskunst hat Schnitzler
147 1725 871 1783 echenschaft zu geben von der Stunde,
868 1744 1977 1799 seinen Ziffern umklammert er das Erdenrund, seiner
1966 1742 3082 1828 dies durchgefährt. Auf breiter Grundlage baut er die
167 1752 877 1842 kaum ahnen sie mehr als das, was
865 1778 1974 1860 Energie gehorchen die Maschinenwerkstätten diesseits und
1972 1793 3076 1862 Welt auf in der, über der sein Held wältet. Da ist jede
180 1820 869 1878 bringen werde. Sie vollbringen
865 1834 1970 1903 jenseits des Ozeaus. Seinem eisernen Willen ist bereits
1971 1838 3083 1905 Figur mit sorgfältiger Berechnung richtig eingestellt, und
144 1842 869 1917 hnungen der Bahnen, die die Gestirne
864 1874 1965 1943 Großartiges gelungen und die um ihn wirken und
1965 1864 3084 1948 in treffend deutlicher Beleuchtung werden die Beziehungen
147 1899 876 1961 ziehen, sie beherrschen Feuer, Wasser
865 1922 1974 1988 leben, erstannen über seine Tatkraft und Arbeitsfähigkeit.
1967 1923 3083 1995 erkennbar. In den ersten zwei Akten liegt eine schwei¬
185 1942 877 2020 doch ihres Herzens tiefste Tiefen
863 1961 1968 2030 Sie staunen, sie erschrecken über die machtvolle Gebärde,
1961 1968 3080 2025 mütige Stimmung fast auf jedem Worte, alle fühlen, der
181 1994 862 2056 Was hier träumt, schafft und ent¬
871 2006 1965 2065 mit der er, achtlos über alle Rücksicht hinwegschreitend,
1956 2004 3086 2084 Held rast jener gefährlichen Höhe zu, die sein Schiasal
161 2026 864 2101 sie als höchst merkwürdige vollendete
862 2051 1967 2124 mas er begehrt, an sich reißi. Keiner vermag mit ihm
1961 2039 3084 2125 entscheiden wird. Diese Menschen scheinen keinen Willen
173 2070 869 2148 es sichtbar und greifbar geworden.
866 2095 1971 2149 Schritt zu halten, sie müssen zurückbleiben, die da
1961 2092 3077 2174 zu haben, sie gehorchen dem geheimnisvollen Zwang, die
139 2098 871 2186 ile“, sagt Frau Genia, die am edelsten
868 2135 1958 2201 glaubten, an seiner Seite mit ihm so fortwandeln zu
1971 2125 3069 2212 zener Gewaltige auf sie übt. Im scharfen Gegensatz zu
856 2182 1965 2251 können. Sie schwanden von seiner Seite, und er schaute
1962 2186 3082 2253 dem stillen Vorwärtsschreiten der Hitdlung in den beiden
139 2167 864 2267 anligen, der da une, salstentg
854 2221 1970 2282 nicht zurück. Die anderen mögen wohl Grauen empfinden
1959 2223 3078 2283 ersten Akten stehen dann die jäh hereinbrechenden Ent¬
140 2244 861 2319 men zu können, der da alles, was
863 2271 1967 2332 um solche Eiseskälte, er aber lachi der Aengstlichen. Was
1965 2270 3078 2337 scheidungen am Ende des 4. und 5. Akies. Auch der
133 2290 861 2366 eißen zu können glaubt, der da ver¬
865 2318 1970 2378 gilt ihm die Furcht der Neid, die Wut der Feinde, was
1964 2317 3073 2371 Tialog ist dieser Gestaltungsweise augepaßt. Er schwelgt
134 2347 866 2415 hnen Kraft die Dinge dieser Welt
865 2359 1970 2424 gilt es ihm, daß Freunde, die treu an ihm gehangen,
1955 2357 3064 2444 ansangs in geistreichen Beirachtungen, in träg hin¬
141 2388 869 2456 kdmal wird es ihm glüchen und die
871 2403 1961 2457 ihm verloren gingen, was gili ihm der stille Wunsch der
1959 2409 3074 2479 gebreiteten Farbentönen, dann aber schreitet er mit harten
139 2433 867 2489 sich vor ihm beugen, tausendmal wer¬
864 2446 1968 2504 Treuesten, die ihm angehören, was die schöne, vornehm
1960 2441 3079 2537 Sätzen voll harter Energie einher, bis zum Schlusse, mo
149 2478 866 2540 so fügen, wie er es geplant. Stolz
1951 2460 2690 2544 enerne Worte ein Schicksal verkünden.
859 2484 1972 2555 empfindende Gattin, die mit Leid und Seele ihm ganz
137 2518 869 2587 leinen zu seinen Füßen hernieder, er
860 2530 1968 2592 angehört, und nur ihm angehören will. Er, der Frauen¬
2036 2539 3079 2613 Die Burg hat für die Bühnenverwirklichung der
129 2565 865 2635 n und klagen, sie, die ihrer Schwäche
862 2576 1963 2640 gunst raubt, wo es ihm beliebt, er zögert keinen Augen¬
1953 2571 3069 2660 Schnitzlerschen Novität ihr möglichstks — und das ist sehr
133 2597 876 2681 unt keine Schwächen, er geht über
862 2623 1960 2689 blick, das erträumte Glück seines besten Freundes zu ver¬
1960 2636 3087 2697 viel — geleistet. Wahrscheinlich ist der Absicht des Dichters
166 2639 876 2717 hinweg, den sie bedenten ihm Feig¬
861 2663 1959 2734 nichten. Er eilt von seiner Frau, die ihm eben bewiesen,
1952 2677 3079 2759 gefolgi worden, wenn in der ersten Hälfte der Aufführung
136 2695 865 2756 it. Aber dann überkommt ihn, den
867 2693 1964 2766 welchen Schatz edelster Zärtlichkeit ihre Liebe für ihn bereit
1962 2717 3074 2790 dem Spiel ein langsames Tempo auferlegt wurde, das die
161 2725 874 2805 tausendunderstenmal die furchtbare
865 2755 1959 2804 hält, hinweg, um eine junge Mädchenblüte an sich zu reißen.
1955 2761 3079 2831 Stimmuig des Publikums bedrückte. Die Hauptrolle spielt
128 2782 866 2839 hm selbs sein eigenes Her: nicht ge¬
871 2797 1968 2854 Aber auch diesen Sieger ereilt das Verhängnis. Er muß
1961 2804 3084 2878 Herr Korff: er hat die gebotene reiche Charakteristik
165 2819 871 2901 Nervs, jedes Muskels Herr zu sein
867 2841 1961 2900 gewahren, daß er sein Weib von sich hinweg und in dio
1967 2847 3079 2926 energisch zusammengesaft und eine in sich geschlossene Ge¬
159 2866 869 2938 e ein dunkler Drang ihn vorwärts!
861 2880 1955 2943 Arme eines anderen getrieben. Er, der bisher des Zornes
1955 2886 3082 2965 stali fertig gebracht. Den Grundton für diesen Gewalts¬
122 2907 864 2980 te, ins Dunkle, das auch seine bisher
863 2915 1957 2986 betrogener Gaiten gelacht und über solch' kleinliche
1950 2937 3069 3009 menschen hat er wohl zu tief gegriffen. Diesem Herm Hof¬
128 2967 863 3022 n Augen nicht zu durchdringen ver¬
862 2969 1963 3019 Empfindung den Stab gebrochen, er verliert die Herr¬
1947 2975 3069 3048 reiter glauben wir allenfalls eine gewagte geschäftliche
134 3006 873 3071 hat Schnitzler dies Thema bereits be¬
857 3008 3066 3094 schaft über sich selbst, er sieht sich blinder Wut verfallen, 1 Uniernehmung, wir glauben al seine Touristenbravour und
139 3051 3072 3145 dramatisch. Mit starker Erzählerkunst sieht neidvoll das Gefühl siotreicher Jugend in den an seine verliebten Abenteuer, schwerlich aber an die un¬
2513 4064 2995 4147 .—
