3436 4352
254 128 1236 266 24. Das weite Land
1383 164 1835 270 box 29/2
308 1529 481 1611 vom:
631 1514 1243 1673 u 13 Pstraner Zeitung
475 1567 586 1653 1
825 1603 1143 1715 (Tagblatt
750 1656 1203 1796 Mäh- (veraugt
2119 1694 2213 1806 *3
386 1719 1836 1847 Engeldeirt Hartmann 5 Kronen, Deo Godll#. #
2310 1755 2884 1879 # ee
2890 1802 3316 1901 In-den repren Dug
381 1787 3319 1957 Franz Werner 3 Kronen, Oskar Fabiny 1 Krone, Oskarl gabe ohne Abfertigung eröffnet. In der Haltestelle Schum= Einbrüchen verübt worde
381 1842 3320 1942 Federe 3 Kronen, Josef Quasigroch 1 Kronen, Johann barg nehmen vom Tage der Eröffnung sämtliche Personen namentlich auf Fleisch¬
384 1893 3324 1996 Tomel 1 Krone, Josef Chwostek 1 Krone, Emil Dub 3 Kro=lbeförndernden Züge einen unbedingten Aufenthalt unter! In Orlau brochen in der
653 2000 1332 2112 Vom Stadttheater.
1574 2026 3323 2145 Treue und Treulosigkeit ... Anbetung für eine und Ver= mit offenen Armen dem
1577 2077 3312 2198 langen nach einer anderen oder nach mehreren. Wir ver=entgegen. Ein Naturtric
730 2098 1261 2189 „Das weite Land.“
1581 2125 3312 2244 suchen wohl Ordnung in uns zu schaffen, so gut es geht, dern macht sich geltendu
421 2141 1556 2286 Tragikomödie in 5 Akten von Artur Schnitzler.
1571 2174 3323 2301 aber diese Ordnung ist doch etwas Künstliches. Das einen schützenden Mante
1566 2223 2791 2319 Natürliche ... ist das Chaos. Die Seele ... ist ein
714 2228 1249 2322 „Gastspiel Arnold Korff.
1559 2252 1995 2338 weites Land “
2786 2263 3300 2342 Land, das soviel Raum
1976 2295 2793 2381 Und zu dieser Definition ist Schnitz¬
2867 2312 3275 2392 Drei Faktoren hab
463 2262 3313 2441 Artur Schnitzler ist Arzt. Dieser Beruf drückt sichler durchaus nicht auf dem Wege über unfruchtbares Re= einigt, den Besuchern der
354 2351 1594 2410 auch unverkennbar in den literarischen Arbeiten Schnitz¬
1574 2370 3289 2490 slektieren gekommen. Schnitzler ist wie keiner ein Autor, genußreichen Abend zu
355 2377 1581 2479 Tlers aus. Mit einer Gründlichkeit, die schon den Beige¬
1570 2415 3304 2542 der keck und sicher zuzugreifen versteht, der mit gelassenem wertvolle Arbeit Schnitz
357 2436 1586 2509 schmack der Manie hat, mit einem rücksichtslosen Hinweg¬
1571 2466 2796 2576 Freimut die Schwächen der Menschen erkennt und die
368 2483 1576 2575 setzen über anerzogene Gefühle nimmt er seine Versuche
2774 2501 3319 2586 sten Aufgaben der Scha#
1574 2521 2786 2622 Auswüchse ihrer gesellschaftlichen Institutionen geißelt. Er
2777 2550 3287 2634 der Hauptrolle durch A
354 2535 2790 2673 gestalten gleichsam unter das Seziermesser und demon= geht sogor so weit, daß man verdutzt vor den Aeußerungen
2773 2604 3279 2681 freies, stellenweise von
359 2576 3304 2736 striert in einem fesselnden Vortrag, der von witziger Sa= dieser merkwürdigen fnobistisch=blasierten Menschen steht. Zusammenwirken unser
348 2631 3305 2774 tire durchsetzt ist, daß alle unsere Leidenschaften und die Diese Offenheit, diese Aufrichtigkeit, diese Wahrheitslieb:!könnte die Einzelleistun
348 2668 3288 2776 aus ihnen herrührenden Gefühle nichts als ein schönen Oder sind auch diese nur posiert? Wird die Wahrheit komplizierten psycholog
354 2742 1572 2821 Selbstbetrug sind, deren Summe man vielleicht mit dem
1561 2766 3299 2878 und Offenheit, diese potenzierte Sucht nach Einfachheit nur Schnitzler'schen Schöpfun
348 2777 3304 2935 banalen Worte Glück bezeichnen könnte. Er beweist fer- darum angewandt, damit man sie nicht glaubt? Wahr= zuspüren. Wie leicht kön
352 2828 3293 2983 ner, daß das Leben nicht wert ist, ernst genommen zu heit, die eine versteckte Lüge ist! Und hier liegt auch das verfallen, bei diesem Z
347 2879 3297 3012 werden und nur der am glücklichsten nein, am wohl= Problem der Tragikomödie. Denn im Grunde sind alle Emanationen subtilster
347 2932 1569 3020 sten lebt, — der sich von jedem nimmt, was ihm gerade
1560 2964 3296 3077 diese schamlos egoistischen Menschen denn doch auch nur tive Leistung der Darste
341 2981 1566 3063 konveniert und sich nicht darum kümmert, was sonst im
1567 3011 2774 3106 Menschen, die nicht bar jedes Gefühles sind. Der Gleich¬
346 3022 1557 3120 Menschen stecken mag. Und nachdem der Anatom seine
2758 3060 3293 3126 zu bringen. Man wird
344 3074 1563 3165 Versuchsmenschen schichtweise zerlegt und bis auf das
1564 3063 3298 3181 mut, den sie um die Wette zur Schau tragen, ist nurgen müssen, daß es sich
1555 3107 2762 3209 erlogen und der inneren Freiheit, mit der sie sich brüsten,
342 3122 1566 3210 nackte Gerippe vor unseren Augen entblößt hat, nachdem
2762 3151 3286 3227 gaben nur um gute oo
329 3169 1562 3261 er die Funktionen jedes Nervenbündels, jedes Muskels
1563 3159 3289 3280 fehlt der Glaube. Sie geben sich alle Mühe, eine heitere kann. Eine Mittelmäßig
1548 3203 2778 3308 Miene anzunehmen, während in ihrem Innern eine rasende
333 3235 1563 3315 auf das genaueste präzisiert hat, gibt er auch noch eine
2755 3252 3286 3330 auch gestern zu beobach
1555 3256 2763 3361 Leidenschaft wütet. Mit einer Lüge ersticken sie die Wahr¬
2824 3293 3292 3380 Die Art und Weise,
338 3278 3284 3421 naturwissenschaftliche Definition der menschlichen Seele heit. Und wenn die ersten Schatten des nahenden Le=nialität des schaffenden
341 3333 3295 3414 Soll es Ihnen noch nicht aufgefallen sein, was für bensabendes sich über die schäumende Lebenskraft und nien dieses merkwürdige
331 3370 3291 3520 komplizierte Subjekte wir Menschen im Grunde sind? So Freude senken, dann brechen auch diese stahlharten, kalten schen zu einer einheith
336 3418 3295 3605 vieles hat zugleich Raum in uns —! Liebe und Trug .. Menschen zusammen und sie eilen mit träuendem Auge, wußte, wie er troß streng
