3392 4352
643 138 751 204 We
222 136 1201 254 24. Daste Land
1347 145 1799 243 box 29/2
1978 1276 2096 1350 un.
3006 1295 3156 1379 PSTRN
157 1249 3268 1447 Beide Gäste waren wiederholt der Gegenstand be= Regie hatte allerhand neue Arrangements getroffen, sich zuerst aus einem Säuglingsheim ein Kind geben.
158 1314 2207 1449 geisterten Jubels, und nach dem vierten Akt dauerte von denen mich namentlich die bessere Beleuchtung
152 1358 1191 1447 es geraume Zeit, bis der Vorhang zur Ruhe kam.
1178 1392 2209 1490 des dritten Akts erfreute. Zugleich aber hatte mon
2200 1400 3258 1489 Ihr Mann ist notürlich entzückt. Als das Kind von
159 1397 1198 1480 Ein dritter Gast wor Herr Willy Bader, und dieser
1173 1441 2220 1530 wieder der Vorliebe für das Kavalleristische Raum
2203 1437 3253 1532 der Mutter zurückgefordert wird, läßt sie sich einen
159 1439 1206 1548 war eigentlich der wichtigste, weil er auf Engagement
1179 1485 2218 1580 geben zu sollen geglaubt: die Königin erschien im
2201 1484 3256 1586 der Zwillinge ihrer Wäscherin geben, um diesen
152 1484 1188 1583 für den ersten Bassistenposten auftrat. Sein Marcel
2202 1526 3264 1617 ihrem Mann vorzustellen, und muß, nachdem der
158 1531 1190 1629 erwies sich dem Volumen und der Tragfähigkeit nach
1177 1530 3253 1673 dritten Akt zu Pferd. Es mag ja sein, daß Fräulein Monn beide zugleich gesehen hat, sich als Mutter
142 1575 1189 1668 als ausreichend. Aber sein Ton entwickelle eigent¬
1176 1572 3252 1718 Hempel das von Berlin, wo man königliche Personen von Zwillingen vorstellen. Schließlich läßt sie sich,
1171 1614 2213 1717 bekonntlich gern hoch zu Roß sieht, so gewohnt
153 1618 1189 1719 lich keinen besonderen Reiz für das Ohr. Er besitzt
2197 1663 3252 1761 um endlich das Kind aus dem Säuglingsheim frei¬
1173 1662 2193 1756 ist, und in diesem Foll hätte man natürlich recht ge¬
142 1657 1182 1763 keinen recht edlen und glatten Metallklang und zeigte
1172 1701 2199 1800 tan, ihr auch hier diese Gepflogenheit nicht zu be¬
2185 1711 3241 1798 machen und der lärmenden Mutter zurückgeben zu
139 1705 1194 1805 vielfach etwas Sprödes, Hartes und Unruhiges, wo¬
2179 1750 3245 1828 können, auch noch den weiteren Zwilling geben, und
1168 1747 2207 1847 schneiden. Aber das Roß war ziemlich unruhig
141 1752 1179 1851 bei natürlich dahingestellt bleiben muß, ob dieses
1162 1798 2197 1893 und störte im Singen, und die Sängerin schien gegen
2188 1789 3247 1899 der Mann findet sich jetzt plötzlich als glücklicher
136 1790 1179 1873 etwa der erklärlichen Aufregung des Probe=Gast¬
2186 1813 2668 1908 Vater von Drillingen.
1172 1830 1866 1933 ihren Willen früher abzuspringen.
139 1840 1182 1938 spiels zuzuschreiben war. Von den mitwirkenden
2674 1850 3236 1943 Schließlich wird dann die
2182 1880 3242 1973 Sache zu einem etwas wenig imponierenden, aber
141 1883 1184 1991 heimischen Kräften war nur Frl. Gerstorfer als
1409 1904 1972 1993 Intimes Theater.
2181 1913 3231 2022 immerhin doch nicht gar zu arg abfallenden Schluß
137 1925 1181 2036 Valentine von früher her bekannt. Ihre temperaz
2174 1960 3229 2074 gebracht. Irgend welche literarische Qualitäten hot
133 1975 1165 2067 mentvolle und gesanglich fein ausgearbeitete Durch¬
1216 1970 3225 2101 + Nürnberg, 4. Dez. Das Intime Theater hat der Schwank natürlich nicht, aber er ist, wie gesagt.
131 2022 1166 2107 führung der Rolle verdiente auch gestern volle An¬
1161 1992 3230 2167 om Samstag obend mit der ersten Aufführung des überaus wirksam und bringt manche gute Bemerkung.
129 2067 1170 2152 erkennung, wenn auch die Stimme in der Höhe nicht
1153 2052 3228 2186 Schwanks in 3 Akten von Margaret Maye: Das Hauptverdienst an dieser Wirkung ist Frl.
1151 2089 2195 2193 „Mein Baby“ einen außerordentlichen Loch¬
124 2102 1167 2199 immer so weich klang, wie es bei der Sängerin die
2168 2140 3230 2241 Lindeck zuzuschreiben, die mit drastischen Mitteln die
1147 2144 2186 2234 erfolg gehabt. Das Publikum hat sich die 3 Akte
124 2140 1166 2234 Regel ist. Von den neu eingetretenen Kräften ist
1152 2187 2175 2279 hindurch auf das allerbeste unterhalten, und es hot
2173 2187 3231 2287 Wöchnerin und Mutter gab. Auch Herr Clodius
117 2201 1167 2302 diesmal Stella Eisner der Preis zuzuerkennen, die
1146 2224 2181 2324 derort gelacht, wie es in dem Theater kaum jemals
2174 2220 3216 2328 wußte den richtigen Ton für ihren Mann zu finden.
121 2233 1160 2331 den Pagen mit guter Technik und recht fließend sang.
1155 2275 2183 2375 ärger geschehen ist. Der Schwank ist eigentlich eine
2172 2273 3222 2377 Sonst wären von den Darstellern noch Herr Heinz
123 2278 1164 2377 Besonders kam eine chromotische Skala ganz virtnos
2168 2321 3214 2414 Pabst und Frl. Hedi Herbert zu nennen, die aber
1141 2313 3221 2459 mit Tert verseyene Zirkuspantomime; er ist ganz beide nicht recht in ihrem Fahrwasser waren.
119 2333 3224 2467 zu Gehör, und die Cavatine erhielt Beifall bei offe= grob zusommengemacht, aber doch in einer so drastisch Namentlich die Kunst des Herrn Pabst arbeitet zu
121 2379 2185 2512 ner Szene. Die Damen Held und Hothum schlossen lustigen Weise, daß man selbst dann lachen muß.
120 2413 2171 2542 sich im Domen=Terzett und =Quortett den Genann= wenn der schon seit längerer Zeit vorausgeahnte
2165 2457 3212 2557 diskret und intim, um in einem solch derb ge¬
108 2470 1155 2544 ten mit Erfolg an. Herr Rudow als Nevers war zu
1146 2502 2066 2590 Haupttrick wirklich in die Erscheinung tritt.
2165 2504 3209 2595 zimmerten Schwank zu richtiger Geltung zu kom¬
112 2501 1155 2595 Anfang etwos matt in der Tongebung. Ebenso wäre
2037 2537 2172 2592 Es
1135 2544 2173 2649 handelt sich in dem Schwank um ein Ehepaar,
2152 2535 3214 2638 men. Diese Würdigung seiner Leistung soll natür¬
116 2547 2163 2671 von Herrn Stern als St. Bris bedeutend mehr welches sich fortwährend streitet, nomentlich deshalb,
2152 2583 3209 2658 lich in gar keiner Weise ein Tadel sein, eins schickt
112 2592 1146 2678 Energie und Wucht in Ton und Darstellung er¬
1138 2629 2167 2730 weil die Frau suxchtbar schwindelt und dann weil
2148 2639 3206 2727 sich nicht für alle. Die Regie durch Herrn Direktor
104 2627 1146 2730 wünscht gewesen, und Herrn Schubert lag die nach
1130 2674 2167 2777 die Ehe kinderlos geblieben ist. Der Mann möchte
2166 2678 3202 2781 Hans Blum hatte alles mögliche getan, um ein ge¬
100 2677 1162 2781 der Höhe sehr anspruchsvolle Partie des hugenotti¬
2158 2722 3204 2826 schlossenes Zusammenspiel und schlagende Wirkungen
1136 2715 3200 2864 um alles in der Welt Kinder, während die Frau die zu erzielen. Sehr vernünftig wor es vor allem, daß
115 2721 3191 2900 schen Chorführers wenig günstig. Von den kleineren häßlichen Babys verobscheut Da nun der Mann man die nach dem zweiten Akt angesagte Zwischen¬
101 2763 3207 2958 Rollen erregten einige der allerkleinsten unfreiwillige nach einer schlimmen Eifersuchtsszene angeblich auf pause fallen ließ und dos Stück in einem Zug
111 2813 3211 2982 Heiterkeit. Orchester, Chöre und Ballett, von denen Nimmerwiedersehen verschwindet, so will die Frau, herunterspielte, denn es wäre gefährlich gewesen,
101 2852 3203 3048 erstere unter Leitung des Herrn Del Cupolo stan= die ihn im Grunde des Herzens doch gern haf ihn das Publikum zu einem ruhigen Nachbenken über“
93 2897 2892 3078 den, befriedigkan im allgemeinen; im Finale des zurückrufen dadurch, daß sie sagt, sie sei die Mutter diese Clownspässe kommen zu lassen.
90 2935 2189 3092 zweiten Aktes war das Orchester etwas zu laut. Die eines Kindes geworden. Zu diesem Zweck läßt sie
