3344 4608
643 221 729 270 W
212 206 1196 308 24. Das iteLand
503 566 1011 653 Casseler Tagsblat
526 710 881 811 1710 MI
467 813 1083 927 „Das weite hand“.
570 874 1106 973 Der nene Schnllek.
284 963 1300 1033 Unter Feuilleton=Mitarbeiter schreibt uns aus Berlin:
285 998 1301 1074 Man wußte es, bevor der Vorhang vor dem erlesenen
255 1047 1304 1122 Publikum in die Höhe ging, daß uns Artur Schnitzler
252 1083 1300 1156 mit seiner neuen Tragikomödie „Das weite Land“
253 1120 1301 1193 keine Ueberraschung bringen werde. Die Entwicklung
257 1168 1307 1244 dieses Dichters ist schon lange zu ihrer Erfüllung gekom¬
251 1202 1306 1281 men und wird keine neuen Höhen mehr ersteigen. Aber
260 1241 1300 1313 es wurde auch keine Enttäuschung, dieser heztere und
254 1267 1327 1359 doch nachdenkliche Weg in die weiten Gefilde der Seele,
258 1318 1317 1398 denn sie ist das große unbekannte Land, in dem heute
257 1369 1324 1455 noch die einzigen Wunder geschehen, die kalte Nüchtern¬
253 1393 1328 1485 heit uns gelassen. Schnitzler stellt einen Führer von welt¬
258 1438 1335 1522 männischer Art dar, der auf solchen forschenden Reisen
267 1471 1320 1555 mit eleganter Klugheit, wenn dies Wort erlaubt ist,
269 1501 1338 1610 zu sagen weiß, wie er die Dinge und Menschen sieht. Es
259 1563 1334 1627 liegt im Wesen solcher Dramen, daß sie kein besonderes
269 1590 1338 1677 Interesse an einer Handlung haben, die zielstrebend zu
267 1640 1329 1709 ihrer Vollendung eilt, und daß sie als weitere Folge
272 1674 1339 1746 auch keinen eigentlichen Helden haben. Allerlei Men¬
268 1705 1331 1783 schenchschicksale werden gezeigt, die einen nur in einer be¬
284 1751 1332 1828 sonderen Entwicklungsperiode, die anderen in einem grö¬
278 1786 1341 1891 ßeren Lebensausschnitt. Manches Geschick wird bis zu
279 1830 1331 1921 seinem Ende geführt, manches bleibt für uns ein Frag¬
277 1860 1336 1956 ment. Im Zenith des Geschehens steht die Gestalt des
276 1909 1342 1986 großen Lieblers, der mit verändertem Gesicht fast in je¬
272 1950 1348 2024 dem Schnitzlerschen Stück zu finden ist, die Anatolfigur.
278 1996 1332 2071 Diesmal machte der Dichter den Versuch, die Persönlich¬
282 2016 1346 2113 keit dieses Helden tiefer zu erschauen, sie nicht einfach
286 2064 1345 2144 aufgehen zu lassen in einer bunten Fülle von Liebesge¬
283 2109 1336 2184 schichten. Der Industrielle Hofreiter hat ein viel ver¬
281 2140 1344 2230 schlungenes Seelenleben; er verrät seine Frau, so oft
288 2183 1348 2270 sein Blut rebellisch wird und nimmt es ihr keineswegs
286 2221 1345 2296 übel, wenn sie sich auf dieselbe Weise revanchiert. Er
289 2263 1340 2339 spürt keine Spur von Eifersucht. Und doch will er nicht
292 2305 1358 2388 „der Dumme“ sein, fordert den Liebhaber und erschießt
299 2353 1350 2418 ihn! Er kennt keinen Zwang des Gewissens und trotz¬
297 2382 1349 2457 dem vermag er über dem Toten, den er nicht gehaßt und
298 2422 1355 2501 doch getötet, seiner Geliebten nicht zu folgen. Sein Le¬
301 2463 1363 2548 ben zerbricht ihm unter den Händen, da er glaubte, es
299 2521 779 2590 am festesten zu halten.
337 2539 1354 2620 Es sind keine sonderlich tiefbohrenden Probleme und
294 2593 1356 2663 Erkenntnisse, die Schnitzler da aufgegriffen hat, aber er
304 2631 1360 2700 hat eine seltene Art, alte Dinge in moderner Form neu
296 2673 1367 2757 zu sagen. Die klassische Tragödie wußte mit dem Pathos
304 2704 1359 2771 erschütternd zu wirken. Das Gesellschaftsdrama unserer
305 2749 1368 2823 Tage wird keinen Konflikten aus dem Wege gehen, die
309 2784 1361 2853 man früher behandelt, doch sie wird die Leidenschaften
306 2817 1370 2895 in verschwiegener Seele ihren Kampf auskämpfen lassen
305 2862 1373 2945 und innerer Bewegung nur geringen äußeren Ausdruck
314 2887 1383 2981 geben. Es ist ein beiteres Stück, das Schnitzler da ge¬
1329 183 1803 276 box 28/4
1270 551 2341 658 geben hat, und eine frohe Stimmung lag über dem The¬
1266 622 2359 692 sater. Unter glatter Decke bereitet sich so die Katastrophe
1281 664 2361 731 vor, bis sie plötzlich hereinbricht mit wenig theatralischen
1282 690 2355 776 Nequisiten, ohne Pose — ein paar kurze Worte, Achsel¬
1295 727 2361 796 zucken und die tragische Komödie eines Lebens fand ihr
1291 775 2366 841 Ende. Ein Drama also von wenig äußerem Glanz, aber
1296 812 2107 884 von einer guten und starken Innerlichkeit.
1329 858 2360 923 Das Lessingtheater brachte eine Darstellung heraus,
1282 902 2355 975 die restlos alle Möglichkeiten ausschöpfte und — als Gan¬
1306 939 2367 1012 zes gesehen — kaum einen Wunsch offen ließ. Selbst
1317 981 2360 1046 die kleinsten Rollen waren von besten Kräften besetzt —
1304 1013 2365 1097 so hatte Emanuel Reicher kaum hundert Worte zu spre¬
1316 1060 2366 1122 chen — und es ergab sich eine Aufführung von einer aufs
1306 1097 2362 1161 feinste abgestimmten Einheitlichkeit. Man hat Unrecht,
1319 1136 2362 1199 wenn man einige Namen herausgreift; die größeren Rol¬
1319 1160 2389 1242 len wurden von Heinz Monnard, Irene Triesch und
1316 1229 1805 1300 Hilde Herterich getragen.
1374 1966 2104 2110 General-Anzeiger, Bielefeld
2739 2027 3236 2104 W
2292 2050 2342 2114 #1
2314 2089 3244 2170 sein Blut rebellisch wird und nimmt es ihr keines¬
2328 2125 3245 2201 wegs übel, wenn sie sich auf dieselbe Weise revan¬
1616 2096 1993 2222 1ZoKr 111
2332 2170 3243 2235 chiert. Er spürt keine Spur von Eisersucht. Und
2319 2209 3247 2267 doch will er nicht „der Dumme“ sein, fordert den
1522 2200 2312 2294 — Ein neues Stück von Arthur Schnitzler.
2328 2248 3240 2314 -Liebhaber und erschießt ihn! Er kennt keinen Zwang
1394 2268 2313 2343 Unser Feuilletön=Mitarbeiter schreibt uns aus¬
2320 2292 3244 2354 des Gewissens und trotzdem vermag er über den
1409 2323 1654 2387 Berlin:
2332 2314 3244 2393 Toten, den er nicht gehaßt und doch getötet, seiner
1490 2329 2317 2404 Man wußte es, bevor der Vorhang vor dem
2336 2371 3247 2427 Geliebten nicht zu folgen. Sein Leben zerbricht
1412 2389 2328 2444 erlesenen Publikum in die Höhe ging, daß uns
2341 2398 3254 2475 ihm unter den Händen, da er glaubte, es am festesten
1409 2424 2320 2491 Arthur Schnitzler mit seiner neuen Tragi¬
2326 2464 2554 2530 zu halten.
1410 2460 2317 2539 komödie , Das meiteLand“ keine Ueber¬
2376 2466 3253 2540 Es sind keine sonderlich tiefbohrenden Probleme
1409 2497 2323 2562 raschung bringen werde. Die Entwickelung dieses
2332 2538 3255 2585 und Erkenntnisse, die Schnitzler da aufgegriffen hat,
1414 2543 2326 2611 Dichters ist schon lange zu ihrer Erfüllung gekommen
2337 2558 3255 2627 aber er hat eine seltene Art, alte Dinge in moderner
1422 2583 2330 2640 und wird keine neuen Höhen mehr ersteigen.
2342 2598 3249 2669 Form neu zu sagen. Die klassische Tragödie wußte
1417 2619 2336 2676 Aber es wurde auch keine Enttäuschung, dieser
2340 2634 3249 2701 mit dem Pathos erschütternd zu wirken. Das Ge¬
1424 2656 2338 2720 heitere und doch nachdenkliche Weg in die weiten
2348 2672 3253 2746 sellschaftsdrama unserer Tage wird keinen Kon¬
1431 2693 2336 2757 Gefilde der Seele denn sie ist das große unbe¬
2352 2717 3252 2784 flikten aus dem Wege gehen, die man früher be¬
1430 2733 2340 2798 kannte Land, in dem heute noch die einzigen
2337 2756 3248 2815 handelt, doch sie wird die Leidenschaften in ver¬
1411 2775 2334 2851 Wunder geschehen, die kalte Nüchternheit uns
2350 2791 3255 2870 schwiegener Seele ihren Kampf auskämpfen lassen
1416 2808 2339 2883 gelassen. Schnitzter stellt einen Führer von welt¬
2353 2846 3255 2896 und innerer Bewegung nur geringen äußeren
1425 2858 2332 2915 männischer Art dar, der auf solchen forschenden
2359 2869 3261 2939 Ausdruck geben. Es ist ein heiteres Stück, das
1426 2892 2338 2956 Reisen mit eleganter Klugheit, wenn dies Wort
2351 2913 3264 2971 Schnitzler da gegeben hat, und eine frohe Stimmung
1427 2929 2349 2995 erlaubt ist, zu sagen weiß, wie er die Dinge und
2346 2945 3265 3029 lag über dem Theater. Unter glatter Decke be¬
1427 2967 2332 3030 Menschen sieht. Es liegt im Wesen solcher Dramen,
2348 2988 3267 3054 reitet sich so die Katastrophe vor, bis sie plötzlich
1422 3010 2339 3078 daß sie kein besonderes Interesse an einer Handlung
2352 3046 3259 3097 hereinbricht, mit wenig theatralischen Requisiten,
1421 3049 2340 3111 haben, die zielstrebend zu ihrer Vollendung eilt,
2358 3066 3271 3133 ohne Pose — ein paar kurze Worte, Achselzucken
1424 3088 2340 3158 und daß sie als weitere Folge auch keinen eigent¬
2352 3101 3273 3177 und die tragische Komödie eines Lebens fand ihr
1426 3118 2340 3185 lichen Helden haben. Allerlei Menschenschicksale
2365 3148 3272 3215 Ende. Ein Drama also von wenig äußerem Glanz,
1417 3169 2348 3234 werden gezeigt, die einen nur in einer besonderen
2351 3182 3272 3254 aber von einer guten und starken Innerlichkeit.
1424 3206 2345 3273 Entwickelungsperiode, die anderen in einem größe¬
2438 3225 3272 3287 Das Lessingtheater brachte eine Dar¬
1422 3240 2359 3307 ren Lebensausschnitt. Manches Geschick wird vis
2367 3267 3270 3328 stellung heraus, die restlos alle Möglichkeiten aus¬
1431 3284 2355 3350 zu einem Ende geführt, manches bleibt für uns ein
2368 3307 3264 3375 schöpfte und als Ganzes gesehen, kaum einen Wunsch
1425 3325 2346 3384 Fragment. Im Zenith des Geschehens steht die
2369 3340 3270 3404 offen ließ. Selbst die kleinsten Rollen waren von
1429 3364 2343 3416 Gestalt des großen Liebahbers, der mit verändertem
2363 3366 3280 3440 besten Kräften besetzt, so hatte Emanuel Reicher
1431 3412 2352 3462 Gesicht fast in jedem Schnitzlerschen Stück zu finden
2361 3421 3285 3488 kaum hundert Worte zu sprechen und es ergab sich
1432 3440 2362 3521 ist, die Anatolfigur. Diesmal machte der Dichter:
2365 3455 3292 3520 eine Aufführung von einer aufs feinste abge¬
1436 3478 2352 3544 den Versuch, die Persönlichkeit dieses Helden
2371 3477 3283 3568 stimmten Einheitlichkeit. Man hat Unrecht, wenn
1433 3515 2356 3588 tiefer zu erschauen, sie nicht einsach aufgehen zu
2364 3526 3290 3601 man einige Namen herausgreift; die größeren
1427 3557 2371 3620 lassen in einer bunten Fülle von Liebesgeschichten.
2378 3576 3288 3637 Rollen wurden von Heinz Monnard, Irene
1435 3599 2356 3661 Der Industrielle Hofreiter hat ein viel verschlun¬
1436 3614 3305 3717 genes Seelenleben; er verrät seine Frau, so ofts Triesch und Hilde Herterich getragen.
