3392 4352
1352 136 1787 215 box 28/2
226 124 1194 231 24. Das weite-Land
477 1077 714 1157 AUNNCN
708 1072 1540 1232 Mlifirtes Wiener Frtrablatt
493 1181 629 1238 vom:
1034 1203 1188 1287 Wien
589 1269 1428 1413 Wiener Theatergeschichten.
526 1435 1407 1518 Der Portier vom Südbahnhotel.
585 1499 1503 1555 Seitdem der Portier vom Südbahnhotel auf
467 1559 1491 1610 edem Semmering durch Artur Schnitzler „in die
467 1596 1505 1644 Literatur hineingekommen ist“, verspürt Herr Rosen¬
468 1642 1503 1687 stock früher nie gekannte Wonnen. Stolz erzählt der
478 1693 1495 1740 wackere Torwart jedermann, er habe die Zuständigkeit
467 1722 1504 1786 ins Burgtheater erlangt. Im „Weiten Land“ wird
472 1770 1484 1827 von ihm geredet, dort ist ihm eine wichtige Rolle zu¬
473 1812 1496 1866 gefallen. Und Herr Thimig trägt seine Kappe, seine
467 1854 1501 1917 Uniform als Portier. In Gesellschaft Schnitzlers
471 1906 1494 1965 ist Thimig auf den Semmering gefahren, um
474 1949 1491 1994 an Ort und Stelle Studien zu machen, um das
470 1990 1489 2044 Original persönlich kennen zu lernen. Schnitzler
477 2031 1491 2082 getraute sich nicht recht eine lebende Person
471 2078 1499 2123 auf das Theuter zu stellen. Erst nach längeren Be¬
479 2123 1491 2167 satungen mit guten Freunden griff er Herrn Rosen¬
474 2153 1494 2198 stock aus dem Leben. Thimig saß mehrere Stunden
467 2193 1494 2240 in der Hotelhalle um das Vorbild zu beobachten, ab¬
469 2239 1504 2292 zugucken, wie er sich räuspert, wie er mit den Gästen
476 2280 1503 2327 verkehrt. Und plötzlich trat Herr Rosenstock auf den Schau¬
473 2324 1491 2382 spieler zu, klopfte ihm auf die Schulter und sprach mit
468 2364 1502 2412 höflicher Verbeugung: „Verzeihen Sie meine Frage,
471 2413 1500 2467 sind Sie nicht ein — Journalist?“ Thimig schaute ben
469 2456 1500 2504 Interpellanten groß au und verneinte. „Warum machen
482 2502 1494 2553 Sie sich fortwährend Notizen?“ wollte der Torwart
469 2556 1489 2598 wissen. Den Schaustieler belustigte die Situation und
477 2588 1497 2639 er stellte sich vor. „Aha“ — meinte der Großschlüssel¬
479 2627 1496 2672 bewahrer — „Sie wollen mich kopieren? Das haben
472 2677 1501 2724 schon Andere ebenfalls versucht. Ich bin doch weder
482 2700 1501 2760 ein berühmter, noch ein interessanter Mensch.“ Worauf
474 2765 1498 2805 Thimig liebenswürdig ergänzte: „Aber ein braver
473 2792 1490 2841 Mann sind Sie, Herr Rosenstock.“ „Pardon,“ korrigierte
471 2845 1495 2894 der Portier, sich heiße seit kurzem Rostler.“ „Macht
471 2888 1502 2956 nichts, erklarte Thimig und deklamierte dann mit
482 2924 937 2984 Julia Capulet weiter:
548 2943 1381 3024 Was ist ein Name? Was uns Rose heißt —
550 3000 1385 3080 Wie es auch heiße, würde lieblich duften.
1831 1565 3002 1704 Ansschaltt ausNeue Badische Landes Zeitung
1955 1635 2211 1718 71.11. 1911
2401 1655 2728 1757 Mannheim
1823 1672 1940 1763 70n
2091 1812 2734 1916 Wand Miitel
1947 1928 3013 2040 Vor Feola, dem Trinker aus Lebensekel, durfte Otto¬
1794 1960 3017 2067 #Ernsts Trinker aus Leichtsteen und falsch gewendeter Geniali=,
1849 2017 3005 2120 tät die Wahrheit des ### auch schiefgedrehten Spruches:
1862 2042 2310 2103 „Die Liebe höret
2492 2083 3007 2147 auf“ an sich erproben.
1848 2086 3008 2192 Nun denn, das Publikum, das schon bei der Premiere recht,
1857 2126 2984 2231 unfreundlich war, wollte von Ernstens langmütig=drama¬
1850 2164 3004 2287 tischer Deutung der Paulinischen Worte nichts wisse, und
1846 2196 3000 2325 die Liebe hörete sehr buld auf, im Spielplan zu rrunken.
1846 2242 2991 2341 und schwachnervige Leute zu rühren. Dagegen hat Einer,
1847 2280 2990 2366 der sich nicht bloß durch Wein, sondern durch vielerlei ver¬
1844 2319 3011 2424 wegenes Spielen mit dem Leben berauscht, der Teufelskerl.
1838 2351 2976 2461 Hofreiter zahlreiche Neugierige in „Das weite Land“.
1853 2390 2993 2510 der Seelt gezogen, worin er voltigiert und songliert, und,
1873 2435 2987 2554 Wmitzkers neues Drama, das bei seiner Wiener Urauf=
1820 2444 2975 2586 Ihrung kkoß Anwesenheit des Dichters nicht viel wärmer.
1834 2515 2989 2640 aufgenommen wurde als am gleichen Tage in Berlin und,
1828 2546 2992 2669 München, hat sich in Wien nachträglich zum Zugstück entwickest.
2994 1650 3062 1723 8
