3156 4224
995 70 1197 142 Land
267 60 1216 175 24. Das weite—
161 781 783 860 Versicherungen seiner Gleich¬
150 838 776 918 ersucht er sich auch jetzt an¬
141 881 784 958 er Attitude. Er findet auch
213 943 251 994 :
266 938 781 1015 etzt braucht Genia ihm
193 990 784 1056 chuldig und ihm daher viel
177 1030 222 1095 d
235 1033 773 1104 sie früher noch den Ver¬
250 1087 781 1158 erfügt jetzt er über sie
263 1134 770 1204 S. 147). Aber schon in
262 1177 768 1262 Versuchen, die Sache zu
252 1227 770 1308 er sonst seiner messer¬
289 1277 484 1343 ch sogar:
382 1476 750 1564 b ich mich hin¬
495 1594 750 1682 e ist, diese
500 1668 751 1730 n Männern
484 1713 744 1786 eht er demn
467 1762 749 1829 ndern dieser
495 1812 739 1877 rblüffender
503 1862 741 1928 auf bringt:
529 1906 736 1978 igen, wie
537 1963 736 2022 rovoziert
520 2016 561 2068 In
572 2008 721 2083 Sekun¬
626 2106 725 2173 Das
584 2163 719 2218 aber
563 2207 720 2272 bjektiv
580 2255 718 2319 chia’s
613 2312 719 2366 esen
613 2360 713 2413 zu
614 2403 694 2475 Sieg
584 2450 692 2506 nda¬
585 2502 718 2561 iegelt
619 2552 712 2616 lt,
1376 81 1832 176 box 29/6
1511 750 2366 829 Schnitzler’s Tragikomödie „Das weite Land“
2608 762 2718 836 39
1169 852 2700 932 sperrt ist. Und so verlassen wir ihn als völlig desorientierten, als einen,
1173 898 2701 976 dessen Lebensfäden in anscheinend unlösbare Verwirrung geraten sind.
1292 958 2707 1043 Wir glauben nun, den inneren Zusammenhang im Charakter des
1161 1005 2703 1102 Helden dargelegt und die Verknüpfung seiner Handlungen untereinander
1162 1045 2709 1122 aufgezeigt zu haben. So hätten wir den einen Teil unserer Aufgabe
1162 1109 2707 1192 gelöst. Wir haben uns dabei darauf beschränkt, die vom Dichter
1161 1155 2700 1225 dargebotenen Züge zu gruppieren und die bei dieser Zusammenstellung
1168 1204 2705 1267 sich aufdrängenden Schlüsse zu ziehen. Wir hätten nicht so verfahren
1159 1228 2698 1329 können, wie wir es getan haben, wenn wir nicht der Psychoanalyse
1152 1281 2695 1377 eine Gewöhnung an gewisse Problemstellungen und einen geschärften
1156 1338 2701 1428 Blick für die Beurteilung unscheinbarer Einzelheiten verdankten. Wir
1159 1393 2695 1474 haben es aber absichtlich vermieden, die konkreten Ergebnisse der Psycho¬
1157 1448 2686 1522 analyse von aussen in den Stoff hereinzutragen und haben unser psycho¬
1156 1470 2697 1567 logisches Wissen höchstens dazu benützt, einen oder den andern Zug
1147 1514 2696 1620 stärker hervorzuheben und so das ganze Bild deutlicher zu machen.
1143 1591 2686 1676 Trotz dieser Zurückhaltung finden wir, dass das geworgene Charakterbild,
1147 1638 2694 1724 wenn es auch nicht die systematische Vollständigkeit besitzt, die wir an
1147 1691 2694 1768 dem Ergebnis einer gründlichen ärztlichen Analyse gewohnt sind, doch
1145 1730 2682 1825 dieselben typischen Züge aufweist, die Adler uns dort zu sehen gelehrt
1146 1776 2673 1854 hat. Wir haben gesehen, wie eine Tendenz seine gesamten Lebens¬
1141 1829 2675 1913 äusserungen beherrscht, und wie sein Verhalten zur Frau nur einen Spezial¬
1139 1879 2688 1962 fall seines allgemeinen Verhaltens darstellt. Die bei ihm zunächst in
1141 1927 2693 1997 die Augen springende Sicherheit, Überlegenheit und Unbekümmertheit hat
1145 1980 2678 2057 sich als etwas Sekundäres erwiesen. Eine Reihe von Zügen hat uns ver¬
1136 2018 2669 2103 raten, dass im Grunde seines Wesens ein nie ruhendes Gefühl der Un¬
1144 2069 2674 2156 sicherheit wohnt, und wir haben verstanden, dass gerade dieses es ist,
1137 2118 2680 2181 das ihm den trügerischen Schein der Sicherheit verleiht, indem es ihm
1140 2158 2685 2234 jeder Lage und jeder Person gegenüber aufpeitscht, seine Vollwertigkeit
1134 2229 2673 2302 zu beweisen, indem es ihn durch die ständige Angst vor einer Niederlage
1138 2263 2664 2327 in jedem Moment antreibt, seine ganze Persönlichkeit einzusetzen. Er¬
1136 2308 2669 2400 innern wir uns nun daran, dass wir als eine besonders charakteristische
1132 2355 2673 2430 Ausdrucksform seines Gefühls der Unsicherheit die Furcht beobachten
1130 2409 2666 2478 konnten, unter die Herrschaft der Frau zu kommen, und halten wir da¬
1128 2456 2676 2531 mit zusammen, ass die hervorstechendste Art, wie er zur Sicherheit
1133 2494 2668 2567 gelangen will, der Angriff auf die Frau ist, so kommen wir wohl zu dem
1125 2546 2667 2629 Schlusse, die Besorgnis, die ihm am meisten zu schaffen mache, kleide
1122 2604 2664 2683 sich in den drängenden Imperativ: „Ich muss zeigen, dass ich ein Mann
1122 2656 2662 2739 bin. Ich muss um jeden Preis die dem Manne zustehende Herrscher¬
1124 2705 2660 2789 rolle ausüben.“ Wollten wir hinter diesem Imperativ die Frage auf¬
1122 2754 2656 2840 spüren: „Bin ich ein Mann?“ so hiesse das freilich über das im Drama
1123 2801 2667 2882 Gegebene hinausgehn. Aber wir glauben hier an den Punkt gelangt zu
1116 2838 2660 2921 sein, wo wir den Charakter Hofreiters ohne Gewaltsamkeit in den Rahmen
1121 2875 2652 2984 unserer psychologischen Erkenntnisse einfügen dürfen. So können wir
1109 2926 2659 3030 wohl abschliessend sagen: ein Mann, der so handelt wie Hofreiter, stcht
1113 2999 2645 3078 unter der Herrschaft eines intensiven männlichen Protestes und die ge¬
1122 3047 2653 3127 steigerte Libido, die wir an ihm bemerken, ist nur eines der Mittel,
1117 3072 2041 3164 deren sich der männliche Protest bedient.
1239 3132 2646 3232 Wenn wir jetzt über das Verständnis des Hauptcharakters hinaus
1112 3189 2651 3281 zum Sinn des Dramas vordringen wollten, so harrte unser eigentlich
1106 3230 2655 3343 noch ein weiter Weg. Der Dichter hat ja das Problem des Verhaltens zu
2703 3809 2744 3866 25
1986 3855 2071 3920 135
2708 3947 2829 4013 W
2380 3975 2436 4028 50
2327 3983 2374 4021 8
2248 3988 2323 4046 4
