3392 4448
1428 60 1779 153 10K 28/2
239 78 1214 188 24. Das weite Land
2959 946 3136 1029 ungen.
1310 972 1395 1045 Sn
2951 993 3353 1088 glichen Wie kaun
593 995 2904 1108 aber einmal die Dichtung als Gegenspiel der (welche die erratende Gina mit Glück erfüllt,) läßt er nur
2983 1041 3132 1116 und
145 1042 272 1138 d.
599 1051 2897 1153 zeitlichen Gesellschaftsart entstanden. Nicht, die seinem Gefühl der Verwunderung freien Lauf, wie eine
2952 1084 3124 1163 hulung
3114 1110 3344 1184 zler ver
1753 1104 2900 1182 Frau ein Leben ruhig verbluten sehen konnte, das durch
611 1109 1747 1206 Eingrenzung der persönlichen Freiheit durch zu¬
154 1108 451 1211 schnitzler.
2940 1144 3122 1213 skreten
1744 1159 2915 1228 ihre Hingabe zu retten gewesen wäre. Don Juan
3179 1161 3346 1225 Paral
609 1165 1745 1239 dringliche Neugierde; nicht das Mißverständnis,
2949 1189 3116 1249 Sopran
157 1179 273 1257 r.)
1747 1200 2919 1270 des zwanzigsten Jahrhunderts ist Hofreiter gleich diesem
3224 1209 3358 1275 Chekes
601 1215 1749 1283 welches stets zwischen dem Ereignis und dem Schein
2949 1218 3101 1290 eit in
149 1218 603 1318 llement indiscréte
1744 1252 2900 1312 der ewige Frondeur des Sittengesetzes und der land¬
606 1267 1758 1352 des Ereignisses sich einzwängt, gibt den dramatischen
2932 1265 3004 1333 g
161 1282 600 1363 genannt. Er meinte
1755 1295 2915 1375 läufigen Zeitmoral. Kulturprodukt aus Hebbel und Ibsen
606 1321 1746 1381 Kern des Stückes. Sondern was aus dem Widerspruch
157 1337 603 1400 tenklatsch schamloser,
1751 1341 2906 1416 geworden, meint er, die Frau zum freien Individuum in
602 1362 1757 1440 eines Menschenerkenners und =Gestalters gegen ein solches
160 1383 610 1456 anderen Großstadt¬
1747 1390 2915 1466 der Liebeswahl auch innerhalb der Ehe akzeptieren zu
3290 1412 3352 1469 ih
611 1409 1759 1480 Sittenbild der Gegenwart, als Sehnsucht, als Gedanken
158 1436 604 1510 ereinfachung auftritt.
1752 1449 2916 1516 können. Halb zu Gina hingezogen, welche ihm, da ein
610 1462 1746 1530 sich regte, ist zu Menschenschicksalen kristallisiert. Aus den
147 1488 597 1552 Die Affäre, als Tat¬
2929 1455 3000 1569 iu
1750 1494 2918 1581 anderer ihrer begehrte, wieder begehrenswert wird, stößt
3271 1504 3352 1566 fei
615 1501 1759 1583 moralischen Philisterium einer Stadt entringt sich die
159 1510 597 1602 bröbert weitergegeben,
1759 1539 2907 1617 er sie doch von sich. „Daß der arme Korsakow jetzt
3260 1538 3350 1618 So
602 1561 1749 1623 schöne freie Melodie, welche Schnitzlers Tragikomödie
170 1562 612 1641 schafts=Spionage, das
2925 1562 3032 1647 usi
1760 1581 2916 1660 unter der Erde verwest, die Ursache davon bist ja
604 1608 1763 1690 als Leitmotiv durchzieht, „Die Seele ist ein weites
153 1612 610 1699 auern des psychologi¬
2940 1610 3086 1689 abends
3092 1640 3156 1718 h:
1753 1636 2909 1708 doch du! Natürlich unschuldig, in doppeltem Sinn.
3180 1626 3331 1710 „Das
612 1664 779 1746 Land.“
2929 1679 3108 1747 inssaal
167 1670 605 1753 krenzierung der Fälle
3095 1678 3345 1768 i nicht nur
1751 1687 2923 1750 Ein anderer als ich würde vielleicht vor dir
727 1679 1764 1773 „Warum ich sie (meine Frau) betrogen habe? Sie
2921 1720 3097 1776 hl von
182 1719 601 1796 „Man sagt“, fehlt
3100 1726 3364 1812 . Oder B
1754 1745 2917 1818 auf den Knien liegen, dich anbeten wie eine Heilige,
601 1746 1757 1819 fragen mich? Sollte es Ihnen nicht aufgefallen sein, was
2918 1758 3094 1817 an der
159 1755 613 1843 ie indiskreteste Stadt
2259 1781 2824 1857 Ich bin halt nicht so
3087 1786 3365 1869 Oder alles
1761 1794 2160 1863 gerade deswegen!
2923 1797 3090 1865 rlassen
616 1797 1760 1867 für komplizierte Subjekte wir Menschen im Grunde sind?
193 1822 616 1890 privatesten Eigen¬
3076 1835 3294 1903 iele usw.
1751 1814 2903 1898 Mir bist du gerade dadurch gleichsam fremder geworden!“
2911 1844 3086 1932 ienstag
620 1846 1752 1908 So vieles hat zugleich Raum in uns. — Liebe und
166 1865 605 1938 gemeingut betrachtet.
1751 1876 2907 1970 Und um sich gegen eine leise aufkeimende Annäherung
2985 1870 3352 1962 Cat sich einer,
1335 1890 1762 1974 .. Anbetung für
613 1900 1363 1973 Trug. ... Treue und Treulosigkeit.
153 1902 619 1986 ie Seele, kein Porte¬
1761 1930 2909 2000 zu wehren, die zwischen ihm und seiner Frau wie eine
2938 1929 3191 2015 —D0
3260 1944 3363 1999 n E
607 1945 1751 2006 die Eine und Verlangen nach einer Andern oder Mehreren.
155 1952 602 2033 rd gewogen, betastet;
1757 1964 2920 2055 Liebesblüte, von Korsakows Blut gedüngt, zu sprießen
3287 1996 3367 2075 d
603 1992 1759 2062 Wir versuchen wohl Ordnung in uns zu schaffen, so gut
160 2002 614 2084 ingeschätzt. Aber all
2631 2023 2916 2094 einem Flirt
1751 2040 2555 2109 beginnt — reist Friedrich plötzlich ab
682 2042 1759 2123 geht, aber diese Ordnung ist doch nur etwas Künst¬
607 2050 711 2107 es
177 2058 607 2139 vom = Andern =leben,
2292 2067 2990 2161 Gina aber ergibt sich einem 1.
1762 2084 2314 2153 einer anderen nach. —
1250 2088 1755 2159 ist das Chaos. Ja,
867 2077 1231 2162 Das Natürliche
602 2085 772 2160 liches.
190 2097 616 2180 fremdem Handeln
1759 2117 2327 2206 Anderen, der ihrer begehrt.
612 2124 1759 2213 mein guter Hofreiter, die Seele ist ein weites Land, wie
174 2151 612 2233 tieferen Kenntnis¬
1859 2170 3038 2253 Aus Liebe? Aus Schmerz, aus Enttäuschung, aus ber.
623 2183 1313 2272 ein Dichter es einmal ausdrückte.“
168 2195 626 2282 er Mannigfaltigkeit.
3028 2177 3229 2292 e Unsien
3229 2229 3361 2297 ersch
1754 2231 2922 2290 Trotzgefühl? Oder vielleicht auch einer Erregung der
724 2222 1765 2307 Hier ist die Abgrenzung des Seelengebietes genau
155 2241 613 2328 net das Urteil des
3035 2264 3348 2342 nal. „Ich bin
1770 2271 2914 2342 Sinne folgend, die durch das Begehrtwerden von dem
617 2291 1772 2363 gegeben, welches Schnitzler seinem Experiment
163 2285 617 2372 tliche Meinung trägt.
3046 2314 3355 2394 mmt vor Hof
2892 2304 3046 2404 ik be¬
1757 2328 2912 2388 Einen, durch das eigene Begehren nach ihrem Gatten und
620 2327 1772 2406 unterwirft. Die Komplexität, die Vermengung und Durch¬
172 2336 619 2421 bestimmt die mensch¬
3041 2352 3358 2430 denn, was ich
1754 2376 2913 2445 dem Verschmähtsein sich der so keuschen, einem einheit¬
612 2383 1759 2449 dringung rätselhafter Antagonismen in einer Menschen¬
177 2397 616 2472 , unanständig. Liebe
3018 2401 3330 2480 zzukommen?
1762 2416 2922 2496 lichen Schicksal Bestimmten bemächtigt hatte? Gleich
616 2421 1771 2500 brust vereint — ließe sich gewiß in den verschiedensten
173 2439 619 2521 ückliche Ehe, wenn
1771 2440 3368 2534 hier, steht man der Unergründlichkeit gegenüber. Hier .000) eheuerlich wie
616 2485 1759 2554 Beziehungen des Menschen zum Dasein —, nachweisen.
193 2493 619 2564 1. Daß es auch für
1772 2510 3374 2587 schon breiten sich die Schleier des psychologischen Ge= .000) im äufersten U
617 2511 1772 2591 Hier aber wird nur das Verhältnis zwischen Mann und
177 2542 619 2611 davon läßt sich das
1765 2543 3366 2634 heimnisses. Man weiß die Tat. Aber nicht einmal .0ocher Gefühle au
612 2571 1771 2644 Weib und insbesondere zwischen Ehemann und Eheweib
170 2570 632 2663 ts träumen. Sie sind
3021 2600 3366 2672 die Schnitzl
1769 2616 3374 2729 der Wille, der sie lenkt, kennt den Urtrieb des eigenen .000), die Unberechen
615 2612 1763 2697 als Rätfelding beleuchtet. Friedrich Hofreiter
214 2633 617 2723 Sie sind die Pri¬
1774 2670 1944 2752 Seins.
725 2678 1758 2737 seiner Frau Gina seit Jahren untreu und
624 2684 721 2747 ist
1874 2697 3377 2784 Friedrich Hofreiter findet, als er zurückkehrt, .000)n Kunst auf Kun
631 2726 1775 2789 dennoch schlummert in ihm Leidenschaftsmöglichkeit
2984 2746 3280 2817 ses Werkes
1772 2749 2912 2822 Gina in den Armen ihres Liebhabers. Findet sie also in
618 2771 1770 2849 nach ihr. Er erfährt, daß ein Freund von Gina
180 2774 631 2850 der so tief mit der
1755 2774 3360 2888 jener Situation, die er selbst als natürliche Revanche .000)5o sehr sind hier
622 2823 1769 2887 abgewiesen, sich aus Verzweiflung erschossen hat. Er
170 2823 633 2900 mag der Dichtungs¬
2977 2839 3377 2917 (Gesetzen in der P
1780 2857 2912 2921 einer von ihrem Gatten vernachlässigten Frau gepriesen
626 2866 1777 2933 weiß Gina durch seine eigene Untreue frei; es
178 2876 625 2956 r aufgeführten Tragi¬
1775 2881 3329 2980 hatte. Er mußte die Wendung gelassen hinnehmen. Wennahn bennuancen der
627 2917 1774 2981 käme ihm unsinnig vor, von ihr Treue zu
169 2917 631 3007 ufgegongen sein. In
2951 2930 3367 3016 enen Reinheit, zwa
1783 2957 2922 3018 es nach den Regeln gesetzesmäßiger Seelenlogik ginge.
632 2971 1779 3032 fordern. So wallt denn vorerst in ihm das Gefühl einer
224 2968 636 3050 scheulederner Be¬
2960 2985 3370 3058 unendliche Abstufu
1779 2984 2942 3065 Aber die Mehrheit des Ich bricht mit elementarer
619 3005 1771 3084 Erbitterung dagegen auf, daß ein junges Menschenleben
171 3016 629 3089 #den sein, auf eine
1769 3037 3371 3114 Gewalt alle Verstandesschranken. Der Gatte erschießt denk dieh nebeneinandergese
629 3056 1781 3123 einer sogenannten Tugendkonvention wegen erlöschen
175 3069 633 3137 Besellschaft ihrer Tor¬
1768 3080 3369 3161 Liebhaber, weil dieser seine doch von ihm freigegebeneehen, Tupfen. Und es
624 3105 1779 3176 mußte. Denn Hofreiter glaubt sich innerlich frei genug,
195 3130 638 3187 bbel verlangt vom
1776 3135 3325 3213 Frau zu besitzen wagt. Der Triebmensch ist stärker alsttlich entgegen. Ein
179 3163 1777 3231 die, daß sie Schilde= um der Besitzesdespotie seines Mannestums zu gebieten.
183 3175 3376 3302 de seien. Hier ist nun! Das Aufflackern einer instinktiven Eifersucht unterdrückend, der Kultur=Erotiker. Das Männchen siegt über den Mann Et= Nur wenn die 9##
2910 3217 3364 3312 und die Reflexfarbe
2906 3277 3356 3366 ichtig dosiert sind,
