3344 4352
656 171 740 230 W
1049 177 1137 235 n
1351 160 1835 261 box 28/2
236 161 1209 272 24. Das seite Land
2520 1275 3314 1357 Temungung, üder die durch Arbeit
2535 1340 3322 1412 schwemmungen und Mißernten hervo#
2528 1388 3318 1454 liche Hungersnot mit Massenenthauptu
2531 1426 3310 1509 drosselungen geantwortet. Und wieder
1334 1446 1544 1533 K
1926 1458 2069 1541 PEEAE
307 1507 1446 1582 „Das weite Land.“ 7## drn
1422 1514 2535 1605 hat er um seltsame, um ergreifende Begebenheiten einen
2520 1498 3323 1600 nen ver eilelien unten din iul
1414 1552 2527 1640 mystischen Schleier gezogen. Geheimnisvolle Mächte läßt
315 1562 1434 1654 Tragikomödie in fünf Akten von Aum S#hLen
2524 1575 3315 1653 geschenkt. Der arme Junge fällt von sei
1418 1602 2527 1685 ser um seine Menschen walten, die vergebens gegen die
313 1609 1429 1693 Erstaufführung im Burgtheater am 14. Oktober 1911.
2518 1620 3320 1707 Sieger geblieben, aber er steht nun ent
1429 1656 2522 1717 Schrecken, die auf sie hereinbrechen, sich zur Wehre setzen.
2520 1673 3303 1738 Trümmer, zu denen er seine bisherige
396 1673 1425 1744 Dunklen Trieben folgend, fürchtend und hoffend,
1413 1673 2529 1770 Diesmal führt er uns einen Starken vor, einen jener
2519 1711 3310 1798 geschlagen hat. Er wird fortan nicht mehr
314 1705 1420 1784 jauchzend und wiederum jäh verzweifelnd, gleiten die
1414 1731 2527 1818 Kraftmenschen, die Gewaltiges mit Hebeln und Schrauben,
2513 1751 2788 1824 Sieger sein.
305 1769 1421 1834 Kinder dieser Welt ihr flüchtiges Leben dahin. Kaum
1424 1786 2525 1856 mit Dampf und dem elektrischen Funken vollbringen. Mit
2600 1778 3316 1871 Mit klar bewußter Gestaltungskun
315 1802 1420 1876 vermögen sie sich Rechenschaft zu geben von der Stunde,
1422 1832 2520 1915 seinen Ziffern umklammert er das Erdenrund, seiner
2514 1818 3309 1909 dies durchgefährt. Auf breiter Grundlag
309 1840 1418 1924 die eben vergangen, kaum ahnen sie mehr als das, was
1421 1873 2518 1945 Energie gehorchen die Maschinenwerkstätten diesseits und
2517 1885 3315 1956 Welt auf, in der, über der sein Held wa
300 1891 1413 1962 die nächste Stunde bringen werde. Sie vollbringen
1415 1911 2524 1989 jenseits des Ozeans. Seinem eisernen Willen ist bereits
2513 1914 3315 1999 Jigur mit sorgfältiger Berechnung richtig
312 1940 1421 2006 staunenswerte Berechnungen der Bahnen, die die Gestirne
1420 1949 2514 2035 Großartiges gelungen und die um ihn wirken und
2510 1965 3320 2042 in treffend deutlicher Beleuchtung werden
309 1977 1421 2054 im Weltraum dahinziehen, sie beherrschen Feuer, Wasser
1414 2009 2526 2080 leben, erstannen über seine Tatkraft und Arbeitsfähigkeit.
2508 2011 3311 2090 erkennbar. In den ersten zwei Akten
305 2018 1414 2098 und Erde und Luft, doch ihres Herzens tiefste Tiefen
1413 2050 2514 2129 Sie staunen, sie erschrecken über die machtvolle Gebärde,
2507 2061 3313 2132 mütige Stimmung fast auf jedem Worte,
307 2067 1416 2132 ergründen sie nicht. Was hier träumt, schafft und ent¬
1407 2093 2516 2166 mit der er, achtlos über alle Rücksicht hinwegschreitend,
2499 2117 3305 2173 Beld rast jener gefährlichen Höhe zu, dis
305 2112 1414 2182 scheidet, das staunen sie als höchst merkwürdige vollendete
1413 2138 2513 2206 was er begehrt, an sich reißi. Keiner vermag mit ihm
2514 2153 3316 2215 entscheiden wird. Diese Menschen scheine#
297 2142 1417 2230 Tatsache an, wenn es sichtbar und greifbar geworden.
1408 2179 2517 2248 Schritt zu halten, sie müssen zurückbleiben, die da
2509 2184 3311 2261 zu haben, sie gehorchen dem geheimnisvo
295 2197 1422 2269 „Wir gehen ins Dunkle“, sagt Frau Genia, die am edelsten
1415 2224 2513 2288 glaubten, an seiner Seite mit ihm so fortwandeln zu¬
2501 2230 3311 2308 jener Gewaltige auf sie übt. Im scharfe
288 2235 1382 2313 angelegte Persönlichkeit des neuen Dramas Schnitzlers.
1405 2271 2511 2342 können. Sie schwanden von seiner Seite, und er schaute
2507 2272 3312 2351 dem stillen Vorwärtsschreiten der Handlung
390 2286 1413 2358 Wehe dem Uebermütigen, der da glaubi, selbstherrlich
1406 2316 2514 2385 nicht zurück. Die anderen mögen wohl Grauen empfinden
2499 2316 3312 2401 ersten Akten stehen dann die jäh herein
302 2325 1410 2400 sein Schicksal bestimmen zu können, der da alles, was
1405 2355 2502 2419 um solche Eiseskälte, er aber lachi der Aengstlichen. Was
2508 2366 3317 2429 scheidungen am Ende des 4. und 5.
299 2375 1411 2436 er begehri, an sich reißen zu können glaubt, der da ver¬
1407 2403 2515 2471 gilt ihm die Furcht der Neid, die Wut der Feinde, was
2497 2413 3318 2498 Tialog ist dieser Gestaltungsweise angepa
303 2422 1415 2479 meint, mit seiner kühnen Kraft die Dinge dieser Welt
1392 2427 2501 2516 eilt es ihm, daß Freunde, die treu an ihm gehangen,
2496 2454 3305 2527 ansangs in geistreichen Betrachtungen,
297 2466 1414 2537 zu meistern. Tausendmal wird es ihm glücken und die
1402 2487 2503 2555 ihm verioren gingen, was gili ihm der stille Wunsch der
2503 2499 3308 2565 gebreiteien Farbentönen, dann aber schreit
296 2500 1412 2569 Schwachen werden sich vor ihm beugen, tausendmal wer¬
1403 2535 2504 2605 Treuesten, die ihm angehören, was die schöne, vornehm
2505 2552 3315 2615 Sätzen voll harter Energie einher, bis zu
289 2556 1413 2639 den sich die Dinge so fügen, wie er es geplant. Stolz
1402 2568 2511 2655 empfindende Gattin, die mit Leid und Seele ihm ganz
2496 2586 3249 2652 eyerne Worte ein Schicksal verkünden.
291 2596 1410 2658 schaut er auf die Kleinen zu seinen Füßen hernieder, er
1403 2616 2504 2691 angehört, und nur ihm angehören will. Er, der Frauen¬
2576 2642 3322 2719 Die Burg hat für die Bühnenver#
286 2635 1417 2723 sieht sie sich ängstigen und klagen, sie, die ihrer Schwäche!
1399 2664 2504 2736 gunst raubt, wo es ihm beliebt, er zögert keinen Augen¬
2502 2667 3301 2747 Schnitzlerschen Novität ihr möglichstks —
283 2688 1410 2757 bewußt sind, er kennt keine Schwächen, er geht über
1405 2713 2506 2777 blich, das erkräumte Glück seines besten Freundes zu ver¬
2502 2726 3316 2799 viel — geleistet. Wahrscheinlich ist der Ab
288 2733 1408 2799 derlei Regungen kühl hinweg, den sie berenten ihm Feig¬
1396 2747 2498 2821 nichten. Er eilt von seiner Frau, die ihm eben bewiesen,
2505 2771 3307 2839 gefolgi worden, wenn in der ersten Hälfte
292 2778 1405 2843 heit, Minderwertigkeit. Aber dann überkommt ihn, den
1410 2790 2504 2875 welchen Schatz ebeister Zärtlichkeit ihre Liebe für ihn bereit
2497 2811 3310 2875 dem Spiel ein langsames Tempo auferlegt
291 2825 1403 2892 Ueberstarken, beim tausendunderstenmal die furchtbare
1398 2825 2503 2901 #bält, hinweg, um eine junge Mädchenblüte an sich zu reißen.
2493 2852 3305 2924 Stimmung des Publikums bedrückte. Die
299 2863 1403 2926 Empfindung, daß ihm selbst sein eigenes Her nicht ge¬
1397 2878 2505 2943 Aber auch diesen Sieger ereilt das Verhängnis. Er muß
2494 2897 3315 2969 Herr Korff: er hat die gebotene reic
290 2901 1398 2973 horcht, er, der jedes Nervs, jedes Muskels Herr zu sein
1407 2925 2516 2996 gewahren, daß er sein Weib von sich hinweg und in dio
2491 2935 3300 3018 energisch zusammengesaft und eine in sich
295 2962 1407 3029 vermeinte, fühlt, wie ein dunkler Drang ihn vorwärts
1398 2965 2506 3045 Arme eines anderen getrieben. Er, der bieher des Zornes
2506 2986 3292 3055 stali fertig gebracht. Den Grundton für d
290 2987 1406 3053 stoßt, ins Unbekannte, ins Tunkle, das auch seine bisher
1406 2994 2511 3090 betrogener Gatten gelacht und über soich' kleinliche
2494 3029 3311 3109 menschen hat er wohl zu tief gegriffen. Die
292 3028 1412 3108 mitleidslosen, scharfen Augen nicht zu durchdringen ver¬
1402 3037 2512 3124 Empfindung den Stab gebrochen, er verliert die Herr¬
2486 3075 3314 3147 reiter glauben wir allenfalls eine gewa
294 3081 1402 3140 mögen. Wiederholt hat Schnitzler dies Thema bereits be¬
1394 3094 3308 3182 schaft über sich selbst, er sieht sich blinder Wut verfallen, 1 Uniernehmung, wir glauben an seine Tour
281 3134 3313 3230 handelt, episch und dramatisch. Mit starker Erzählerkunst sieht neidvoll das Gefühl siogreicher Jugend in den an seine verliebten Abenteuer, schwerlich al
2887 4087 3035 4167 Kna
