3344 4320
313 130 490 211 24
499 153 1274 248 Das ueland
1438 169 1868 261 box 2975
1648 960 2152 1059 * 1 WOLEZERLE 1I
1591 987 2074 1096 TELEPHON R- 23-0-6
1408 1074 2308 1313 mahenen een
1355 1244 2094 1452 vom: 1 1 FEB. 1932
1322 1437 2258 1538 weite Land“. Tragikomödie in fünf Akten von
1386 1504 2254 1578 tler. „Man könnte einer Krone entgegen¬
1356 1539 2251 1625 nan könnte sie errungen haben und an einem
1404 1585 2248 1653 entdecken, daß der reichste Augenblick von
1420 1628 2248 1715 da man in einem Frühlingsgarten nach
1414 1657 2254 1738 haschte“, sagt Schnitzler im „Jungen Me¬
1452 1704 2252 1782 das er ungefähr um dieselbe Zeit schrieb,
1437 1737 2242 1819 ikomödie“ entstand, welche das Stadt¬
1449 1779 2234 1849 rstag zu seinem Gedenktag unter der
1499 1826 2238 1885 allerdings in künstlerischer Vollen¬
1482 1848 2241 1927 as Wort des „Medardus“ könnte aber
1519 1894 2236 1971 ers gesamtes Kunstschaffen angewandt
1532 1937 2239 2015 araktere, an denen der Dichter seine
1551 1978 2237 2046 ermürbte, haltlose Gestalten, denen
1562 2010 2226 2091 ed, die in leichtfertiger, ja grandio¬
1487 2038 1637 2099 iber tie
1715 2057 2232 2136 Menschheitsfragen hinweg
1562 2087 2220 2158 ein Schmetterling. Schnitzlers Dra¬
1545 2123 2233 2198 fülltes zurück. Der Dichter gefällt
1563 2165 2234 2247 lendenden Dialog, im Streifen
1539 2199 2216 2281 iten, ohne jedoch den Becher zu
1521 2239 2216 2311 aran zu nippen. Auch im „Weiten
1578 2279 1739 2330 ten, sitt
1971 2296 2209 2355 5 niederge¬
1533 2315 1718 2364 nur aus d
1949 2333 2210 2396 ihrer Hand¬
1515 2353 1751 2409 die das Pr
1941 2364 2206 2429 ielleicht ent¬
1492 2391 1737 2447 chauern lasser
1097 2405 1180 2453 innig
1971 2416 2208 2466 anze Leicht¬
1450 2430 1711 2478 nschlichen Inn
1071 2447 1259 2499 reicht, be
1988 2454 2211 2507 mehr aus¬
1451 2463 1733 2524 Zynismus und
1755 2478 1803 2526 ier
1060 2482 1316 2540 ein Wesensm
2021 2492 2198 2551 eDichter
1395 2506 1906 2571 einer Rasse nicht verleugne
2065 2532 2207 2580 kenn¬
1059 2517 1960 2621 zeichnensten ist jedoch, daß dem Antör das uner
2042 2558 2216 2620 eweite
1063 2562 1970 2647 Land der Seele und ihrer Liebesbeziehungen,
1987 2604 2065 2657 uich
1064 2599 1926 2677 wenn es zur Tragik wird, nichts anderes i
2090 2609 2202 2660 ann,
1985 2643 2199 2696 ls eine —
1063 2629 2212 2741 Komödie. Unerfreulich der Entwurf, unerhört die Gestaltung
1064 2670 1415 2735 dieses Konglomera
1434 2701 2206 2771 s von Eheirrungen, war das beste am
1059 2710 2212 2813 Ganzen die künstlerische Wiedergabe dieser Explosion eines
1065 2747 2198 2848 sexuell verirrten Gehirns. Hans Hais selbst als Fabri¬
1054 2788 1989 2864 kant Hofreiter schuf einen Typus, der in seinem
2027 2840 2188 2889 #mert
1049 2826 2192 2919 schen Aufbau vollste Beachtung verdient. Kaum hälte diese
1040 2864 2193 2964 kühle Leidenschaftlichkeit, dieser drastische Zyniker besser
1054 2906 2191 3008 gegeben werden können. Menschlich am ansprechendsten war
1043 2954 2178 3039 aber seine Partnerin Genia, deren hübsche Fraulichkeit
1052 2979 2195 3084 Hildegard Vertram ansprechend zeichnete, mit so viel
1043 3014 2185 3100 Liebe, daß man ihr auch dann verzeiht, wenn sie nieder¬
1042 3051 2180 3156 bricht. Wenzel Hoffmann, der stets vorzügliche Charak¬
1037 3090 2180 3190 terdarsteller, gab auch seinen Doktor Mauer in distanzier¬
1030 3130 2176 3229 ter Ruhe und kühler Gelassenheit. Was sich um die beiden
1034 3167 2167 3266 Haupthelden gruppierte, war gleiche Vollendung, Gisa Ott
1043 3207 2184 3304 (Frau Wahl), Albine Elgarden (Frau Meinhold), Martha
1040 3245 2171 3345 Salm als Erna, Günther Broschek (Marinefähnrich),
1036 3280 2166 3377 Hans Hajek (Natter) und Eduard Rogati, der „spin¬
1034 3323 2158 3423 nende" Dicht Grete Müller (Adele) und Paul Kolk¬
1026 3361 2154 3457 witz als der Direktor des Hotels vom „Völserweiher“. Der
1046 3394 2164 3497 itte Akt spielt am Schlern und ist so uns Tirolern liebe
1050 3431 1266 3502 sinnerung.
