3296 4320
614 128 746 189 WO
1322 112 1734 207 box 29/1
196 125 1163 232 24. Das l.I1 Land
326 862 695 958 ischnitt aus:
679 885 1328 988 Hamburger Nachriel
334 983 508 1052 1. 15
513 971 1164 1090 iben 19 Hamburg
1640 1161 3282 1231 jammerzustände. Denn „Das weite Land“ — das ist nichts die schauspielerische
1642 1208 2860 1264 anderes als die Liebe mit ihren unbegrenzten Möglichkeiten,
2866 1210 3282 1261 Hagemann, dessen e
2867 1236 3280 1312 dere Wege geht, wei
1645 1254 2860 1302 verehrte Leserin. Wenn Schnitzler aber weiter rätselt, daß
579 1246 1468 1328 Schnitzler.- Das weite Land“.
2866 1301 3276 1360 zu geben und so n
1655 1294 2869 1355 sie immer ein Chaos sei und zum Chaos führe so gilt das
2867 1339 3286 1402 Schnitzler ganz auf
1641 1333 2859 1407 hoffentlich nur für diese Zeit der Masse. Früher galt sie
595 1322 1453 1407 Uraufführung im Deutschen Schauspielhause.
2867 1381 3273 1442 faltete in den von
1645 1369 2278 1453 als der Urtrieb zum Kosmos.
2869 1422 3281 1482 ten Landschaften um
1722 1409 2866 1482 Ein „fait divers“, das mehr die sensationslüsternen
505 1405 1643 1490 Schnitzlers fünfaktige Tragikomödie behandelt ein Motiv
2863 1466 3288 1534 Und die Darsteller
1641 1464 2862 1529 Nerven als den Intellekt beschäftigt, liegt dem Werk
410 1465 1637 1522 aus dem Gesellschaftsleben. Das Wort „Gesellschaft“ klingt
2862 1512 3283 1565 Leistungen, um all
1636 1504 2869 1574 zugrunde: Der im „gefährlichen Alter“ stehende reiche Fabri¬
400 1513 1642 1587 sehr gewichtig. Franz Blei machte dazu gelegentlich die
2869 1556 3278 1614 „weiten Landes“ h
1640 1551 2861 1612 kant Hofreiter, ein verheirateter Anatol, hat eine reizende
411 1557 1632 1615 witzige Randbemerkung: „Es ist unsere Ideologie, daß wir
2865 1603 3271 1662 besonders Robert
1640 1604 2870 1659 Frau, ist aber gelegentlichen anderen Liebesaffären durchaus
403 1607 1630 1663 noch immer eine Gesellschaft denken, wo es nichts als sehr
2869 1637 3275 1701 Konrad Gebhardt i
1647 1649 2874 1698 nicht abgeneigt. Die arme Frau, die ihren Mann inbrünstig
810 1647 1631 1711 Sie ist jedoch mehr als witzig, sie ist
408 1639 808 1710 viele Leute gibt.“
2856 1677 3287 1748 Wagner als idealis
1644 1690 2862 1742 liebt, gerät nun in den Verdacht, daß sich ihretwegen ein junger
406 1688 1636 1743 auch richtig. Die mechanische zersetzende Entpersönlichung,
2852 1724 3280 1789 Andresen in seine
1644 1728 2862 1785 Russe erschossen habe. Der Gatte, der von ihr die Konzentra¬
405 1734 1638 1779 die Enteignung des Einzelwillens in der Gegenwart hat alle
2870 1765 3289 1828 die Damenrollen la
1641 1774 2862 1836 tion der Zuneigung, die Treue, erwartet, die er selber um die
405 1774 1629 1827 Rangunterschiede der früheren Zeit in brutale Geldunter¬
2869 1816 3287 1875 ophelienhafte Genich
1633 1818 2866 1870 Welt nicht aufbringen könnte, gerät darüber in Unruhe, ob¬
407 1825 1631 1879 schiede verwandelt. Der Mensch ist heute nur soviel wert,
2857 1864 3282 1921 Paula Siltens, die
1647 1854 2862 1916 wohl sie ihm nachweist, wie unbegründet sein Verdacht sei.
402 1871 1632 1929 als er zahlen kann; unsere Plutokratie ist ein schlechter
2861 1904 3286 1959 die Anna Meinhol
1635 1900 2872 1977 Um seine Unrast zu überwinden, läßt er sich in eine Liebelei
401 1909 1631 1961 Bastard von Aristokratie und Demokratie. Armer Dichter,
2861 1947 3285 2000 sonstigen Darsteller
1645 1950 2872 2011 mit einer jungen frühreifen Dame ein, erkennt aber, daß
403 1952 1636 1999 wie willft du einer so disparat gemischten Gesellschaft gerecht
1645 1995 2872 2053 sie ihm nur die überschwängliche, aber vergängliche Neigung
403 1995 1627 2051 werden? Die Tragödie ist ihr zu angreifend, die Komödie
2859 2038 3292 2102 Emil Stettners Sch
1635 2037 2865 2080 einer unerfahrenen Seele entgegenbringt und wird sich zum
396 2036 1632 2089 unter Umständen zu verletzend. Sie macht doch immer noch
2857 2078 3217 2144 Adele erwähnt.
1641 2077 2871 2141 erstenmal seines „gefährlichen Alters“ bewußt. Er wundert
401 2082 1637 2134 Ansprüche darauf, ernst genommen zu werden, denn in der
2950 2114 3283 2181 Das Publikum,
1648 2125 2860 2173 sich selber, daß er jetzt in erneuter Liebe zu seiner Frau ent¬
401 2123 1631 2181 Regel ist sie völlig humorlos. Und das um so mehr, als sie
1876 2171 2860 2229 aber die Liebe, tröstet er sich, ist „ein weites
1637 2171 1816 2223 brennt
2860 2149 3288 2243 war gutmütig genu
403 2170 1559 2225 über sich keine Mächte — mit Ausschluß der „Obrigkeit“
1640 2216 2864 2262 Land“. Doch seine Frau gerät jetzt bei ihm in
2861 2207 3142 2279 zu bereiten.
405 2199 1638 2266 anerkennt. Der Himmel ist entgöttert, die letzten Mythen hat
1640 2251 2873 2309 den Verdacht, eine Liaison mit einem jungen Marinefähnrich
403 2254 1639 2299 Richard Wagner wie in einem Ramschbazar aufgekauft. Aber
1636 2301 2866 2352 zu unterhalten. Diese Menelaos=Rolle ist seiner egoistischen
393 2295 1630 2369 da ist noch die Zeitung mit ihren Rubriken: „Verschiedenes“,
1644 2343 2868 2392 Eitelkeit (denn eines wirklich tragischen Gefühls ist seine Seele
394 2343 1634 2396 „Aus der Gesellschaft" und „Polizeibericht“. Diese Dinge
1639 2381 2860 2437 trotz ihrer Weiträumigkeit nicht fähig) zu viel; er beleidigt
406 2388 1636 2444 sind außerdem ja viel „interessanter". Und diese Rubriken
1633 2422 2866 2478 den jungen Dachs, duelliert sich mit ihm und erschießt ihn.
400 2438 1627 2491 gaben Schnitzler denn auch die Anregung, in sein „Sehr viele
1639 2469 2856 2527 Der Zynismus, mit dem er seine Handlungsweise vor sich
399 2472 1638 2533 Leute“=Milien Leben und Bewegung, Tragik plus Komik
1639 2505 2866 2572 selber und den anderen zu rechtfertigen sucht, hat etwas
392 2517 1638 2576 plus Tragik zu bringen. Die Bastardform der heutigen Ge¬
1638 2547 2874 2599 Grauenhaftes. Aber — „so ist das Leben“ wenigstens das
405 2560 1635 2613 sellschaft erlaubt auch nur eine Bastardform der Dramatik.
1639 2580 2866 2659 Leben der Gegenwart, das schwerfällig=schwunglos eine Tragi¬
409 2604 1633 2662 Alle Kunstbegrenzungen sind heute verwischt. Noch Lessing
1636 2644 2873 2692 komödie an die andere reiht. Und Schnitzler lächelt melan¬
400 2641 1636 2705 verwarf zwar die Mischspiele und machte den Begriff der
1635 2682 2868 2744 cholisch dazu und hofft bewiesen zu haben, daß die heutige
396 2671 1633 2748 Tragikomödie mit der Bezeichnung Hilarotragödie lächerlich,
1637 2717 2864 2785 konventionelle Ehe mit oder ohne Ehebruch keine Ehe mehr
396 2730 1629 2783 da es nur zwei dramatische Stile gäbe, den tragischen und den
1630 2761 2867 2813 ist. Aber was nützt dieser Beweis seinen Zuhörern? Und
401 2762 1640 2829 komischen. Aber heute, wo Mischung und Zermischung Trumpf
1644 2806 2880 2886 wie schwerfällig rückt die Handlung vom Fleck, wie verworren
397 2818 1630 2876 geworden sind, haben sich mit mancherlei anderen Auffassungen
1632 2857 2552 2910 ist sie! Wirklich, auch Schnitzler wird alt...
393 2867 1638 2932 auch die Stilbegriffe zu Tode „differenziert“, um dies beliebte
1711 2882 2861 2957 Solchen Dramen, denen es nur um eine Wirkung auf
394 2903 942 2982 Modewort zu gebrauchen.
1634 2950 2867 3006 die Nerven zu kun ist, muß die malerisch reiche Bühne zu
489 2927 1633 3013 Schnitzler fühlt sich jedoch — bei aller Ehrlichkeit, die
1633 2976 2876 3046 Hilfe kommen. Sie haben etwas Kinematoskopartiges, sie
392 2990 1604 3038 ihn denn auch die Bezeichnung Tragikomödie wählen ließ —
1631 3027 2855 3080 wirken nur bei höchsten szenischen Anstrengungen. Be¬
393 3031 1632 3092 ganz und nicht ohne Unbehagen als Kind seiner Zeit und
1641 3063 2865 3137 merkenswert ist immerhin, daß die größten Schöpfungen der
387 3062 1633 3142 Dichter ihrer Bühne. Was ihr an Größe abgeht, wird durch
1629 3119 2862 3171 Dramatik — wie übrigens fast aller Kunst — bei sehr un¬
399 3123 1629 3180 psychologische Feinheit ersetzt; an die Stelle der Idee tritt
1636 3161 2859 3223 vollkommener Technik entstanden sind; sie bedurften ihrer nur
387 3159 1636 3232 das Problem, meistens das Eherroblem; die Liebe schwindet,
1624 3205 2860 3275 als einer bescheidenen Gehülfin. Aber der nervöse Sensa¬
400 3196 1642 3273 aber es bleibt die Erotik; die Ehe wird nicht mehr ernst ge¬
1647 3255 2868 3311 tionalismus des heutigen Publikums stellt Ansprüche, denen
396 3245 1638 3307 nommen, wohl aber der Ehebruch, die Ehescheidung, der heim¬
1643 3289 2861 3353 das Drama an sich nicht mehr genügt; vor allem ist die Schau¬
402 3292 1635 3354 liche und öffentliche Skandal. Auch in dieser Tragikomödie
399 3322 2890 3415 fungiert Schnitzler als Spezialarzt für erotische Katzen= lust stetig gewachsen und stetig gewachsen das Interesse für
