3392 4256
275 64 1224 175 24. Das veite Land
1394 83 1836 178 box 29/3
2700 97 2882 172 itung
2460 90 2610 180 e
2188 88 2392 191 Wienen
2395 222 2909 329 7- UEIDEE: M.8
2028 364 3187 515 Theater, kunst und Literatur.
2785 479 3191 559 Wien, 7. Oktober.
2402 549 2826 640 Burgtheater.
2116 613 3234 708 Erstes Auftreten des wiedergewonnenen Herrn Korff
1997 685 3221 764 als Fabrikant Hofreiter in Schnitzlers. „Das weite Land“
1990 736 3234 797 * Herr Korff ist zu seinem Vorteil gealtert. Insofern man
2014 770 3236 849 unter altern verstehen will, daß ein Gesicht charakteristischer
2020 810 3233 891 wird, wenn Kunst und Erlebnisse die Andeutungen der
2021 872 3234 939 Natut sozusagen ausgebaut haben. Jetzt ist die einstige
2023 923 3237 994 Bonvivantphysiognomie Korffs irgendwie ins Tragische
2017 978 3230 1032 gewendet. Und auch sein Hofreiter (immer eine seiner besten
2019 1015 3245 1085 Leistungen) hat noch an Herbheit, an verhaltener, man
2014 1063 3236 1122 könnte sagen Don Juannester Dämonie gewonnen. So
2016 1132 3236 1185 etwas ist nämlich auch in dem verwienerten Deutsch möglich,
2021 1170 3232 1221 das Korff so graziös behandelt. Es war ein richtiges Emp¬
2017 1202 3244 1287 finden der neuen Burgtheaterleitung sich eines interessanten
2027 1260 3246 1328 Schauspielers wieder zu versichern, der inneres Tempo
2018 1325 3245 1368 besitzt und eine die Bühne füllende Persönlichkeit. Herrn
2018 1357 3238 1420 Korffs Leistung erwies sich freigeblieben von dem Deka¬
2031 1405 3242 1473 dententum des Gastierens. Viel eher wäre man versucht ge¬
2031 1455 3245 1516 wesen das Burgtheater mit einer besseren Provinzbühne zu
2028 1501 3250 1561 verwechseln auf deren Programm es heißt: „Hofreiter: Herr
2019 1549 3246 1609 Korff als Gast.“ Denn, wenige Rollen ausgenommen (hier
2029 1612 3251 1666 sind in den Hauptrollen Maria Mayer, Herr Heine, Herr
2032 1663 3247 1708 Devrient, Herr Paulsen zu nennen), war eine dichte Staub¬
2025 1701 3256 1755 schichte über die Leben vretretenden Darsteller dieses so
2032 1745 3262 1810 lebensvollen Schauspieles gebreitet. Wie Jede und Jeder
2034 1793 3255 1863 seinen Part abhaspelte, ohne irgend eine Fühlungnahme
2030 1836 3257 1894 mit seinem Partner erraten zu lassen; wie jede Szene abge¬
2034 1900 3248 1959 hackt, isoliert einsetzte und schloß, ohne Uebergang, ohne
2029 1928 3256 1998 vermittelnde Valeur zu der nächstfolgenden; wie keiner
2030 1993 3244 2044 dieser Menschen seinem Schicksal eine Farbe zu geben ver##
2031 2026 3256 2098 mochte, und wie man sich nicht darum scheerte die Atmosphäre
2032 2081 3257 2142 dieses Schauspiels wahr werden zu lassen, das ja vor allen
2032 2127 3240 2192 schon durch sein Problem auf seelische Ambianz gestellt ist
1970 2224 3251 2291 beist auf den Verlust von allem, was einst im Konversations= z#
1961 2279 2608 2343 ück Burgtheater=Tradition hieß.
2060 2312 3222 2383 Dies gilt vom Schauspieler, gilt von der Regie. Ich?
1960 2360 3170 2438 nöchte in diesem Zusammenhang heute ein ganz spezielles
1955 2408 3174 2480 Gebiet berühren. Die Vorstellung „Das weite Land“ ist
1964 2474 3235 2542 mir ein willkemmener Anlaß, über die im Burgtheater ver¬ h
1966 2512 3177 2594 nachlässigte Forderung zu sprechen, daß esAufgabe der Regei
1972 2564 3162 2639 wäre, die Schauspielrinnen des modernen Theaters zur Ele¬
1962 2603 3166 2682 ganz zu erziehen. Für eine erste Bühne ist es keineswegs
1967 2660 3158 2740 gleichgültig, wie ihre Damen sich kleiden. Denn es gilt doch
1968 2711 3166 2772 mmer, einem bestimmten Milien seine Charakteristik zu
1967 2752 3162 2820 geben. „Das weite Land“ ist nebst seiner Problematik und
1964 2819 3167 2887 seiner Beseeltheit auch ein mondaines Schaustiel. Da geht
1954 2840 3179 2925 es nicht an, daß die Linie der ersten Satendamt einem ver¬
1960 2887 3177 2965 alteten Modebild entspricht Selbst zu einer Zeit wie diese,
1970 2959 3170 3023 in der die Toilettenfrage für jede Schauspielerin ein schweres
1969 2988 3170 3084 Problem ist, kann Ungrazie und Eeschmecklosigkeit ver¬
1960 3037 3176 3105 mieden werden. Es muß möglich sein (wie die „Vogue“
1965 3093 3169 3168 dies auf geistreiche Weise in ihrer illustreerten Rubrik
1959 3133 3181 3214 „For a war income“ zeigt), auch unmoderne Kleider mit
1969 3194 3190 3271 geringen Kosten in die Silhouette der allerletzten Mode um¬
1972 3240 3185 3306 zgießen. Auch für Farbensymöolik sollie Empfindung
1958 3290 3190 3353 geweckt werden Zwei Toiletten zum Beispiel, in Nonnen¬
1964 3342 3184 3412 grau, von Schauspielerinnen nebeneinander getragen, in
1957 3406 3191 3459 einem Akt, der ganz auf Tommerblüte gestimmt ist, und in
1960 3446 3191 3498 dem die Frauen wie farbige Blumen wirken müßten,
1975 3496 3186 3546 fälichen irgendwie die Intentionen des Bühnenbildes.
1968 3543 3185 3592 Denn auch Bühnenkunst ist ein Block. Der Lebemann Hof¬
1963 3581 3196 3643 Feiler, der Frauenkenner und Erkenner, muß auch durch das
1971 3626 3197 3689 Genre der Frauen die ihm wichtig sind, charakterisiert
1982 3665 3199 3735 werden Genia, seine Gattin, Adele, die verabschiedete,
1979 3720 3188 3801 Erna, die kommende Geliebte, jede ist in ihrer Art eine
3074 3771 3185 3834 be¬
1966 3769 3068 3839 ihres besonderen Typus auch sinnlich sich
1973 3827 3184 3881 wußten Frau. Und die mit Erotik geladene Atmosphäre
1970 3877 3178 3929 im Kreise Hofreiter verlangt gepflegteste Toiletten¬
1971 3909 3189 3972 haltung. Denn Mode ist in höherem Sinn doch nichts
1968 3969 2611 4034 anderes als vergeistigte Crotik.
2090 3999 3188 4078 Daß, der vernachlässigten Vorstellung ungeachtet,
1978 4051 3172 4118 „Das weite Land“ ein warm mitgehendes Publikum fand
2904 4109 3185 4167 ischen Puls¬
