3392 4256
1402 44 1854 130 box 29/4
284 23 1250 136 24 Das weite-Land
557 703 1184 824 Klose & Seidel
555 811 1177 879 Burcau für Zeitungsausschnitte
505 876 1235 935 Berlin NO. 43, Georgenkirchplatz 21
763 986 1094 1115 Seitung
1105 1014 1183 1107 0
478 1043 719 1129 Zeitung:
488 1121 619 1189 Ort:
767 1097 1039 1227 Breeln
483 1175 1229 1251 Datum:RRERSeRERRREERR
668 1498 1270 1601 „Berliner Cheater
508 1559 1418 1670 — „Tfürn" und „Das weite Land“.
415 1606 1649 1736 Das Deutsche Theater hat den Bußtag sinngemäß mit!
361 1654 1643 1771 einer Aufführung des Passionssviels „Ostern“ geseiert, das der
365 1709 1646 1822 grimme Strindberg dichtete, als er sich aus dem Inferno auf den
366 1749 1629 1849 Weg nach Damaskus rettete. Es war ein frommer Abend, ob¬
358 1789 1633 1906 gleich die Musik von Haydn sehlte. (Seltsam; jetzt wird fast jedes
362 1830 1639 1932 Drama irgendwie musikalisch illustriert, hier nahm man dem
359 1863 1400 1966 Spiel die vom Dichter vorgeschriebene Musik.)
1396 1917 1640 1982 Karlheinz
358 1908 1632 2014 Martin suchte mit Glück das geringe Dramatische in diesen
352 1954 1618 2065 weichen und etwas haltlosen Akten herauszuarbeiten. Man hörte
355 1992 1619 2098 schärfere Akzente als sonst, und manche Szene erhielt eine
352 2032 1615 2140 Prägnanz, die der Dichter in seiner Karfreitagsstimmung ihr nicht
339 2063 1625 2201 gegeben hat. Allerdings war Frau Noma Bahn als Eleonore
328 2127 1620 2210 fallzu prägnant. Das Kind. das somnambule, weiche, fromme!
328 2174 1621 2266 Kind war ein hysterisches, fast spitzes Mädchen geworden; und sie,
318 2200 1642 2330 die keinen harten Klang zu hören vermag, ohne daß ihr Körper!
312 2293 1611 2392 und Seele weh' tun, wandte selber harte und schrille Dönenan.
318 2339 1616 2407 Wo sie lieblich und kindlich war, merkte man die Mühe, es zu
320 2384 1600 2466 sein, und wo sie dramatisch wurde, fehlte das Organische, das
315 2429 1607 2488 Selbstverständliche. Was organisch und naturquellend ist, das
310 2476 1596 2544 zeigte uns Engen Klöpfer als der große Kinderschreck, der
316 2505 1600 2566 Wan=Wau, der bärbeißige, gutmütige St. Nicolaus mit der Rute.
305 2531 1595 2622 Auch Emilie Unda, die in Berlin bisher me verraten konnte,
310 2588 1605 2644 was sie zu leisten vermag, weil sie immer falsch beschäftigt wurde,
306 2621 1595 2720 konnte endlich zeigen, daß der Münchener Ruf einer trefflichen
316 2664 1592 2755 Strindberg=Spielerin bearündet ist. Das Zimmer der unglück¬
307 2697 1597 2795 lichen Familie war fast ganz in Weiß gehalten, es war ein
308 2739 1591 2834 nebliges, milchiges Weiß, das sich selbst auf die gläserne Wasser¬
312 2791 1161 2859 karaffe erstreckte. Der Beifall war ehrlich.
365 2832 1595 2910 Am Abend darauf wurden wir im Residenz=Theater
310 2876 1583 2960 von Schnitzlers linder Hand in „Das weite Land“ der
303 2918 1591 3002 SeelenAebe geführt. Wieder ein Reigen. Liebes¬
309 2946 1584 3044 slämmlein zucken hierhin und dorthin, vereinen sich zu Bränden.
303 3000 1588 3077 Zwei Menschenleben fallen. Tugend, Treue, Untreue, Schuld,
297 3040 1586 3118 Nichtschuld wirren durcheinander, und alles dreht sich, wie, sthts
298 3069 1596 3161 bei Schnitzler, in melancholischem Reigen um Liebe und ushts
291 3121 1579 3195 als Liebe. Und das 10 Jahre alte Spiel endet mit Fragezeichen,
289 3149 1592 3242 mit mehreren Fragezeichen. Der Wiener Korsf (der auch die
293 3189 1584 3288 Regje führte), Irene Triesch (vor Jahren schon im Lessing¬
284 3245 1575 3326 theater in der gleichen Rolle tättal, Rosa Bertens waren die
279 3282 1579 3350 rühmlichen Hauptträger der Aufführung, die nicht ausgeglichen
287 3319 1576 3391 war, die schwingende Stimmung zuweilen zerriß, hier und da
277 3367 1044 3426 vergröberte, aber starken Beifall fand.
1088 3382 1549 3456 Jatob Sherek.
1873 1534 2687 1631 Riole & Seider
1884 1643 2671 1709 Bureau für Zeitungsausschnitte
1876 1700 2681 1789 Berlin HO. 45, Georgenkirchplatz 21
2077 1825 2707 1948 Welt am Montag
1834 1918 2183 2007 Zeitung:
2334 1928 2697 2015 —
2325 1949 2556 2081 erlin
1837 2038 2702 2124 SI.
1841 2141 2687 2226 Datum:
2278 2212 2760 2338 7 1 M00 102
2260 2339 2635 2424 Residenz=Theater.
1942 2388 2873 2468 Die Direktion Rotter hat eine feine Spürnase.
1847 2425 2853 2509 Augenblick da Schnitzlers Name infolge des Reigen¬
1846 2481 2829 2548 inf aller Munde ist, bringt sie sein Gesellschaftsdrar
1844 2523 2846 2586 wklite Land“ neu heraus, das eine einzige Geiße
1845 2566 2850 2628 verlogenen Moral der sogenannten guten Gesellschaft ist.
1834 2601 2949 2674 dem Dichter damit fast eine noch eindrucksvollere Genugtuung
1837 2645 3032 2690 geben, wie dies dem verständigen Gericht in Moabit möglich war.
1840 2683 3030 2745 Regie und Darstellung, vom gleichen Bestreben beseelt, verhalfen
1847 2709 3016 2784 dem Werke zu einer voll gelungenen Wiedergabe. Irene
1837 2761 3034 2824 Triesch' abgeklärter Kunst gelang es alle Schwingungen der
1835 2778 3030 2863 beleidigten Frauenseele widerzuspiegen, während Arnold
1833 2814 3032 2903 Korff für ihren eitlen, flatterhaften Gheherrn stets den rechten
1839 2857 3027 2946 Ton fand. Dann Josef Kleins unglücklicher Du Maur,
1835 2910 3022 2977 Gertrud Welkers liebegireendes Grozstadtpflänzchen.
1832 2931 3028 3002 Harry Hardts frischer Fähnrich und alle anderen. Eine be¬
1838 2988 3036 3072 sondere Froude: einmal wieder Rosa Bertens und Franz
1836 3024 2353 3083 Schönfeld zu begegnen.
