3248 4384
553 405 664 463 we
134 388 1105 502 24. basLand
1247 412 1696 507 box 29/2
622 1717 1258 1836 Klose & Seide.
368 1806 1360 1894 = Bureau für Zeitungsausschnitte.
445 1865 1424 1952 Berlin NO. 43, Georgenkirchplatz 211.
535 2009 1337 2061 (Liest die meisten Zeitungen und ist das
524 2051 1340 2122 bestorganisierte Bureau Deutschlands.)
351 2131 1499 2237 Zeitung: Münchener Neueste Nachrichten
354 2271 498 2344 Ort:
584 2237 870 2343 München
350 2368 552 2448 Datum:
946 2411 1361 2522 21111012
444 2531 1403 2590 * Kleine Chronik. Das Stuttgarter Hoftheate¬
413 2568 1360 2623 feierte Schnitzlers 50. Geburtstag nachträglich am
418 2598 1360 2685 Samstag mit der ersten Aufführung der Tragi¬
418 2648 1362 2716 komötie „Das weite Land: Dankbar für
421 2671 1367 2750 Schnitzlers frühere Gaben, bereitete das Publikum¬
421 2715 1367 2776 auch seinem neuen Werk eine freundliche Auf¬
431 2752 1370 2835 nahme, obwohl die Erwartungen nicht erfullt und
433 2797 1378 2862 die Mängel der Handlung peinlich empfunden
437 2832 1382 2904 wurden. Die Aufführung war von Dr. Walter
438 2868 1374 2933 Blonne gut inszeniert, doch fehlte der Darstel¬
441 2897 1384 2984 lung das Wiener Gepräge; sie war mehr auf den
432 2946 1389 3032 nordischen Ibsen als auf den Wiener Schnitzler
1203 2985 1357 3055 Wan.
410 3014 644 3100 gestimmt.
2011 1206 2785 1303 Klose & Seidel
1969 1319 2862 1388 Bureau für Zeitungsausschnitte. =
1926 1372 2891 1449 Berlin NO.43, Georgenkirchplatz 211.
2011 1488 2800 1531 (Liest die meisten Zeitungen und ist das
1996 1537 2809 1597 bestorganisierte Bureau Deutschlands.)
1867 1645 2811 1733 Zeitung: Frankfurter Zeitung
1863 1755 2012 1820 Ort:
2307 1756 2833 1834 Frankfurt a. M.
1873 1866 2282 1957 Datum: n
2306 1906 2453 2002 Mai
1847 2057 2931 2106 g [Stuttgarter Theater.] Aus Stuttgart schreibt
1784 2104 2936 2165 man uns: Das Hoftheater hat einigen Dichtern Auf¬
1791 2139 2930 2194 merkfamkeiten erwiesen. Eine Wiederholung des Passion¬
1799 2176 2936 2240 spiels „Ostern“ von Strindberg, die der Goethebund,
1797 2220 2929 2257 während der Dichter auf dem Sterbebett lag, seinen Mit¬
1795 2257 2927 2312 gliedern geboten hat, ist vor einem größeren Publikum im
1788 2298 2938 2361 Hoftheater allerdings noch nicht erfolgt. Das leidenschwere
1791 2336 2925 2375 Drama mit seinem religiösen Mystizismus hat die Hörer nicht
1799 2379 2931 2424 zu fesseln vermocht — trotz einer fein abgetönten Darbietung,
1803 2419 2936 2476 bei der nur Herr Tenhaeff als Lindquist etwas zu äußerlich
1801 2452 2928 2500 war. Das Hoftheater hat dann dem Dichter und dem Schau¬
1838 2490 2926 2539 #ler Frank Wedekind an drei Abenden das Wort ge¬
1828 2526 2933 2570 den: der Aufführung von „Erdgeist“, der übrigens in
1828 2569 2921 2617 #uttgart nicht neu war, während „Der Marquis von Keith“
1827 2599 2930 2649 ine Stuttgarter Erstaufführung erlebte, wohnte das Königs¬
1797 2647 2922 2700 paar von Anfang bis zu Ende bei. Dem Dichter Wedekind
1788 2687 2926 2737 zhat auch hier die Gelegenheit, mit seiner Frau sich als Schau¬
1798 2725 2926 2778 spieler zu zeigen, geschadet, wenn auch das Interesse, mit dem
1795 2761 2924 2821 das zahlreiche Publikum gekommen war, sicherlich vielfach
1798 2791 2922 2858 mehr dem Schauspieler als dem Dichter gegolten hat. Wie
1797 2835 2928 2895 anderwärts, so hat man auch hier des 50. Geburtstags von
1801 2874 2920 2926 Arthur Schnitzler mit der Aufführung seines jungsten
1792 2913 2919 2951 Werkes „Das weite Land“ gedacht. Die psychoanalytische
1794 2956 2928 2994 Studie hat erst Beifall hervorgerufen, als die äußere Hand¬
1792 2982 2921 3046 lung einsetzte. Mit schuld daran war allerdings, daß von
1786 3029 2930 3071 dem pointierten Dialog Schnitzlers anfangs infolge Unruhe
1796 3065 2922 3113 und zu leisen Sprechens manches verloren ging. Bei der Auf¬
1798 3107 2928 3147 führung, die Walter Bloem mit Geschmack leitete, wußte
1793 3154 2922 3205 Herr Junker noch mehr als das Werk es bedingte, das Inter¬
1798 3183 2920 3234 esse auf sich zu konzentrieren, durch seine selbständige und
1801 3225 2928 3278 geistvolle Analyse des Fabrikanten Hofreiter. Frau Remolt
1794 3255 2928 3312 war etwas zu weich und blieb so noch mehr im Schatten, als
1798 3299 2927 3342 der Dichter gewollt hatte. Dem wenig gewinnenden Doktor
1797 3336 2922 3387 Mauer wußte auch Herr Blank nicht viel abzugewinnen.
1801 3372 2927 3419 Frau Pfeiffer=Hofmeister lag die Rolle der Erna nicht, wäh¬
1789 3411 2929 3458 rend die Herren Alsen (Kreindl) und Springer (Rhen) usw.
1791 3446 2845 3508 geschickt das Komödienmäßige in der Tragikomödie boten.
1867 3492 2929 3551 = Eine „Musterbibliothek“.] Daß sich in Bibliotheken
