3344 4352
1374 165 1728 257 box 29
231 165 1178 270 24. basLand
335 1522 1610 1661 Ausschnitt aus: Vosgische Sctung, Berin
502 1596 932 1691 18. OKT. 1911
335 1656 493 1708 vom:
315 1675 855 1774 eren en ee e
303 1717 1515 1813 *Arthur-Seimitztere-Prager Erfolg. Prag, 15. Oktober.
307 1758 1511 1850 (Eigene Mitteilung unseres Korrespondenten.) Gestern
317 1796 1520 1902 wurde Schnitzlers neuestes Bühnenwerk, die Tragikomödie „Das
318 1839 1513 1935 weite Land“ zum ersten Male im hiesigen Neuen deutschen
316 1880 1518 1971 Theater aufgeführt. Geistreich, unterhaltend, mit aktuellen Pro¬
315 1915 1510 1999 blemen tändelnd, schillernd in den eingestreuten psychologischen Fein¬
317 1956 1520 2045 heiten, überwand das Spiel, von einer trefflich abgetönten Dar¬
315 2000 1518 2081 stellung getragen, die anfängliche Zurückhaltung des vollen Hauses.
320 2030 1523 2119 Doch ließ der schwächere Applaus nach Schluß die Deutung zu, daß
331 2093 1523 2158 die Wendung, die die Handlung im letzten Akte nimmt, einiger¬
330 2100 1523 2192 maßen enttäuschend und der chaotische Irrgang der äußeren und
330 2139 1519 2238 inneren Geschehnisse schließlich ärgerlich empfunden wurde. Die
329 2193 1521 2288 Aufführung stand auf ansehnlicher Höhe und läßt die Hoffnung be¬
330 2215 1528 2312 gründet erscheinen, daß Heinrich Teweles, der die Direktion mit
337 2267 1523 2358 dem gestrigen Tage enegnitig übernahm, in dem von ihm bereits!
337 2301 1524 2387 als provisorischen Leiter bewiesenen Streben, dem bier von Angelo
338 2337 1531 2440 Neumann in den letzten Jahren zur Seite gerückten Schauspiel
343 2379 1528 2473 wieder den gebührenden Platz neben der Oper zu schaffen, von Er¬
341 2439 956 2530 folg begleitet sein wird. Dr. Kr.
1860 802 2820 908 20 n0. 1911Pilsner Tagblatt
2138 883 2809 976 Prager Premiere. ###
2566 945 2676 1000 Te
1916 938 2534 1024 Aus Prag wird uns berichtet:
1915 997 2807 1055 Mit der ersten Aufführung von Artur Schnitz¬
1824 1016 2816 1111 lers Tragödie „Das weite Land" (das Buch
2472 1079 2539 1127 4
1822 1068 2817 1164 ist soeben bei S. Fischer erschienenz im Neuen=Deut¬
1831 1115 2800 1190 schen Theater eröffnete der neue Direktor Hein¬
1816 1174 2832 1253 rich Teweles die Saison. Gleichzeitig mit Prag:
1818 1219 2827 1296 wurde Schnitzlers letztes Werk noch an 21 Bühnen!
1825 1264 2826 1344 aufgeführt — ein Fall, der gewiß zu den großen!
1817 1301 2184 1364 Seltenheiten zählt.
1845 1339 2256 1393 Gufelbr —
1840 1347 2841 1427 nannte „Dreieckige Verhältnis“ und stellt uns in dem
1854 1411 2841 1480 Fobrikanten Friedrich Hofreiter einen Mann vor, der
1859 1466 2827 1513 nun einmal dem weiblichen Geschlecht verfallen ist,
1853 1510 2839 1565 der bei seiner Frau — und er hat eine junge, schöne
1847 1541 2842 1599 und liebenswerte Frau — kein Genügen findet und
1847 1603 2834 1662 in offenbarem Verhältnis erst zu der Gattin eines
1857 1631 2848 1710 Geschäftsfreundes dann zu einem jungen Mädchen
1862 1681 2845 1746 steht. Dieser Mann hält es für sein gutes Recht, die
1864 1723 2847 1784 Treue zu verleugnen; ja er geht in seinen frivolen
1858 1769 2839 1824 Anschauungen soweit, daß er vor seiner Gattin ein
1859 1811 2842 1877 Grauen empfindet, als einer seiner besten Freunde
1862 1871 2843 1922 sich erschießt, weil Frau Genia dessen Liebeswerben
1856 1899 2845 1963 nicht erhörte. Solche Tugend ist ihm unbegreiflich,
1858 1947 2846 2009 unmenschlich (1). Aber als dann die durch solches
1859 2004 2857 2055 Benehmen ihres Mannes aufs höchste gereizte Fraus
1861 2032 2852 2105 sich zu derselben Zeit, als ihr Gatte mit Erna Wahl
1861 2085 2848 2140 am Völkser Weiher neue Liebesbande knüpft, einen
1867 2131 2851 2195 jungen Fähnrich in die Arme wirft, da zieht Hofreiter
1861 2171 2840 2231 nicht etwa die Konsequenz seiner früheren Aeußerun¬
1869 2216 2847 2279 gen, sondern da spielt er sich ganz als beleidigter
1866 2261 2847 2326 Ehemann auf, provoziert ein Duell mit dem Fähn¬
1861 2297 2848 2367 rich und erschießt ihn, den einzigen Sohn seiner Mut¬
1866 2352 2857 2418 ter. Geradezu erschütternd und grausig wirkt die
1869 2387 2841 2455 Szene des letzten Aktes, als der vom Duell zurückkeh¬
1861 2441 2863 2505 rende Hofreiter in seinem Hause die ahnungslose
1862 2478 2859 2558 Mutter des Fähnrichs trifft und dieser gegenüber
1873 2533 2591 2598 sich in alltäglichen Redensarten ergeht.
1965 2581 2845 2636 „Das weite Land“, der Titel stammt von dem
1868 2614 2840 2689 „tiefen“. Ausspruch eines Don Juan a. D. und
1876 2663 2862 2725 Hoteldirektor v. Aigner: „Die Seele ist ein weites
1870 2703 2853 2760 Land, insofern als soviel in ihr Platz hat, Liebe und
1873 2750 2863 2811 Trug, Treue und Treulosigkeit, Anbetung für die
1873 2803 2847 2852 eine und Verlangen nach der anderen“, fesselt durch
1872 2838 2847 2899 die weltmännische überlegene, halb ironische, halb
1878 2886 2843 2940 melancholische Art, mit der sich Schnitzler auf seinem
1869 2934 2848 2993 Spezialgebiet bewegt und die Aeußerungen der Lie¬
1869 2975 2845 3031 besempfindungen, der Treue und Untreue von allen
1873 3017 2848 3078 Seiten her beleuchtet. — Die Aufführung in unserem
1868 3076 2845 3120 Theater war eine sehr gute; die Regie Dr. Paul
1873 3108 2855 3163 Egers war tadellos, die Damen Medelsky und
1868 3152 2848 3205 Neff, sowie die Herren Faber und Schütz in den
1864 3202 2857 3248 Hauptrollen vortrefflich. — Das Publikum das im
1868 3232 2844 3304 Anfang sich nicht gleich zurechtfand in dieser Tragi¬
1862 3285 2849 3352 komödie, folgte den Vorgängen mit stetig steigerndem
1874 3329 2842 3386 Beifall, so daß Oberregisseur Dr. Eger nach dem
1860 3371 2850 3445 dritten Akte für den abwesenden Dichter zu „banken
2724 3418 2823 3476 J.
1857 3424 2145 3479 genötigt war.
2451 4102 2540 4158 a
