<?xml version="1.0" encoding="UTF-8" standalone="yes"?>
<PcGts xmlns="http://schema.primaresearch.org/PAGE/gts/pagecontent/2013-07-15" xmlns:xsi="http://www.w3.org/2001/XMLSchema-instance" xsi:schemaLocation="http://schema.primaresearch.org/PAGE/gts/pagecontent/2013-07-15 http://schema.primaresearch.org/PAGE/gts/pagecontent/2013-07-15/pagecontent.xsd">
    <Metadata>
        <Creator>prov=University of Rostock/Institute of Mathematics/CITlab/Gundram Leifert/gundram.leifert@uni-rostock.de:name=ONB_Newseye_GT_M1+(htr_id=10810)::::v=2.4.2
prov=University of Rostock/Institute of Mathematics/CITlab/Tobias Gruening/tobias.gruening@uni-rostock.de:name=de.uros.citlab.module.baseline2polygon.B2PSeamMultiOriented:v=2.4.2
prov=University of Rostock/Institute of Mathematics/CITlab/Tobias Gruening/tobias.gruening@uni-rostock.de:name=/mnt/transkribus/LA/DEA/URO/LA_news_onb_att.pb:de.uros.citlab.segmentation.CITlab_LA_ML:v=2.4.2
Transkribus</Creator>
        <Created>2019-10-07T11:12:04.789+02:00</Created>
        <LastChange>2019-10-07T21:02:45.752+02:00</LastChange>
        <TranskribusMetadata docId="223964" pageId="9494967" pageNr="44" tsid="16471368" status="IN_PROGRESS" userId="40391" imgUrl="https://files.transkribus.eu/Get?id=QKIOQHWXHYCKHQUIMHUXNJNF&amp;fileType=view" xmlUrl="https://files.transkribus.eu/Get?id=RIIVWLRTLZAJBSYUEXOSZAVU" imageId="6185194"/>
    </Metadata>
    <Page imageFilename="223964_0044.jpeg" imageWidth="3344" imageHeight="4448">
        <ReadingOrder>
            <OrderedGroup id="ro_1711441508367" caption="Regions reading order">
                <RegionRefIndexed index="0" regionRef="r1"/>
                <RegionRefIndexed index="1" regionRef="r2"/>
            </OrderedGroup>
        </ReadingOrder>
        <TextRegion orientation="0.0" id="r1" custom="readingOrder {index:0;}">
            <Coords points="186,207 186,4201 1807,4201 1807,207"/>
            <TextLine id="r1l1" custom="readingOrder {index:0;}">
                <Coords points="1298,252 1348,261 1440,244 1511,258 1566,242 1665,252 1752,235 1752,194 1661,163 1573,185 1530,171 1468,200 1406,179 1372,199 1337,178 1298,190"/>
                <Baseline points="1307,234 1332,234 1358,234 1383,234 1409,234 1435,234 1460,234 1486,234 1512,234 1537,234 1563,234 1589,234 1614,234 1640,233 1666,232 1691,232 1717,231 1743,230"/>
                <TextEquiv>
                    <Unicode>box 28/2</Unicode>
                </TextEquiv>
            </TextLine>
            <TextLine id="r1l2" custom="readingOrder {index:1;}">
                <Coords points="608,248 619,250 621,248 628,252 635,247 649,250 662,243 667,247 679,245 679,204 670,204 667,200 658,197 651,202 644,197 635,202 631,200 608,202"/>
                <Baseline points="617,241 644,239 671,241"/>
                <TextEquiv>
                    <Unicode>W</Unicode>
                </TextEquiv>
            </TextLine>
            <TextLine id="r1l3" custom="readingOrder {index:2;}">
                <Coords points="416,254 450,248 501,252 510,245 537,252 572,244 571,198 559,196 553,202 534,191 520,191 472,201 463,210 438,189 415,192"/>
                <Baseline points="425,245 452,242 480,241 507,242 535,242 563,240"/>
                <TextEquiv>
                    <Unicode>Das</Unicode>
                </TextEquiv>
            </TextLine>
            <TextLine id="r1l4" custom="readingOrder {index:3;}">
                <Coords points="176,257 386,259 448,289 1140,266 1140,198 1101,178 885,211 789,186 680,250 388,245 289,189 177,211"/>
                <Baseline points="186,242 233,246 280,250 327,253 374,255 422,257 469,259 516,260 563,261 610,261 658,262 705,262 752,262 799,261 846,261 894,260 941,259 988,259 1035,258 1082,257 1130,257"/>
                <TextEquiv>
                    <Unicode>24.11e Land</Unicode>
                </TextEquiv>
            </TextLine>
            <TextLine id="r1l5" custom="readingOrder {index:4;}">
                <Coords points="359,691 1626,704 1769,680 1769,636 359,666"/>
                <Baseline points="369,692 438,692 508,692 577,692 647,693 717,693 786,693 856,693 925,694 995,694 1065,694 1134,693 1204,693 1273,692 1343,691 1413,690 1482,689 1552,687 1621,685 1691,682 1761,678"/>
                <TextEquiv>
                    <Unicode>alles darangesetzt, dem, der aus dem Spiel gerissen wurde, eine</Unicode>
                </TextEquiv>
            </TextLine>
            <TextLine id="r1l6" custom="readingOrder {index:5;}">
                <Coords points="366,751 479,767 541,743 577,760 947,743 947,717 908,722 884,701 752,697 678,718 479,696 366,712"/>
                <Baseline points="375,740 403,742 431,743 459,743 487,744 515,745 543,746 572,746 600,746 628,746 656,746 684,746 712,746 740,745 769,745 797,745 825,744 853,744 881,744 909,744 938,743"/>
                <TextEquiv>
                    <Unicode>würdige Feier zu bereiten.</Unicode>
                </TextEquiv>
            </TextLine>
            <TextLine id="r1l7" custom="readingOrder {index:6;}">
                <Coords points="485,803 1778,762 1752,723 484,757"/>
                <Baseline points="494,790 557,791 621,792 685,792 749,792 812,792 876,791 940,790 1004,789 1067,788 1131,787 1195,785 1259,784 1322,782 1386,781 1450,779 1514,778 1577,777 1641,775 1705,774 1769,773"/>
                <TextEquiv>
                    <Unicode>Einen großen Erfolg neben den Herren Korff und Devrient</Unicode>
                </TextEquiv>
            </TextLine>
            <TextLine id="r1l8" custom="readingOrder {index:7;}">
                <Coords points="364,841 1776,816 1704,778 1133,822 363,805"/>
                <Baseline points="373,842 442,842 512,842 582,841 651,841 721,840 791,840 860,839 930,838 1000,837 1070,837 1139,836 1209,835 1279,833 1348,832 1418,830 1488,828 1557,827 1627,825 1697,823 1767,820"/>
                <TextEquiv>
                    <Unicode>hatte Fräulein Marberg als Frau Genia Hofreiter. Bei</Unicode>
                </TextEquiv>
            </TextLine>
            <TextLine id="r1l9" custom="readingOrder {index:8;}">
                <Coords points="363,906 1780,875 1779,816 1141,866 362,844"/>
                <Baseline points="371,889 441,890 511,891 581,891 651,891 721,891 791,891 861,890 931,889 1001,888 1071,886 1141,885 1211,883 1281,882 1351,880 1421,878 1491,876 1561,874 1631,872 1701,870 1771,868"/>
                <TextEquiv>
                    <Unicode>ihr freut man sich immer wieder, wie sie, so als würde sie</Unicode>
                </TextEquiv>
            </TextLine>
            <TextLine id="r1l10" custom="readingOrder {index:9;}">
                <Coords points="364,947 1756,933 1773,881 363,907"/>
                <Baseline points="373,944 442,944 512,943 581,942 651,941 721,940 790,938 860,937 929,936 999,934 1069,933 1138,931 1208,929 1277,928 1347,927 1417,925 1486,924 1556,923 1625,922 1695,921 1765,920"/>
                <TextEquiv>
                    <Unicode>wirklich eine andere, in eine andere Art gewandelt erscheint, und</Unicode>
                </TextEquiv>
            </TextLine>
            <TextLine id="r1l11" custom="readingOrder {index:10;}">
                <Coords points="362,992 1767,969 1730,925 1457,921 361,955"/>
                <Baseline points="371,991 440,990 509,989 578,988 648,987 717,986 786,985 856,984 925,983 994,983 1064,982 1133,981 1202,980 1271,978 1341,977 1410,975 1479,973 1549,971 1618,969 1687,966 1757,963"/>
                <TextEquiv>
                    <Unicode>über die klare, verständige, und doch so diskrete Weise, wie sie die</Unicode>
                </TextEquiv>
            </TextLine>
            <TextLine id="r1l12" custom="readingOrder {index:11;}">
                <Coords points="361,1040 1773,1014 1685,968 360,1006"/>
                <Baseline points="369,1039 438,1039 508,1038 578,1037 647,1037 717,1036 787,1035 856,1034 926,1032 996,1031 1066,1030 1135,1028 1205,1027 1275,1025 1344,1023 1414,1022 1484,1020 1553,1019 1623,1016 1693,1015 1763,1013"/>
                <TextEquiv>
                    <Unicode>Zuhörer jeweilig ahnen und fühlen läßt, was unter der bergenden</Unicode>
                </TextEquiv>
            </TextLine>
            <TextLine id="r1l13" custom="readingOrder {index:12;}">
                <Coords points="365,1086 1770,1077 1769,1022 1565,1019 365,1065"/>
                <Baseline points="375,1085 444,1086 513,1086 582,1085 652,1085 721,1084 790,1083 860,1083 929,1081 998,1080 1068,1079 1137,1077 1206,1076 1275,1074 1345,1072 1414,1071 1483,1069 1553,1068 1622,1066 1691,1064 1761,1063"/>
                <TextEquiv>
                    <Unicode>Decke der Worte in dem Herzen, den Nerven, den Empfindungen</Unicode>
                </TextEquiv>
            </TextLine>
            <TextLine id="r1l14" custom="readingOrder {index:13;}">
                <Coords points="368,1149 1771,1116 1770,1077 1662,1070 367,1101"/>
                <Baseline points="377,1133 446,1133 515,1133 584,1133 653,1132 723,1132 792,1131 861,1130 930,1130 999,1129 1069,1128 1138,1127 1207,1125 1276,1124 1345,1123 1415,1121 1484,1119 1553,1117 1622,1115 1691,1113 1761,1110"/>
                <TextEquiv>
                    <Unicode>und Gedanken vorgeht. Aufrichtige Freude konnte man auch an</Unicode>
                </TextEquiv>
            </TextLine>
            <TextLine id="r1l15" custom="readingOrder {index:14;}">
                <Coords points="364,1191 1536,1182 1774,1164 1775,1126 363,1157"/>
                <Baseline points="373,1187 442,1184 512,1182 582,1181 651,1180 721,1179 791,1178 860,1178 930,1177 1000,1177 1070,1176 1139,1176 1209,1175 1279,1174 1348,1172 1418,1170 1488,1168 1557,1165 1627,1162 1697,1157 1767,1152"/>
                <TextEquiv>
                    <Unicode>Fräulein Hofteufel haben, die der ernsten, bei aller Lebens¬</Unicode>
                </TextEquiv>
            </TextLine>
            <TextLine id="r1l16" custom="readingOrder {index:15;}">
                <Coords points="364,1239 1771,1227 1708,1166 364,1193"/>
                <Baseline points="373,1230 442,1230 511,1230 581,1230 650,1230 720,1230 789,1229 858,1229 928,1228 997,1227 1067,1226 1136,1225 1205,1223 1275,1222 1344,1220 1414,1219 1483,1217 1552,1215 1622,1212 1691,1209 1761,1207"/>
                <TextEquiv>
                    <Unicode>freude tiefen Natur der Erna voll gerecht wurde. Da war alles</Unicode>
                </TextEquiv>
            </TextLine>
            <TextLine id="r1l17" custom="readingOrder {index:16;}">
                <Coords points="361,1290 1768,1273 1767,1227 1621,1218 361,1261"/>
                <Baseline points="370,1282 439,1280 508,1279 578,1278 647,1277 717,1276 786,1275 856,1274 925,1274 995,1273 1064,1273 1133,1272 1203,1271 1272,1270 1342,1269 1411,1268 1481,1266 1550,1265 1620,1262 1689,1260 1759,1257"/>
                <TextEquiv>
                    <Unicode>fahrige, alles „flitscherlhafte“ das ihren Figuren manchmal anzu¬</Unicode>
                </TextEquiv>
            </TextLine>
            <TextLine id="r1l18" custom="readingOrder {index:17;}">
                <Coords points="368,1331 1770,1329 1769,1278 1648,1263 368,1287"/>
                <Baseline points="377,1332 446,1330 515,1328 584,1327 653,1326 723,1324 792,1323 861,1323 930,1322 999,1321 1069,1320 1138,1319 1207,1319 1276,1318 1345,1317 1415,1317 1484,1316 1553,1315 1622,1314 1691,1313 1761,1312"/>
                <TextEquiv>
                    <Unicode>haften schien, wie abgestreift: was in innerer Fülle gedacht war,</Unicode>
                </TextEquiv>
            </TextLine>
            <TextLine id="r1l19" custom="readingOrder {index:18;}">
                <Coords points="379,1397 572,1376 1031,1387 1041,1330 378,1348"/>
                <Baseline points="387,1381 419,1379 451,1378 483,1376 516,1375 548,1374 580,1374 613,1373 645,1373 677,1373 710,1373 742,1373 774,1373 806,1372 839,1372 871,1372 903,1371 936,1370 968,1369 1000,1367 1033,1366"/>
                <TextEquiv>
                    <Unicode>stand in innerer Fülle vor uns.</Unicode>
                </TextEquiv>
            </TextLine>
            <TextLine id="r1l20" custom="readingOrder {index:19;}">
                <Coords points="493,1430 1706,1418 1780,1373 492,1381"/>
                <Baseline points="501,1422 564,1423 628,1423 691,1423 755,1423 818,1422 882,1421 945,1420 1009,1419 1072,1418 1136,1417 1199,1415 1263,1414 1326,1412 1390,1411 1453,1409 1517,1408 1580,1407 1644,1406 1707,1405 1771,1405"/>
                <TextEquiv>
                    <Unicode>Prächtig war natürlich Frau Bleibtreu in der Rolle der</Unicode>
                </TextEquiv>
            </TextLine>
            <TextLine id="r1l21" custom="readingOrder {index:20;}">
                <Coords points="372,1490 1757,1469 1776,1432 371,1447"/>
                <Baseline points="381,1478 450,1476 519,1474 588,1473 658,1471 727,1470 796,1469 866,1469 935,1468 1004,1467 1074,1467 1143,1466 1212,1465 1281,1464 1351,1464 1420,1462 1489,1461 1559,1459 1628,1457 1697,1455 1767,1452"/>
                <TextEquiv>
                    <Unicode>zuerst selbst vom Leben und dann von einem irrsinnigen Schicksal in</Unicode>
                </TextEquiv>
            </TextLine>
            <TextLine id="r1l22" custom="readingOrder {index:21;}">
                <Coords points="371,1530 1679,1524 1774,1505 1774,1464 371,1490"/>
                <Baseline points="381,1527 450,1525 519,1524 588,1522 657,1521 727,1520 796,1519 865,1519 934,1518 1003,1518 1073,1517 1142,1516 1211,1516 1280,1515 1349,1514 1419,1512 1488,1511 1557,1508 1626,1506 1695,1503 1765,1499"/>
                <TextEquiv>
                    <Unicode>dem geliebten Sohne so grausam getroffenen Frau Aigner; und Herr</Unicode>
                </TextEquiv>
            </TextLine>
            <TextLine id="r1l23" custom="readingOrder {index:22;}">
                <Coords points="367,1596 1773,1563 1772,1522 1570,1507 366,1541"/>
                <Baseline points="375,1577 444,1574 513,1573 583,1571 652,1570 722,1568 791,1567 861,1567 930,1566 1000,1565 1069,1565 1138,1564 1208,1563 1277,1562 1347,1561 1416,1560 1486,1559 1555,1557 1625,1556 1694,1553 1764,1551"/>
                <TextEquiv>
                    <Unicode>Paulsen als Hofreiters durch Ernas Art selber in Fessel ge¬</Unicode>
                </TextEquiv>
            </TextLine>
            <TextLine id="r1l24" custom="readingOrder {index:23;}">
                <Coords points="370,1637 1737,1617 1769,1562 369,1596"/>
                <Baseline points="379,1628 448,1625 517,1622 586,1619 655,1617 724,1616 793,1615 862,1614 931,1614 1000,1613 1070,1613 1139,1613 1208,1612 1277,1612 1346,1611 1415,1610 1484,1609 1553,1607 1622,1605 1691,1602 1761,1598"/>
                <TextEquiv>
                    <Unicode>schlagener Freund bekräftigte aufs schönste die Hoffnungen, die er</Unicode>
                </TextEquiv>
            </TextLine>
            <TextLine id="r1l25" custom="readingOrder {index:24;}">
                <Coords points="377,1688 1776,1664 1775,1610 1715,1604 376,1630"/>
                <Baseline points="385,1673 454,1671 523,1669 592,1666 661,1665 730,1663 799,1662 868,1661 937,1660 1006,1659 1076,1659 1145,1658 1214,1657 1283,1657 1352,1656 1421,1655 1490,1653 1559,1652 1628,1650 1697,1648 1767,1645"/>
                <TextEquiv>
                    <Unicode>fast unvermutet vor kurzem erweckt hatte. Eine in ihrer diskreten</Unicode>
                </TextEquiv>
            </TextLine>
            <TextLine id="r1l26" custom="readingOrder {index:25;}">
                <Coords points="374,1730 1745,1714 1778,1664 373,1688"/>
                <Baseline points="382,1724 451,1722 520,1719 590,1717 659,1715 728,1714 798,1713 867,1712 936,1711 1006,1710 1075,1709 1144,1708 1214,1708 1283,1707 1352,1706 1422,1705 1491,1703 1560,1702 1630,1700 1699,1697 1769,1694"/>
                <TextEquiv>
                    <Unicode>Haltung sehr wirksame Figur war Herr Heine als der Bankier</Unicode>
                </TextEquiv>
            </TextLine>
            <TextLine id="r1l27" custom="readingOrder {index:26;}">
                <Coords points="370,1786 1785,1763 1784,1713 369,1738"/>
                <Baseline points="379,1771 448,1769 518,1767 588,1765 658,1764 728,1763 797,1761 867,1761 937,1760 1007,1758 1077,1758 1146,1757 1216,1756 1286,1755 1356,1754 1426,1753 1495,1751 1565,1750 1635,1749 1705,1747 1775,1745"/>
                <TextEquiv>
                    <Unicode>mit dessen Gattin Hofreiter ein Verhältnis gehabt hatte und den</Unicode>
                </TextEquiv>
            </TextLine>
            <TextLine id="r1l28" custom="readingOrder {index:27;}">
                <Coords points="365,1817 1683,1810 1782,1761 504,1767 365,1803"/>
                <Baseline points="374,1818 447,1816 521,1815 594,1813 668,1811 742,1810 815,1809 889,1808 963,1807 1036,1806 1110,1804 1183,1804 1257,1803 1331,1801 1404,1800 1478,1799 1552,1797 1625,1795 1699,1793 1773,1791"/>
                <TextEquiv>
                    <Unicode>er daher in seiner Hochschätzung des Duells als Ehrenreinigungsmittels</Unicode>
                </TextEquiv>
            </TextLine>
            <TextLine id="r1l29" custom="readingOrder {index:28;}">
                <Coords points="374,1867 1708,1859 1777,1849 1776,1801 373,1840"/>
                <Baseline points="383,1868 452,1866 521,1865 590,1863 659,1862 729,1861 798,1859 867,1858 936,1857 1005,1856 1075,1855 1144,1854 1213,1853 1282,1852 1351,1851 1421,1850 1490,1848 1559,1846 1628,1845 1697,1843 1767,1840"/>
                <TextEquiv>
                    <Unicode>nun als Sekundanten zuzog, als es galt, die Ehre und die Sitte mit</Unicode>
                </TextEquiv>
            </TextLine>
            <TextLine id="r1l30" custom="readingOrder {index:29;}">
                <Coords points="369,1918 1781,1904 1744,1851 368,1875"/>
                <Baseline points="378,1917 447,1915 517,1912 586,1910 656,1909 726,1908 795,1907 865,1906 935,1905 1004,1904 1074,1904 1144,1903 1213,1903 1283,1902 1353,1901 1422,1900 1492,1899 1562,1898 1631,1896 1701,1893 1771,1890"/>
                <TextEquiv>
                    <Unicode>dem ehelichen Fehltritt der eigenen Gattin wieder in Harmonie zu</Unicode>
                </TextEquiv>
            </TextLine>
            <TextLine id="r1l31" custom="readingOrder {index:30;}">
                <Coords points="373,1961 1787,1965 1786,1908 1695,1899 372,1920"/>
                <Baseline points="382,1966 451,1965 521,1963 591,1961 661,1960 730,1958 800,1957 870,1956 940,1954 1009,1953 1079,1952 1149,1951 1219,1950 1288,1949 1358,1948 1428,1947 1498,1946 1567,1945 1637,1943 1707,1942 1777,1940"/>
                <TextEquiv>
                    <Unicode>bringen. Und noch viele andere wären dankbar zu nennen. Herr</Unicode>
                </TextEquiv>
            </TextLine>
            <TextLine id="r1l32" custom="readingOrder {index:31;}">
                <Coords points="379,2023 1780,1999 1779,1957 1664,1946 378,1977"/>
                <Baseline points="388,2013 457,2012 526,2011 595,2010 664,2009 733,2008 802,2006 872,2005 941,2004 1010,2003 1079,2001 1148,2000 1217,1999 1286,1997 1356,1996 1425,1995 1494,1994 1563,1992 1632,1991 1701,1990 1771,1989"/>
                <TextEquiv>
                    <Unicode>Thimig, schlicht und einfach, ohne alle Allotria und doch eine</Unicode>
                </TextEquiv>
            </TextLine>
            <TextLine id="r1l33" custom="readingOrder {index:32;}">
                <Coords points="378,2073 1779,2043 1778,1998 1688,1993 377,2025"/>
                <Baseline points="386,2062 455,2061 524,2059 593,2057 662,2056 732,2055 801,2054 870,2053 939,2052 1008,2052 1078,2051 1147,2050 1216,2049 1285,2049 1354,2047 1424,2046 1493,2045 1562,2044 1631,2041 1700,2039 1770,2037"/>
                <TextEquiv>
                    <Unicode>sehr bühnenwirksame Figur, Herr Zeska als ein deutscher</Unicode>
                </TextEquiv>
            </TextLine>
            <TextLine id="r1l34" custom="readingOrder {index:33;}">
                <Coords points="371,2118 1790,2102 1789,2043 370,2087"/>
                <Baseline points="380,2112 450,2110 520,2108 590,2106 660,2105 730,2104 800,2102 870,2101 940,2100 1010,2099 1080,2098 1150,2097 1220,2096 1290,2095 1360,2094 1430,2094 1500,2092 1570,2091 1640,2090 1710,2089 1781,2087"/>
                <TextEquiv>
                    <Unicode>Reisender, der gern den Mund etwas zu weit aufmacht, Herr</Unicode>
                </TextEquiv>
            </TextLine>
            <TextLine id="r1l35" custom="readingOrder {index:34;}">
                <Coords points="380,2178 1751,2155 1791,2099 379,2110"/>
                <Baseline points="388,2158 457,2157 527,2155 597,2154 666,2153 736,2152 806,2151 875,2150 945,2149 1015,2148 1085,2147 1154,2147 1224,2146 1294,2145 1363,2143 1433,2142 1503,2141 1572,2139 1642,2138 1712,2136 1782,2133"/>
                <TextEquiv>
                    <Unicode>Balajthy als waschechter Beraführer, Frau Devrient¬</Unicode>
                </TextEquiv>
            </TextLine>
            <TextLine id="r1l36" custom="readingOrder {index:35;}">
                <Coords points="372,2207 1791,2181 1790,2142 1523,2141 372,2182"/>
                <Baseline points="381,2208 451,2205 521,2204 591,2202 661,2201 731,2200 801,2199 871,2198 941,2197 1011,2197 1082,2196 1152,2196 1222,2195 1292,2194 1362,2193 1432,2192 1502,2191 1572,2189 1642,2187 1712,2185 1783,2183"/>
                <TextEquiv>
                    <Unicode>Reinhold als eine gesprächige, nicht zu tattvolle Mutter, Herr</Unicode>
                </TextEquiv>
            </TextLine>
            <TextLine id="r1l37" custom="readingOrder {index:36;}">
                <Coords points="375,2274 1781,2230 1769,2190 374,2206"/>
                <Baseline points="383,2254 452,2253 521,2252 591,2252 660,2251 730,2250 799,2249 869,2249 938,2248 1008,2247 1077,2246 1146,2245 1216,2244 1285,2242 1355,2241 1424,2239 1494,2238 1563,2237 1633,2235 1702,2233 1772,2231"/>
                <TextEquiv>
                    <Unicode>Treßler (mit Gattin, Fräulein Gerzhofer) als Schrift¬</Unicode>
                </TextEquiv>
            </TextLine>
            <TextLine id="r1l38" custom="readingOrder {index:37;}">
                <Coords points="380,2306 1604,2305 1760,2295 1793,2252 379,2269"/>
                <Baseline points="389,2302 458,2300 528,2299 598,2298 668,2296 737,2295 807,2294 877,2293 947,2292 1016,2292 1086,2291 1156,2290 1226,2289 1295,2288 1365,2288 1435,2287 1505,2286 1574,2285 1644,2284 1714,2283 1784,2282"/>
                <TextEquiv>
                    <Unicode>steller, wie sie eben an dem Karersee — pardon, an dem Völser</Unicode>
                </TextEquiv>
            </TextLine>
            <TextLine id="r1l39" custom="readingOrder {index:38;}">
                <Coords points="384,2356 1322,2329 1367,2361 1758,2345 1781,2302 383,2306"/>
                <Baseline points="393,2347 462,2345 531,2344 600,2343 669,2342 738,2342 807,2341 876,2341 945,2340 1014,2340 1083,2339 1152,2339 1221,2339 1290,2338 1359,2338 1428,2337 1497,2336 1566,2335 1635,2333 1704,2332 1773,2330"/>
                <TextEquiv>
                    <Unicode>Weiher — nun einmal vorkommen, Herr Gerasch als dem</Unicode>
                </TextEquiv>
            </TextLine>
            <TextLine id="r1l40" custom="readingOrder {index:39;}">
                <Coords points="385,2426 1759,2393 1789,2349 384,2357"/>
                <Baseline points="394,2396 463,2395 532,2394 602,2393 671,2392 740,2392 810,2391 879,2391 948,2390 1018,2389 1087,2389 1156,2388 1226,2388 1295,2387 1364,2386 1434,2385 1503,2384 1572,2383 1642,2382 1711,2380 1781,2379"/>
                <TextEquiv>
                    <Unicode>Sühnopfer der Ehre gewidmeter Marinefähnrich, Fräulein Wilke</Unicode>
                </TextEquiv>
            </TextLine>
            <TextLine id="r1l41" custom="readingOrder {index:40;}">
                <Coords points="387,2468 1728,2455 1791,2449 1791,2399 386,2426"/>
                <Baseline points="395,2445 464,2445 533,2445 603,2445 672,2445 742,2444 811,2443 880,2442 950,2441 1019,2441 1089,2439 1158,2438 1227,2437 1297,2436 1366,2435 1436,2435 1505,2434 1574,2433 1644,2433 1713,2432 1783,2432"/>
                <TextEquiv>
                    <Unicode>als mit der Tugend nicht ganz in Einklang lebende Bankiersgattin;</Unicode>
                </TextEquiv>
            </TextLine>
            <TextLine id="r1l42" custom="readingOrder {index:41;}">
                <Coords points="386,2501 1134,2517 1689,2464 385,2467"/>
                <Baseline points="395,2497 459,2497 523,2496 587,2495 652,2494 716,2493 780,2492 845,2492 909,2491 973,2490 1038,2489 1102,2488 1166,2487 1230,2486 1295,2485 1359,2484 1423,2483 1488,2482 1552,2481 1616,2480 1681,2479"/>
                <TextEquiv>
                    <Unicode>womit die Reihe derer, die gaben, noch immer nicht beendet ist.</Unicode>
                </TextEquiv>
            </TextLine>
            <TextLine id="r1l43" custom="readingOrder {index:42;}">
                <Coords points="1260,2536 1390,2551 1409,2533 1436,2552 1457,2532 1507,2553 1677,2526 1712,2545 1755,2532 1754,2509 1692,2482 1657,2497 1589,2485 1467,2500 1434,2483 1360,2499 1259,2493"/>
                <Baseline points="1269,2536 1294,2535 1319,2534 1344,2533 1369,2532 1394,2531 1419,2530 1444,2529 1469,2528 1494,2528 1519,2527 1544,2527 1569,2527 1594,2526 1619,2526 1644,2526 1669,2527 1694,2527 1719,2527 1745,2528"/>
                <TextEquiv>
                    <Unicode>Max Burckhard.</Unicode>
                </TextEquiv>
            </TextLine>
            <TextLine id="r1l44" custom="readingOrder {index:43;}">
                <Coords points="409,2664 1726,2635 1775,2618 1774,2540 407,2569"/>
                <Baseline points="417,2634 484,2635 551,2635 619,2635 686,2634 754,2633 821,2632 889,2631 956,2629 1024,2627 1091,2626 1158,2624 1226,2623 1293,2621 1361,2619 1428,2618 1496,2617 1563,2616 1631,2616 1698,2616 1766,2616"/>
                <TextEquiv>
                    <Unicode>Kaursäusen Wreg, un, Ashlenit rnerktaser 2n Dantraser 1.8 5.7</Unicode>
                </TextEquiv>
            </TextLine>
            <TextLine id="r1l45" custom="readingOrder {index:44;}">
                <Coords points="408,2823 1703,2813 1629,2707 1546,2761 1414,2710 1177,2716 1115,2759 987,2718 893,2765 687,2718 478,2781 407,2741"/>
                <Baseline points="417,2796 480,2795 544,2794 608,2793 672,2792 736,2792 799,2791 863,2790 927,2789 991,2788 1055,2788 1118,2787 1182,2786 1246,2786 1310,2785 1374,2784 1437,2783 1501,2783 1565,2782 1629,2781 1693,2780"/>
                <TextEquiv>
                    <Unicode>PTTIERZIKANEN</Unicode>
                </TextEquiv>
            </TextLine>
            <TextLine id="r1l46" custom="readingOrder {index:45;}">
                <Coords points="419,2915 1776,2890 1774,2803 1417,2858 1138,2810 931,2854 418,2849"/>
                <Baseline points="428,2894 498,2893 568,2891 639,2889 709,2888 780,2886 850,2885 921,2884 991,2882 1062,2881 1132,2880 1203,2879 1273,2879 1344,2877 1414,2877 1485,2876 1555,2875 1626,2874 1696,2873 1767,2872"/>
                <TextEquiv>
                    <Unicode>SCHLAFRÖCKE u. HAUSKLEIDER, ENTZOCKENDE</Unicode>
                </TextEquiv>
            </TextLine>
            <TextLine id="r1l47" custom="readingOrder {index:46;}">
                <Coords points="624,2941 1543,2941 1580,2905 624,2907"/>
                <Baseline points="633,2943 679,2942 726,2941 773,2941 820,2941 867,2940 914,2940 961,2940 1008,2940 1055,2940 1102,2940 1148,2940 1195,2939 1242,2939 1289,2939 1336,2938 1383,2937 1430,2936 1477,2935 1524,2933 1571,2932"/>
                <TextEquiv>
                    <Unicode>MODELLE IN ALLEN GRÖSSEN LAGERND</Unicode>
                </TextEquiv>
            </TextLine>
            <TextLine id="r1l48" custom="readingOrder {index:47;}">
                <Coords points="502,3118 728,3074 1153,3105 1235,3055 1295,3092 1637,3089 1711,3052 1710,2990 500,3007"/>
                <Baseline points="510,3092 569,3090 629,3087 688,3086 748,3084 808,3083 867,3081 927,3080 987,3079 1046,3078 1106,3077 1166,3076 1225,3076 1285,3075 1345,3074 1404,3073 1464,3072 1524,3071 1583,3070 1643,3069 1703,3067"/>
                <TextEquiv>
                    <Unicode>Aus dem Reiche der Frau.</Unicode>
                </TextEquiv>
            </TextLine>
            <TextLine id="r1l49" custom="readingOrder {index:48;}">
                <Coords points="386,3205 1791,3193 1790,3147 1573,3112 1474,3149 1013,3133 973,3169 892,3133 385,3153"/>
                <Baseline points="395,3204 464,3202 533,3201 602,3199 672,3198 741,3197 810,3196 880,3195 949,3193 1018,3192 1088,3191 1157,3190 1226,3189 1295,3188 1365,3187 1434,3187 1503,3186 1573,3184 1642,3183 1711,3182 1781,3181"/>
                <TextEquiv>
                    <Unicode>Der Trousseau der Prinzessin Zita von Parma.</Unicode>
                </TextEquiv>
            </TextLine>
            <TextLine id="r1l50" custom="readingOrder {index:49;}">
                <Coords points="509,3263 1802,3260 1801,3199 508,3222"/>
                <Baseline points="518,3260 581,3260 645,3259 709,3259 773,3258 836,3257 900,3257 964,3256 1028,3255 1091,3254 1155,3253 1219,3252 1283,3251 1346,3250 1410,3249 1474,3247 1538,3246 1601,3244 1665,3243 1729,3241 1793,3239"/>
                <TextEquiv>
                    <Unicode>Binnen Wochenfrist tritt Prinzessin Zita von Parma vor</Unicode>
                </TextEquiv>
            </TextLine>
            <TextLine id="r1l51" custom="readingOrder {index:50;}">
                <Coords points="389,3313 1780,3304 1806,3264 388,3282"/>
                <Baseline points="398,3312 471,3311 545,3310 618,3310 692,3309 766,3308 839,3307 913,3306 987,3305 1060,3304 1134,3303 1207,3301 1281,3300 1355,3299 1428,3297 1502,3295 1576,3294 1649,3292 1723,3290 1797,3288"/>
                <TextEquiv>
                    <Unicode>den Traualtar, in wenigen Tagen wird der Priester ihren Bund fürs</Unicode>
                </TextEquiv>
            </TextLine>
            <TextLine id="r1l52" custom="readingOrder {index:51;}">
                <Coords points="398,3365 1801,3347 1761,3294 397,3312"/>
                <Baseline points="407,3360 476,3360 545,3360 614,3359 683,3358 753,3357 822,3356 891,3355 960,3354 1029,3352 1099,3351 1168,3349 1237,3348 1306,3346 1375,3345 1445,3343 1514,3342 1583,3341 1652,3340 1721,3339 1791,3338"/>
                <TextEquiv>
                    <Unicode>Leben mit dem Erzherzog Karl Franz Josef weihen. Seit</Unicode>
                </TextEquiv>
            </TextLine>
            <TextLine id="r1l53" custom="readingOrder {index:52;}">
                <Coords points="402,3429 1808,3389 1757,3342 401,3365"/>
                <Baseline points="410,3416 479,3412 548,3410 618,3407 687,3405 757,3403 826,3401 896,3400 965,3399 1035,3397 1104,3396 1173,3395 1243,3394 1312,3393 1382,3392 1451,3392 1521,3391 1590,3389 1660,3388 1729,3386 1799,3384"/>
                <TextEquiv>
                    <Unicode>Monaten schon werden die Vorbereitungen zu dieser Feier getroffen. Sie</Unicode>
                </TextEquiv>
            </TextLine>
            <TextLine id="r1l54" custom="readingOrder {index:53;}">
                <Coords points="389,3481 1802,3447 1801,3402 1716,3390 388,3428"/>
                <Baseline points="397,3461 466,3460 536,3457 606,3456 676,3455 746,3454 815,3453 885,3452 955,3451 1025,3449 1095,3449 1164,3448 1234,3447 1304,3446 1374,3444 1444,3443 1513,3441 1583,3440 1653,3438 1723,3435 1793,3432"/>
                <TextEquiv>
                    <Unicode>waren zweierlei Art: galt es doch nicht nur, eine Erzherzogin ihren</Unicode>
                </TextEquiv>
            </TextLine>
            <TextLine id="r1l55" custom="readingOrder {index:54;}">
                <Coords points="391,3514 1794,3496 1793,3450 1734,3441 391,3493"/>
                <Baseline points="399,3511 468,3509 537,3506 606,3504 676,3503 745,3501 814,3500 884,3499 953,3498 1022,3497 1092,3496 1161,3495 1230,3495 1299,3494 1369,3492 1438,3491 1507,3490 1577,3488 1646,3486 1715,3484 1785,3481"/>
                <TextEquiv>
                    <Unicode>gesellschaftlichen Pflichten gemäß mit all jenem auszustatten, was ihre</Unicode>
                </TextEquiv>
            </TextLine>
            <TextLine id="r1l56" custom="readingOrder {index:55;}">
                <Coords points="389,3557 1778,3547 1799,3502 389,3534"/>
                <Baseline points="399,3558 468,3555 538,3554 607,3552 677,3551 747,3549 816,3548 886,3547 955,3546 1025,3546 1095,3545 1164,3544 1234,3543 1303,3542 1373,3541 1443,3540 1512,3538 1582,3537 1651,3535 1721,3532 1791,3530"/>
                <TextEquiv>
                    <Unicode>hohe Stellung erfordert. Wollte doch auch eine sorgende Mutter ihrem</Unicode>
                </TextEquiv>
            </TextLine>
            <TextLine id="r1l57" custom="readingOrder {index:56;}">
                <Coords points="393,3615 1766,3601 1793,3549 392,3583"/>
                <Baseline points="401,3609 470,3607 539,3605 608,3604 677,3602 747,3601 816,3599 885,3598 954,3597 1023,3596 1093,3595 1162,3594 1231,3592 1300,3591 1369,3590 1439,3588 1508,3587 1577,3585 1646,3584 1715,3582 1785,3580"/>
                <TextEquiv>
                    <Unicode>zärtlich geliebten Kind all das auf den Lebensweg mitgeben, was ihm</Unicode>
                </TextEquiv>
            </TextLine>
            <TextLine id="r1l58" custom="readingOrder {index:57;}">
                <Coords points="400,3659 1660,3636 1597,3591 400,3623"/>
                <Baseline points="410,3652 472,3651 534,3649 596,3648 658,3647 720,3646 782,3645 844,3645 906,3644 968,3643 1030,3642 1092,3642 1154,3641 1216,3640 1278,3639 1340,3638 1402,3637 1464,3635 1526,3634 1588,3632 1651,3630"/>
                <TextEquiv>
                    <Unicode>denselben bebaglich und angenehm machen und verschönern kann.</Unicode>
                </TextEquiv>
            </TextLine>
            <TextLine id="r1l59" custom="readingOrder {index:58;}">
                <Coords points="514,3705 1788,3691 1801,3634 513,3657"/>
                <Baseline points="523,3696 586,3696 650,3695 713,3695 777,3694 840,3694 904,3693 967,3693 1031,3692 1094,3691 1158,3690 1221,3689 1285,3688 1348,3687 1412,3686 1475,3685 1539,3683 1602,3681 1666,3680 1729,3678 1793,3676"/>
                <TextEquiv>
                    <Unicode>Neben einer verwirrenden Fülle der prächtigsten Prunktoiletten</Unicode>
                </TextEquiv>
            </TextLine>
            <TextLine id="r1l60" custom="readingOrder {index:59;}">
                <Coords points="403,3770 1804,3728 1778,3690 1519,3680 402,3710"/>
                <Baseline points="411,3751 480,3748 549,3746 618,3744 687,3742 757,3741 826,3740 895,3740 964,3739 1033,3739 1103,3738 1172,3738 1241,3737 1310,3736 1379,3735 1449,3734 1518,3732 1587,3730 1656,3728 1725,3724 1795,3720"/>
                <TextEquiv>
                    <Unicode>und der subtilst ausgeführten Lingerie sehen wir deshalb in reicher Aus¬</Unicode>
                </TextEquiv>
            </TextLine>
            <TextLine id="r1l61" custom="readingOrder {index:60;}">
                <Coords points="407,3801 1769,3795 1806,3727 407,3774"/>
                <Baseline points="415,3800 484,3798 553,3795 622,3793 691,3791 760,3790 829,3789 898,3788 967,3787 1036,3786 1106,3786 1175,3785 1244,3785 1313,3784 1382,3783 1451,3782 1520,3781 1589,3779 1658,3778 1727,3775 1797,3772"/>
                <TextEquiv>
                    <Unicode>wahl praktische Gegenstände, wie sie das Alltagsleben erfordert, wie sie</Unicode>
                </TextEquiv>
            </TextLine>
            <TextLine id="r1l62" custom="readingOrder {index:61;}">
                <Coords points="404,3882 488,3847 1817,3836 1816,3788 402,3798"/>
                <Baseline points="413,3848 482,3847 552,3844 622,3843 691,3841 761,3840 831,3839 900,3838 970,3837 1040,3836 1110,3835 1179,3834 1249,3833 1319,3832 1388,3831 1458,3830 1528,3828 1597,3827 1667,3825 1737,3823 1807,3821"/>
                <TextEquiv>
                    <Unicode>der tägliche Gebrauch erheischt. Und wird unser Blick auch von den</Unicode>
                </TextEquiv>
            </TextLine>
            <TextLine id="r1l63" custom="readingOrder {index:62;}">
                <Coords points="408,3896 1654,3890 1811,3849 651,3843 408,3880"/>
                <Baseline points="417,3897 486,3894 555,3891 624,3889 694,3888 763,3886 832,3885 902,3885 971,3884 1040,3884 1110,3884 1179,3884 1248,3884 1317,3883 1387,3882 1456,3881 1525,3880 1595,3879 1664,3876 1733,3874 1803,3870"/>
                <TextEquiv>
                    <Unicode>großen Roben magnetisch“ angezogen, so wendet er sich mit gleichem</Unicode>
                </TextEquiv>
            </TextLine>
            <TextLine id="r1l64" custom="readingOrder {index:63;}">
                <Coords points="396,3948 1773,3948 1807,3876 395,3898"/>
                <Baseline points="406,3950 475,3946 545,3943 614,3941 684,3939 754,3938 823,3936 893,3936 963,3935 1032,3934 1102,3934 1172,3933 1241,3933 1311,3932 1381,3931 1450,3930 1520,3929 1590,3926 1659,3924 1729,3921 1799,3917"/>
                <TextEquiv>
                    <Unicode>Interesse auch wieder den praktischen Dingen zu, die uns die Gestalt</Unicode>
                </TextEquiv>
            </TextLine>
            <TextLine id="r1l65" custom="readingOrder {index:64;}">
                <Coords points="415,4009 1433,3995 1513,3986 1513,3938 415,3946"/>
                <Baseline points="424,3992 478,3990 532,3989 586,3988 640,3987 694,3986 748,3985 802,3985 856,3984 910,3984 964,3983 1018,3983 1072,3983 1126,3983 1180,3982 1234,3982 1288,3982 1342,3981 1396,3981 1450,3980 1505,3979"/>
                <TextEquiv>
                    <Unicode>der schönen jungen Prinzessin menschlich näher bringen.</Unicode>
                </TextEquiv>
            </TextLine>
            <TextLine id="r1l66" custom="readingOrder {index:65;}">
                <Coords points="530,4041 1811,4048 1793,3976 530,4000"/>
                <Baseline points="539,4040 602,4038 665,4037 728,4036 791,4035 854,4034 917,4033 981,4033 1044,4032 1107,4032 1170,4031 1233,4031 1296,4030 1359,4030 1423,4029 1486,4029 1549,4028 1612,4027 1675,4026 1738,4025 1802,4024"/>
                <TextEquiv>
                    <Unicode>Das intensivste Interesse zieht die Brauttoilette auf sich. Sie ist</Unicode>
                </TextEquiv>
            </TextLine>
            <TextLine id="r1l67" custom="readingOrder {index:66;}">
                <Coords points="416,4101 1798,4087 1812,4050 416,4062"/>
                <Baseline points="425,4092 493,4090 562,4088 631,4087 700,4085 769,4084 838,4083 907,4082 976,4082 1045,4081 1114,4081 1182,4080 1251,4079 1320,4079 1389,4078 1458,4077 1527,4076 1596,4075 1665,4074 1734,4072 1803,4070"/>
                <TextEquiv>
                    <Unicode>aus Ivoir Satin Duchesse angefertigt und mit echten Silberstickereien</Unicode>
                </TextEquiv>
            </TextLine>
            <TextLine id="r1l68" custom="readingOrder {index:67;}">
                <Coords points="416,4136 1772,4135 1812,4087 416,4100"/>
                <Baseline points="425,4141 493,4139 562,4138 631,4136 700,4134 769,4133 838,4132 907,4131 976,4130 1045,4129 1114,4128 1182,4127 1251,4126 1320,4125 1389,4125 1458,4124 1527,4123 1596,4122 1665,4121 1734,4120 1803,4118"/>
                <TextEquiv>
                    <Unicode>in zartem Dessin reich geschmückt. Die bourbonische Lilie bildet den</Unicode>
                </TextEquiv>
            </TextLine>
            <TextLine id="r1l69" custom="readingOrder {index:68;}">
                <Coords points="406,4189 1808,4173 1807,4128 1752,4122 406,4139"/>
                <Baseline points="415,4190 484,4188 553,4185 622,4183 691,4181 761,4179 830,4178 899,4176 968,4175 1037,4174 1107,4173 1176,4172 1245,4171 1314,4170 1383,4170 1453,4169 1522,4168 1591,4167 1660,4167 1729,4166 1799,4165"/>
                <TextEquiv>
                    <Unicode>Fond der Schleppe, den sie in immer wiederkehrenden Variationen so¬</Unicode>
                </TextEquiv>
            </TextLine>
            <TextEquiv>
                <Unicode>box 28/2
W
Das
24.11e Land
alles darangesetzt, dem, der aus dem Spiel gerissen wurde, eine
würdige Feier zu bereiten.
Einen großen Erfolg neben den Herren Korff und Devrient
hatte Fräulein Marberg als Frau Genia Hofreiter. Bei
ihr freut man sich immer wieder, wie sie, so als würde sie
wirklich eine andere, in eine andere Art gewandelt erscheint, und
über die klare, verständige, und doch so diskrete Weise, wie sie die
Zuhörer jeweilig ahnen und fühlen läßt, was unter der bergenden
Decke der Worte in dem Herzen, den Nerven, den Empfindungen
und Gedanken vorgeht. Aufrichtige Freude konnte man auch an
Fräulein Hofteufel haben, die der ernsten, bei aller Lebens¬
freude tiefen Natur der Erna voll gerecht wurde. Da war alles
fahrige, alles „flitscherlhafte“ das ihren Figuren manchmal anzu¬
haften schien, wie abgestreift: was in innerer Fülle gedacht war,
stand in innerer Fülle vor uns.
Prächtig war natürlich Frau Bleibtreu in der Rolle der
zuerst selbst vom Leben und dann von einem irrsinnigen Schicksal in
dem geliebten Sohne so grausam getroffenen Frau Aigner; und Herr
Paulsen als Hofreiters durch Ernas Art selber in Fessel ge¬
schlagener Freund bekräftigte aufs schönste die Hoffnungen, die er
fast unvermutet vor kurzem erweckt hatte. Eine in ihrer diskreten
Haltung sehr wirksame Figur war Herr Heine als der Bankier
mit dessen Gattin Hofreiter ein Verhältnis gehabt hatte und den
er daher in seiner Hochschätzung des Duells als Ehrenreinigungsmittels
nun als Sekundanten zuzog, als es galt, die Ehre und die Sitte mit
dem ehelichen Fehltritt der eigenen Gattin wieder in Harmonie zu
bringen. Und noch viele andere wären dankbar zu nennen. Herr
Thimig, schlicht und einfach, ohne alle Allotria und doch eine
sehr bühnenwirksame Figur, Herr Zeska als ein deutscher
Reisender, der gern den Mund etwas zu weit aufmacht, Herr
Balajthy als waschechter Beraführer, Frau Devrient¬
Reinhold als eine gesprächige, nicht zu tattvolle Mutter, Herr
Treßler (mit Gattin, Fräulein Gerzhofer) als Schrift¬
steller, wie sie eben an dem Karersee — pardon, an dem Völser
Weiher — nun einmal vorkommen, Herr Gerasch als dem
Sühnopfer der Ehre gewidmeter Marinefähnrich, Fräulein Wilke
als mit der Tugend nicht ganz in Einklang lebende Bankiersgattin;
womit die Reihe derer, die gaben, noch immer nicht beendet ist.
Max Burckhard.
Kaursäusen Wreg, un, Ashlenit rnerktaser 2n Dantraser 1.8 5.7
PTTIERZIKANEN
SCHLAFRÖCKE u. HAUSKLEIDER, ENTZOCKENDE
MODELLE IN ALLEN GRÖSSEN LAGERND
Aus dem Reiche der Frau.
Der Trousseau der Prinzessin Zita von Parma.
Binnen Wochenfrist tritt Prinzessin Zita von Parma vor
den Traualtar, in wenigen Tagen wird der Priester ihren Bund fürs
Leben mit dem Erzherzog Karl Franz Josef weihen. Seit
Monaten schon werden die Vorbereitungen zu dieser Feier getroffen. Sie
waren zweierlei Art: galt es doch nicht nur, eine Erzherzogin ihren
gesellschaftlichen Pflichten gemäß mit all jenem auszustatten, was ihre
hohe Stellung erfordert. Wollte doch auch eine sorgende Mutter ihrem
zärtlich geliebten Kind all das auf den Lebensweg mitgeben, was ihm
denselben bebaglich und angenehm machen und verschönern kann.
Neben einer verwirrenden Fülle der prächtigsten Prunktoiletten
und der subtilst ausgeführten Lingerie sehen wir deshalb in reicher Aus¬
wahl praktische Gegenstände, wie sie das Alltagsleben erfordert, wie sie
der tägliche Gebrauch erheischt. Und wird unser Blick auch von den
großen Roben magnetisch“ angezogen, so wendet er sich mit gleichem
Interesse auch wieder den praktischen Dingen zu, die uns die Gestalt
der schönen jungen Prinzessin menschlich näher bringen.
Das intensivste Interesse zieht die Brauttoilette auf sich. Sie ist
aus Ivoir Satin Duchesse angefertigt und mit echten Silberstickereien
in zartem Dessin reich geschmückt. Die bourbonische Lilie bildet den
Fond der Schleppe, den sie in immer wiederkehrenden Variationen so¬</Unicode>
            </TextEquiv>
        </TextRegion>
        <TextRegion orientation="0.0" id="r2" custom="readingOrder {index:1;}">
            <Coords points="1791,634 1791,4218 3268,4218 3268,634"/>
            <TextLine id="r2l1" custom="readingOrder {index:0;}">
                <Coords points="1792,676 3142,668 3200,654 3200,600 1792,627"/>
                <Baseline points="1801,664 1870,664 1940,665 2009,666 2079,666 2148,665 2218,665 2287,664 2357,664 2426,663 2496,662 2566,661 2635,660 2705,659 2774,658 2844,657 2913,657 2983,656 3052,656 3122,656 3192,656"/>
                <TextEquiv>
                    <Unicode>ein Kranz von Myrthen und Orangenblüten ruht auch im Haare. Ueber</Unicode>
                </TextEquiv>
            </TextLine>
            <TextLine id="r2l2" custom="readingOrder {index:1;}">
                <Coords points="1797,722 3193,722 3099,659 1797,675"/>
                <Baseline points="1806,717 1878,717 1951,718 2023,718 2096,718 2168,717 2241,717 2314,716 2386,715 2459,714 2531,713 2604,712 2676,711 2749,710 2822,709 2894,708 2967,707 3039,706 3112,706 3185,706"/>
                <TextEquiv>
                    <Unicode>diesem Kränzchen wird der Brautschleier aus antiken Brüsseler Spitzen,</Unicode>
                </TextEquiv>
            </TextLine>
            <TextLine id="r2l3" custom="readingOrder {index:2;}">
                <Coords points="1797,772 3165,769 3202,703 1797,722"/>
                <Baseline points="1807,760 1876,762 1945,764 2014,765 2084,766 2153,766 2222,766 2292,766 2361,766 2430,765 2500,764 2569,763 2638,762 2707,760 2777,759 2846,757 2915,756 2985,755 3054,753 3123,752 3193,751"/>
                <TextEquiv>
                    <Unicode>der bis auf die Schleppe herabfällt, von jenem Brillantdiadem gehalten,</Unicode>
                </TextEquiv>
            </TextLine>
            <TextLine id="r2l4" custom="readingOrder {index:3;}">
                <Coords points="1793,819 2992,827 3171,810 3194,753 1793,771"/>
                <Baseline points="1801,810 1870,811 1939,811 2008,812 2078,812 2147,812 2216,813 2285,813 2355,813 2424,812 2493,812 2562,812 2632,811 2701,810 2770,809 2839,808 2909,806 2978,804 3047,802 3116,800 3186,797"/>
                <TextEquiv>
                    <Unicode>das Se. Majestät der Kaiser der jungen Prinzessin zum Braut¬</Unicode>
                </TextEquiv>
            </TextLine>
            <TextLine id="r2l5" custom="readingOrder {index:4;}">
                <Coords points="1783,869 1875,884 1895,870 1909,877 1960,864 2037,885 2075,867 2132,863 2132,849 2047,817 2017,830 1956,828 1944,816 1907,829 1882,813 1823,819 1799,842 1783,835"/>
                <Baseline points="1791,865 1816,863 1842,860 1867,859 1893,858 1918,858 1944,858 1969,858 1995,858 2020,859 2046,859 2071,860 2097,860 2123,860"/>
                <TextEquiv>
                    <Unicode>geschenk machte.</Unicode>
                </TextEquiv>
            </TextLine>
            <TextLine id="r2l6" custom="readingOrder {index:5;}">
                <Coords points="1900,911 3193,907 3142,846 2985,885 2919,850 2593,880 2440,840 1899,878"/>
                <Baseline points="1909,906 1972,908 2036,911 2100,912 2164,913 2227,913 2291,913 2355,912 2419,911 2482,910 2546,908 2610,906 2674,905 2737,904 2801,902 2865,901 2929,901 2992,900 3056,900 3120,900 3184,901"/>
                <TextEquiv>
                    <Unicode>Lange ruht der Blick auf jenem herrlichen Gebilde, das im</Unicode>
                </TextEquiv>
            </TextLine>
            <TextLine id="r2l7" custom="readingOrder {index:6;}">
                <Coords points="1795,960 3189,951 3189,905 3102,898 2574,937 1795,904"/>
                <Baseline points="1804,957 1872,957 1941,958 2010,958 2079,958 2148,958 2216,958 2285,958 2354,958 2423,958 2492,957 2560,957 2629,956 2698,956 2767,955 2836,954 2904,954 2973,953 3042,952 3111,950 3180,949"/>
                <TextEquiv>
                    <Unicode>Momente der heiligen Handlung die zarte Blüte aus dem Hause</Unicode>
                </TextEquiv>
            </TextLine>
            <TextLine id="r2l8" custom="readingOrder {index:7;}">
                <Coords points="1794,1013 3071,1011 3202,1001 3202,962 1793,974"/>
                <Baseline points="1802,1004 1871,1006 1941,1007 2010,1008 2080,1008 2149,1009 2219,1008 2288,1008 2358,1007 2427,1006 2497,1005 2567,1004 2636,1003 2706,1002 2775,1000 2845,999 2914,998 2984,996 3053,995 3123,994 3193,993"/>
                <TextEquiv>
                    <Unicode>Braganza umhüllen wird, ehe er sich jener zartduftigen Mädchentoilette</Unicode>
                </TextEquiv>
            </TextLine>
            <TextLine id="r2l9" custom="readingOrder {index:8;}">
                <Coords points="1799,1065 3118,1055 3208,1002 1798,1016"/>
                <Baseline points="1807,1056 1876,1057 1946,1058 2015,1058 2085,1058 2155,1057 2224,1057 2294,1056 2363,1055 2433,1054 2503,1053 2572,1052 2642,1051 2711,1050 2781,1048 2851,1047 2920,1045 2990,1044 3059,1043 3129,1042 3199,1041"/>
                <TextEquiv>
                    <Unicode>zuwendet, die Prinzessin Zita bei der Brautsoirée tragen wird: eine</Unicode>
                </TextEquiv>
            </TextLine>
            <TextLine id="r2l10" custom="readingOrder {index:9;}">
                <Coords points="1795,1118 3033,1088 3080,1121 3200,1107 3200,1047 1795,1071"/>
                <Baseline points="1805,1103 1874,1103 1943,1104 2012,1104 2082,1105 2151,1105 2220,1105 2290,1105 2359,1104 2428,1104 2498,1103 2567,1103 2636,1102 2705,1100 2775,1099 2844,1098 2913,1097 2983,1095 3052,1093 3121,1091 3191,1089"/>
                <TextEquiv>
                    <Unicode>Tunique aus rosa Mousseline de soie mit Silberplache gestickt, ist mit</Unicode>
                </TextEquiv>
            </TextLine>
            <TextLine id="r2l11" custom="readingOrder {index:10;}">
                <Coords points="1793,1154 3202,1150 3201,1106 3024,1091 1793,1117"/>
                <Baseline points="1803,1151 1872,1152 1941,1152 2011,1153 2080,1154 2150,1154 2219,1154 2289,1154 2358,1154 2428,1154 2497,1153 2566,1152 2636,1151 2705,1150 2775,1149 2844,1148 2914,1146 2983,1145 3053,1142 3122,1140 3192,1138"/>
                <TextEquiv>
                    <Unicode>echten Duchessespitzen unterlegt und fällt auf einen Fond von rosa</Unicode>
                </TextEquiv>
            </TextLine>
            <TextLine id="r2l12" custom="readingOrder {index:11;}">
                <Coords points="1799,1211 3203,1210 3202,1151 3119,1143 1799,1157"/>
                <Baseline points="1808,1199 1877,1199 1946,1200 2015,1201 2085,1201 2154,1201 2223,1201 2292,1201 2362,1201 2431,1200 2500,1200 2569,1199 2639,1198 2708,1197 2777,1196 2846,1194 2916,1193 2985,1191 3054,1190 3123,1188 3193,1186"/>
                <TextEquiv>
                    <Unicode>Liberty herab, der mit einem hoben Volant aus Duchessespitzen garniert</Unicode>
                </TextEquiv>
            </TextLine>
            <TextLine id="r2l13" custom="readingOrder {index:12;}">
                <Coords points="1794,1258 3193,1250 3193,1197 1794,1217"/>
                <Baseline points="1803,1247 1872,1248 1941,1249 2010,1250 2079,1250 2148,1251 2217,1251 2286,1251 2355,1250 2424,1250 2493,1249 2562,1248 2631,1247 2700,1246 2769,1245 2838,1244 2907,1242 2976,1241 3045,1239 3114,1238 3184,1237"/>
                <TextEquiv>
                    <Unicode>ist. Die Corsage ist apart mit Silber gestickt und Silberfransen um¬</Unicode>
                </TextEquiv>
            </TextLine>
            <TextLine id="r2l14" custom="readingOrder {index:13;}">
                <Coords points="1798,1314 3008,1287 3173,1327 3202,1211 2885,1264 1798,1268"/>
                <Baseline points="1806,1296 1875,1297 1944,1297 2014,1298 2083,1298 2153,1299 2222,1298 2291,1298 2361,1298 2430,1297 2500,1297 2569,1296 2638,1295 2708,1294 2777,1293 2847,1291 2916,1290 2985,1289 3055,1288 3124,1286 3194,1285"/>
                <TextEquiv>
                    <Unicode>rahmen die Duchesseberthe, die das Decolleté garniert. Am Decolleté</Unicode>
                </TextEquiv>
            </TextLine>
            <TextLine id="r2l15" custom="readingOrder {index:14;}">
                <Coords points="1802,1370 1910,1370 1939,1347 2045,1361 2244,1359 2281,1345 2281,1325 2254,1331 2215,1304 2159,1317 2052,1301 1997,1312 1976,1297 1946,1312 1802,1312"/>
                <Baseline points="1811,1347 1836,1346 1862,1346 1887,1346 1913,1345 1939,1345 1964,1345 1990,1345 2015,1345 2041,1345 2067,1345 2092,1345 2118,1345 2143,1345 2169,1345 2195,1345 2220,1345 2246,1346 2272,1346"/>
                <TextEquiv>
                    <Unicode>prangt ein Rosenbukett.</Unicode>
                </TextEquiv>
            </TextLine>
            <TextLine id="r2l16" custom="readingOrder {index:15;}">
                <Coords points="1905,1400 3170,1402 3210,1352 1904,1367"/>
                <Baseline points="1913,1392 1977,1394 2041,1395 2106,1396 2170,1396 2235,1396 2299,1396 2364,1395 2428,1394 2493,1393 2557,1392 2621,1391 2686,1390 2750,1389 2815,1388 2879,1387 2944,1386 3008,1386 3073,1385 3137,1385 3202,1386"/>
                <TextEquiv>
                    <Unicode>Eine reiche Fülle von Ballroben, großen und kleinen Dinertoiletten,</Unicode>
                </TextEquiv>
            </TextLine>
            <TextLine id="r2l17" custom="readingOrder {index:16;}">
                <Coords points="1795,1445 3099,1450 3196,1445 3196,1390 1795,1407"/>
                <Baseline points="1803,1445 1872,1445 1941,1444 2010,1444 2079,1444 2149,1444 2218,1444 2287,1443 2356,1443 2425,1442 2495,1442 2564,1441 2633,1441 2702,1440 2771,1439 2841,1438 2910,1437 2979,1436 3048,1435 3117,1434 3187,1433"/>
                <TextEquiv>
                    <Unicode>Besuchstoiletten und Teagowns, Dejeunerroben und kleinen Abend¬</Unicode>
                </TextEquiv>
            </TextLine>
            <TextLine id="r2l18" custom="readingOrder {index:17;}">
                <Coords points="1800,1499 3205,1483 3043,1432 1800,1450"/>
                <Baseline points="1809,1491 1878,1491 1947,1492 2016,1493 2086,1493 2155,1493 2224,1493 2294,1493 2363,1493 2432,1492 2502,1492 2571,1491 2640,1491 2709,1490 2779,1489 2848,1489 2917,1488 2987,1487 3056,1486 3125,1485 3195,1484"/>
                <TextEquiv>
                    <Unicode>toiletten zeigt uns, welche Anforderungen in gesellschaftlicher Hinsicht ans</Unicode>
                </TextEquiv>
            </TextLine>
            <TextLine id="r2l19" custom="readingOrder {index:18;}">
                <Coords points="1803,1554 3196,1545 3195,1485 1803,1502"/>
                <Baseline points="1812,1543 1880,1543 1949,1543 2018,1543 2087,1543 2155,1543 2224,1542 2293,1542 2362,1541 2430,1540 2499,1540 2568,1539 2637,1538 2705,1537 2774,1536 2843,1535 2912,1534 2980,1533 3049,1532 3118,1532 3187,1531"/>
                <TextEquiv>
                    <Unicode>die junge Frau gestellt werden sollen. Da erblicken wir vor allem eine</Unicode>
                </TextEquiv>
            </TextLine>
            <TextLine id="r2l20" custom="readingOrder {index:19;}">
                <Coords points="1807,1598 3203,1600 3162,1535 1807,1556"/>
                <Baseline points="1817,1589 1885,1589 1954,1590 2023,1590 2092,1590 2161,1589 2230,1589 2299,1589 2368,1588 2437,1588 2506,1587 2574,1586 2643,1586 2712,1585 2781,1584 2850,1583 2919,1582 2988,1581 3057,1580 3126,1579 3195,1578"/>
                <TextEquiv>
                    <Unicode>wundervolle Toilette aus rosa Satin seduisant mit Malines= und</Unicode>
                </TextEquiv>
            </TextLine>
            <TextLine id="r2l21" custom="readingOrder {index:20;}">
                <Coords points="1804,1648 3200,1631 3199,1583 2973,1617 2783,1581 2645,1617 1804,1595"/>
                <Baseline points="1812,1639 1884,1639 1957,1638 2029,1638 2102,1638 2174,1637 2247,1637 2320,1637 2392,1636 2465,1636 2537,1635 2610,1635 2682,1634 2755,1634 2828,1633 2900,1632 2973,1631 3045,1630 3118,1629 3191,1628"/>
                <TextEquiv>
                    <Unicode>Silberspitzen garniert, mit Diamantagraffen gehalten. Dazu gebört ein</Unicode>
                </TextEquiv>
            </TextLine>
            <TextLine id="r2l22" custom="readingOrder {index:21;}">
                <Coords points="1803,1698 3199,1682 3198,1632 1802,1645"/>
                <Baseline points="1812,1687 1880,1687 1949,1686 2018,1686 2087,1685 2156,1684 2225,1684 2294,1683 2363,1682 2432,1682 2501,1681 2569,1681 2638,1680 2707,1680 2776,1680 2845,1680 2914,1680 2983,1680 3052,1680 3121,1681 3190,1681"/>
                <TextEquiv>
                    <Unicode>Manteau de Cour mit vier Meter langer Schleppe in rosa Satin seduisant,</Unicode>
                </TextEquiv>
            </TextLine>
            <TextLine id="r2l23" custom="readingOrder {index:22;}">
                <Coords points="1799,1743 3193,1741 3205,1680 1798,1708"/>
                <Baseline points="1807,1737 1876,1737 1945,1737 2015,1737 2084,1736 2154,1736 2223,1735 2293,1735 2362,1734 2432,1733 2501,1732 2570,1732 2640,1731 2709,1730 2779,1730 2848,1729 2918,1729 2987,1728 3057,1728 3126,1728 3196,1728"/>
                <TextEquiv>
                    <Unicode>mit herrlichem Rosendessin und Arabesken in Silber gestickt; neben einer</Unicode>
                </TextEquiv>
            </TextLine>
            <TextLine id="r2l24" custom="readingOrder {index:23;}">
                <Coords points="1807,1792 3219,1782 3218,1737 3037,1728 1807,1746"/>
                <Baseline points="1816,1785 1885,1784 1955,1784 2025,1783 2094,1783 2164,1782 2234,1782 2303,1781 2373,1781 2443,1780 2513,1780 2582,1779 2652,1779 2722,1778 2791,1777 2861,1777 2931,1776 3000,1775 3070,1774 3140,1773 3210,1772"/>
                <TextEquiv>
                    <Unicode>Balltoilette aus hellblauem Liberty und Mousseline de soie, mit einer Tunique</Unicode>
                </TextEquiv>
            </TextLine>
            <TextLine id="r2l25" custom="readingOrder {index:24;}">
                <Coords points="1809,1846 3221,1826 3201,1774 1809,1805"/>
                <Baseline points="1818,1834 1887,1833 1957,1833 2027,1832 2096,1832 2166,1831 2236,1830 2305,1830 2375,1829 2445,1829 2515,1828 2584,1827 2654,1827 2724,1826 2793,1825 2863,1824 2933,1823 3002,1822 3072,1821 3142,1820 3212,1819"/>
                <TextEquiv>
                    <Unicode>aus Kristallperlen gesticktem Tüll und einer Ceinture gus hellblauem Liberty¬</Unicode>
                </TextEquiv>
            </TextLine>
            <TextLine id="r2l26" custom="readingOrder {index:25;}">
                <Coords points="1800,1887 3121,1895 3206,1834 1799,1846"/>
                <Baseline points="1808,1882 1877,1882 1947,1881 2016,1881 2086,1881 2155,1880 2225,1879 2294,1879 2364,1878 2433,1877 2503,1876 2572,1876 2642,1875 2711,1874 2781,1873 2850,1872 2920,1872 2989,1871 3059,1870 3128,1870 3198,1870"/>
                <TextEquiv>
                    <Unicode>band mit Blumentuff leuchten uns die Dinertoiletten entgegen: eine Grand¬</Unicode>
                </TextEquiv>
            </TextLine>
            <TextLine id="r2l27" custom="readingOrder {index:26;}">
                <Coords points="1806,1939 3193,1948 3218,1874 1806,1890"/>
                <Baseline points="1815,1931 1884,1931 1954,1931 2024,1931 2093,1931 2163,1931 2233,1930 2302,1930 2372,1929 2442,1928 2512,1927 2581,1927 2651,1926 2721,1925 2790,1925 2860,1924 2930,1924 2999,1923 3069,1923 3139,1923 3209,1923"/>
                <TextEquiv>
                    <Unicode>dinertoilette aus weißem Duchesse Mousseliye mit Silberperlen auf</Unicode>
                </TextEquiv>
            </TextLine>
            <TextLine id="r2l28" custom="readingOrder {index:27;}">
                <Coords points="1803,1991 3201,1996 3200,1949 3108,1917 1802,1945"/>
                <Baseline points="1811,1982 1880,1982 1949,1981 2018,1980 2087,1979 2156,1979 2225,1978 2294,1977 2363,1976 2432,1976 2501,1975 2570,1974 2639,1974 2708,1973 2777,1973 2846,1972 2915,1972 2984,1972 3053,1972 3122,1972 3192,1972"/>
                <TextEquiv>
                    <Unicode>Mousseline de soie und Liberty in Arabesken gestickt, mit Malinesspitzen</Unicode>
                </TextEquiv>
            </TextLine>
            <TextLine id="r2l29" custom="readingOrder {index:28;}">
                <Coords points="1808,2035 3210,2023 3163,1977 1808,1993"/>
                <Baseline points="1817,2030 1886,2029 1955,2028 2024,2028 2093,2027 2162,2026 2231,2025 2301,2025 2370,2024 2439,2023 2508,2023 2577,2022 2646,2022 2715,2021 2785,2021 2854,2021 2923,2021 2992,2020 3061,2020 3130,2020 3200,2020"/>
                <TextEquiv>
                    <Unicode>garniert und Blumen am Decolleté; eine Toilette in vieux rose Faille</Unicode>
                </TextEquiv>
            </TextLine>
            <TextLine id="r2l30" custom="readingOrder {index:29;}">
                <Coords points="1803,2088 3159,2082 3208,2078 3208,2021 1803,2031"/>
                <Baseline points="1813,2076 1882,2076 1951,2076 2021,2076 2090,2076 2159,2075 2229,2075 2298,2074 2367,2074 2437,2073 2506,2072 2575,2072 2645,2071 2714,2071 2783,2070 2853,2070 2922,2070 2991,2070 3061,2070 3130,2070 3200,2071"/>
                <TextEquiv>
                    <Unicode>de Chine mit großen, abschattierten Rosenbuketts gestickt und mit einem</Unicode>
                </TextEquiv>
            </TextLine>
            <TextLine id="r2l31" custom="readingOrder {index:30;}">
                <Coords points="1798,2123 3193,2120 3192,2077 2978,2067 1798,2087"/>
                <Baseline points="1807,2124 1875,2125 1944,2125 2013,2124 2082,2124 2151,2124 2219,2123 2288,2123 2357,2122 2426,2121 2495,2121 2563,2120 2632,2119 2701,2119 2770,2118 2839,2117 2907,2117 2976,2116 3045,2116 3114,2115 3183,2115"/>
                <TextEquiv>
                    <Unicode>Maria Antoinette=Fichu aus Points d'Alengon geschmückt. — Eine Gaze¬</Unicode>
                </TextEquiv>
            </TextLine>
            <TextLine id="r2l32" custom="readingOrder {index:31;}">
                <Coords points="1810,2179 3201,2155 3188,2105 1810,2135"/>
                <Baseline points="1819,2172 1887,2173 1956,2174 2024,2174 2093,2174 2162,2173 2230,2173 2299,2172 2368,2171 2436,2170 2505,2169 2574,2168 2642,2167 2711,2166 2780,2165 2848,2164 2917,2164 2986,2163 3054,2163 3123,2163 3192,2163"/>
                <TextEquiv>
                    <Unicode>à fleurs Robe mit Inkrustationen von schwarzen und meißen Spitzen. —</Unicode>
                </TextEquiv>
            </TextLine>
            <TextLine id="r2l33" custom="readingOrder {index:32;}">
                <Coords points="1811,2224 3211,2233 3210,2154 1811,2187"/>
                <Baseline points="1820,2220 1889,2220 1958,2221 2027,2221 2096,2221 2165,2221 2234,2220 2303,2220 2372,2220 2441,2220 2511,2219 2580,2219 2649,2218 2718,2218 2787,2217 2856,2217 2925,2216 2994,2216 3063,2215 3132,2215 3202,2215"/>
                <TextEquiv>
                    <Unicode>Eine zyklamenfarbene Gazetoilette aus blaßblauem Fond mit einem</Unicode>
                </TextEquiv>
            </TextLine>
            <TextLine id="r2l34" custom="readingOrder {index:33;}">
                <Coords points="1812,2284 3214,2267 3062,2206 1812,2228"/>
                <Baseline points="1821,2269 1890,2270 1959,2270 2028,2270 2097,2270 2166,2270 2235,2269 2305,2268 2374,2268 2443,2267 2512,2266 2581,2265 2650,2264 2719,2263 2789,2262 2858,2262 2927,2261 2996,2260 3065,2259 3134,2259 3204,2258"/>
                <TextEquiv>
                    <Unicode>Malinessichu und einem Zyklamenbukett am Gürtel. — Eine Diner¬</Unicode>
                </TextEquiv>
            </TextLine>
            <TextLine id="r2l35" custom="readingOrder {index:34;}">
                <Coords points="1814,2332 3178,2327 3210,2272 1814,2284"/>
                <Baseline points="1822,2320 1894,2319 1967,2319 2039,2318 2112,2318 2184,2317 2257,2317 2330,2317 2402,2316 2475,2316 2547,2316 2620,2315 2692,2315 2765,2315 2838,2314 2910,2314 2983,2314 3055,2313 3128,2313 3201,2312"/>
                <TextEquiv>
                    <Unicode>toilette aus weißem Chine=Mousseline auf hellblauem Fond mit</Unicode>
                </TextEquiv>
            </TextLine>
            <TextLine id="r2l36" custom="readingOrder {index:35;}">
                <Coords points="1805,2386 3215,2357 3198,2311 1804,2335"/>
                <Baseline points="1813,2369 1882,2369 1952,2370 2021,2370 2091,2370 2161,2369 2230,2369 2300,2368 2369,2368 2439,2367 2509,2366 2578,2365 2648,2364 2717,2363 2787,2363 2857,2362 2926,2361 2996,2361 3065,2361 3135,2360 3205,2361"/>
                <TextEquiv>
                    <Unicode>Malinesspitzen garniert, mit einer Ceinture in Libertyband, deren</Unicode>
                </TextEquiv>
            </TextLine>
            <TextLine id="r2l37" custom="readingOrder {index:36;}">
                <Coords points="1815,2435 3209,2429 3208,2364 1814,2380"/>
                <Baseline points="1824,2416 1892,2416 1961,2416 2030,2416 2099,2415 2167,2415 2236,2414 2305,2413 2374,2412 2442,2412 2511,2411 2580,2410 2649,2409 2717,2409 2786,2408 2855,2408 2924,2407 2992,2407 3061,2407 3130,2408 3199,2409"/>
                <TextEquiv>
                    <Unicode>Schleifen rückwärts auf Rosenbranchen herabfollen. — Eine Dinertoilette</Unicode>
                </TextEquiv>
            </TextLine>
            <TextLine id="r2l38" custom="readingOrder {index:37;}">
                <Coords points="1813,2473 3209,2476 3209,2430 1813,2437"/>
                <Baseline points="1821,2469 1889,2467 1958,2466 2027,2465 2096,2464 2165,2463 2234,2462 2303,2462 2372,2461 2441,2460 2510,2460 2578,2459 2647,2459 2716,2458 2785,2458 2854,2458 2923,2458 2992,2458 3061,2457 3130,2457 3199,2457"/>
                <TextEquiv>
                    <Unicode>aus rosa Chine Marquisette auf rosa Liverty=Fond, der mit hellblauem</Unicode>
                </TextEquiv>
            </TextLine>
            <TextLine id="r2l39" custom="readingOrder {index:38;}">
                <Coords points="1814,2521 3219,2534 3219,2470 3130,2462 1814,2477"/>
                <Baseline points="1823,2515 1892,2515 1961,2514 2030,2514 2100,2513 2169,2513 2238,2512 2308,2511 2377,2511 2446,2510 2516,2510 2585,2509 2654,2509 2723,2509 2793,2509 2862,2508 2931,2509 3001,2509 3070,2509 3139,2510 3209,2510"/>
                <TextEquiv>
                    <Unicode>Libertyband durchzogen und mit Malinesspitzen garniert ist. Die meisten</Unicode>
                </TextEquiv>
            </TextLine>
            <TextLine id="r2l40" custom="readingOrder {index:39;}">
                <Coords points="1815,2567 3215,2585 3215,2530 3161,2510 1815,2521"/>
                <Baseline points="1825,2564 1894,2564 1963,2563 2032,2563 2101,2562 2170,2561 2239,2561 2308,2560 2377,2560 2446,2559 2515,2559 2584,2558 2653,2558 2722,2557 2791,2557 2860,2557 2929,2556 2998,2556 3067,2556 3136,2556 3206,2556"/>
                <TextEquiv>
                    <Unicode>dieser Toiletten verfügen über abtnöpfbare Plastrons, so daß man sie</Unicode>
                </TextEquiv>
            </TextLine>
            <TextLine id="r2l41" custom="readingOrder {index:40;}">
                <Coords points="1825,2635 1914,2616 2478,2616 2478,2588 2371,2560 2339,2580 1825,2573"/>
                <Baseline points="1833,2615 1864,2614 1896,2613 1928,2612 1960,2611 1992,2610 2023,2610 2055,2610 2087,2609 2119,2609 2151,2609 2182,2609 2214,2609 2246,2609 2278,2609 2310,2609 2341,2609 2373,2608 2405,2608 2437,2607 2469,2606"/>
                <TextEquiv>
                    <Unicode>hoch und dekolletiert tragen kann.</Unicode>
                </TextEquiv>
            </TextLine>
            <TextLine id="r2l42" custom="readingOrder {index:41;}">
                <Coords points="1912,2663 3212,2681 3185,2592 1912,2620"/>
                <Baseline points="1921,2659 1985,2659 2049,2659 2113,2659 2177,2659 2241,2659 2305,2659 2370,2659 2434,2659 2498,2658 2562,2658 2626,2657 2690,2657 2754,2656 2819,2656 2883,2655 2947,2655 3011,2654 3075,2654 3139,2653 3204,2653"/>
                <TextEquiv>
                    <Unicode>Die Reihe der Dejeunertoi etten eröffnet eine Champagne Marqui¬</Unicode>
                </TextEquiv>
            </TextLine>
            <TextLine id="r2l43" custom="readingOrder {index:42;}">
                <Coords points="1822,2723 3218,2710 3202,2657 1822,2661"/>
                <Baseline points="1831,2710 1903,2710 1976,2709 2048,2709 2121,2709 2193,2708 2266,2707 2339,2707 2411,2706 2484,2705 2556,2704 2629,2704 2701,2703 2774,2703 2847,2702 2919,2702 2992,2702 3064,2702 3137,2703 3210,2703"/>
                <TextEquiv>
                    <Unicode>setterobe auf weißem Fond mit Filet=Entredeux und Spitzengarnierungen.</Unicode>
                </TextEquiv>
            </TextLine>
            <TextLine id="r2l44" custom="readingOrder {index:43;}">
                <Coords points="1819,2765 3209,2765 3209,2724 1819,2726"/>
                <Baseline points="1828,2757 1896,2757 1965,2757 2033,2756 2102,2756 2171,2756 2239,2756 2308,2755 2376,2755 2445,2755 2514,2755 2582,2755 2651,2755 2719,2754 2788,2754 2857,2754 2925,2753 2994,2753 3062,2752 3131,2751 3200,2750"/>
                <TextEquiv>
                    <Unicode>Eine Toilette aus Velours Saphir mit einem Volant von Points de</Unicode>
                </TextEquiv>
            </TextLine>
            <TextLine id="r2l45" custom="readingOrder {index:44;}">
                <Coords points="1817,2822 3210,2805 3209,2765 3124,2753 1817,2767"/>
                <Baseline points="1826,2807 1894,2808 1963,2808 2032,2808 2100,2807 2169,2807 2238,2806 2306,2806 2375,2805 2444,2804 2513,2803 2581,2803 2650,2802 2719,2801 2787,2800 2856,2799 2925,2799 2993,2798 3062,2798 3131,2798 3200,2798"/>
                <TextEquiv>
                    <Unicode>Venise hat Zobelbesatz und auch eine Mousseline de Soie Crême=Toilette</Unicode>
                </TextEquiv>
            </TextLine>
            <TextLine id="r2l46" custom="readingOrder {index:45;}">
                <Coords points="1815,2858 3174,2864 3211,2812 1815,2835"/>
                <Baseline points="1823,2854 1895,2855 1968,2855 2040,2856 2113,2856 2185,2855 2258,2855 2331,2855 2403,2854 2476,2853 2548,2852 2621,2852 2693,2851 2766,2850 2839,2849 2911,2849 2984,2848 3056,2847 3129,2847 3202,2846"/>
                <TextEquiv>
                    <Unicode>mit Kristallrayuren auf rosa Fond, die reich mit schwarzen Chantilly¬</Unicode>
                </TextEquiv>
            </TextLine>
            <TextLine id="r2l47" custom="readingOrder {index:46;}">
                <Coords points="1825,2913 3227,2924 3226,2859 1825,2864"/>
                <Baseline points="1834,2908 1903,2907 1972,2905 2041,2904 2110,2903 2180,2902 2249,2901 2318,2900 2387,2900 2456,2899 2526,2899 2595,2898 2664,2898 2733,2898 2802,2898 2872,2897 2941,2897 3010,2897 3079,2897 3148,2897 3218,2897"/>
                <TextEquiv>
                    <Unicode>spitzen voiliert ist, ist mit Skunks verbrämt. Eine champagnefarbene</Unicode>
                </TextEquiv>
            </TextLine>
            <TextLine id="r2l48" custom="readingOrder {index:47;}">
                <Coords points="1821,2957 3010,2939 3221,2977 3205,2901 1821,2914"/>
                <Baseline points="1831,2951 1900,2949 1969,2948 2038,2946 2107,2945 2176,2944 2245,2943 2314,2943 2383,2942 2452,2942 2521,2942 2590,2942 2659,2941 2728,2941 2797,2941 2866,2941 2935,2941 3004,2941 3073,2941 3142,2941 3212,2940"/>
                <TextEquiv>
                    <Unicode>Rove aus Crêpe de Chine ist mit Entredeux im Genre Points de Venise</Unicode>
                </TextEquiv>
            </TextLine>
            <TextLine id="r2l49" custom="readingOrder {index:48;}">
                <Coords points="1826,3020 3226,2997 3163,2946 3018,2936 1826,2958"/>
                <Baseline points="1835,2997 1904,2997 1973,2996 2042,2996 2111,2995 2180,2994 2249,2994 2318,2993 2387,2992 2456,2991 2525,2991 2594,2990 2663,2990 2732,2989 2801,2989 2870,2989 2939,2989 3008,2989 3077,2990 3146,2990 3216,2991"/>
                <TextEquiv>
                    <Unicode>inkrustiert. Entzückend ist ein Teagown aus Corail Crêpe Charmeuse,</Unicode>
                </TextEquiv>
            </TextLine>
            <TextLine id="r2l50" custom="readingOrder {index:49;}">
                <Coords points="1818,3053 3223,3075 3222,2997 3151,2994 1818,3018"/>
                <Baseline points="1827,3049 1896,3048 1965,3047 2035,3046 2104,3045 2173,3044 2243,3043 2312,3042 2381,3041 2451,3041 2520,3040 2589,3039 2659,3039 2728,3038 2797,3038 2867,3038 2936,3038 3005,3038 3075,3039 3144,3040 3214,3040"/>
                <TextEquiv>
                    <Unicode>mit Corail Clunyspitzen geschmückt und im Gürtel mit Goldagraffen</Unicode>
                </TextEquiv>
            </TextLine>
            <TextLine id="r2l51" custom="readingOrder {index:50;}">
                <Coords points="1821,3120 1896,3110 1913,3125 1949,3103 2021,3092 2021,3080 1988,3073 1966,3056 1950,3064 1909,3049 1849,3063 1817,3058"/>
                <Baseline points="1828,3101 1854,3099 1880,3098 1906,3095 1933,3093 1959,3091 1985,3091 2012,3092"/>
                <TextEquiv>
                    <Unicode>gehalten.</Unicode>
                </TextEquiv>
            </TextLine>
            <TextLine id="r2l52" custom="readingOrder {index:51;}">
                <Coords points="1934,3153 3149,3155 3227,3142 3227,3091 1934,3107"/>
                <Baseline points="1942,3144 2005,3142 2069,3141 2133,3140 2197,3138 2261,3138 2324,3137 2388,3136 2452,3136 2516,3135 2580,3135 2643,3135 2707,3135 2771,3135 2835,3135 2899,3135 2962,3136 3026,3136 3090,3137 3154,3137 3218,3138"/>
                <TextEquiv>
                    <Unicode>Die Besuchstoiletten haben teilweise Jacken, zuweilen Mäntel zur</Unicode>
                </TextEquiv>
            </TextLine>
            <TextLine id="r2l53" custom="readingOrder {index:52;}">
                <Coords points="1821,3207 3225,3209 3197,3138 1821,3157"/>
                <Baseline points="1830,3196 1899,3194 1968,3193 2037,3192 2107,3191 2176,3190 2245,3189 2315,3188 2384,3188 2453,3187 2523,3187 2592,3186 2661,3186 2730,3186 2800,3186 2869,3186 2938,3186 3008,3186 3077,3186 3146,3187 3216,3187"/>
                <TextEquiv>
                    <Unicode>Ergänzung. Eine Visitentoilette aus Ivoir Ratiné, mit Seide und</Unicode>
                </TextEquiv>
            </TextLine>
            <TextLine id="r2l54" custom="readingOrder {index:53;}">
                <Coords points="1820,3251 3229,3251 3198,3200 3001,3183 1820,3208"/>
                <Baseline points="1829,3242 1898,3241 1968,3240 2037,3239 2107,3238 2176,3237 2246,3236 2315,3235 2385,3235 2454,3234 2524,3234 2594,3234 2663,3234 2733,3233 2802,3233 2872,3233 2941,3233 3011,3233 3080,3233 3150,3233 3220,3233"/>
                <TextEquiv>
                    <Unicode>Wolle am Devant und der Schleppe apart gestickt, mit einer Korsage</Unicode>
                </TextEquiv>
            </TextLine>
            <TextLine id="r2l55" custom="readingOrder {index:54;}">
                <Coords points="1817,3300 3228,3306 3192,3240 3034,3232 1817,3270"/>
                <Baseline points="1827,3291 1896,3290 1966,3289 2035,3288 2105,3287 2175,3286 2244,3285 2314,3285 2383,3284 2453,3283 2523,3283 2592,3282 2662,3282 2731,3282 2801,3282 2871,3281 2940,3282 3010,3282 3079,3282 3149,3282 3219,3283"/>
                <TextEquiv>
                    <Unicode>aus weißer Filetstickerei mit Mousseline de soie voiliert, wird durch</Unicode>
                </TextEquiv>
            </TextLine>
            <TextLine id="r2l56" custom="readingOrder {index:55;}">
                <Coords points="1821,3353 3226,3342 3190,3294 2977,3282 1821,3316"/>
                <Baseline points="1829,3339 1898,3339 1967,3338 2037,3337 2106,3336 2175,3335 2245,3334 2314,3332 2383,3331 2453,3330 2522,3329 2591,3328 2661,3327 2730,3327 2799,3327 2869,3327 2938,3327 3007,3328 3077,3329 3146,3331 3216,3333"/>
                <TextEquiv>
                    <Unicode>einen langen Paletot aus dem gleichen Ratiné ergänzt, dessen moderne</Unicode>
                </TextEquiv>
            </TextLine>
            <TextLine id="r2l57" custom="readingOrder {index:56;}">
                <Coords points="1819,3396 3184,3395 3217,3339 1819,3353"/>
                <Baseline points="1829,3391 1898,3389 1967,3388 2036,3386 2105,3384 2174,3383 2243,3381 2312,3380 2381,3379 2450,3378 2519,3378 2588,3377 2657,3376 2726,3376 2795,3375 2864,3375 2933,3375 3002,3375 3071,3375 3140,3375 3209,3375"/>
                <TextEquiv>
                    <Unicode>Kapuze aus jener Seidengazesüickerei besteht, die auch die Toilette</Unicode>
                </TextEquiv>
            </TextLine>
            <TextLine id="r2l58" custom="readingOrder {index:57;}">
                <Coords points="1817,3444 3197,3440 3221,3388 1977,3384 1816,3424"/>
                <Baseline points="1825,3441 1894,3440 1963,3439 2033,3438 2102,3436 2172,3435 2241,3433 2310,3432 2380,3430 2449,3429 2519,3428 2588,3426 2657,3425 2727,3424 2796,3423 2866,3423 2935,3423 3004,3423 3074,3423 3143,3424 3213,3425"/>
                <TextEquiv>
                    <Unicode>ziert. Zu einer Besuchstoilette in Velours feuilles mortes mit einer</Unicode>
                </TextEquiv>
            </TextLine>
            <TextLine id="r2l59" custom="readingOrder {index:58;}">
                <Coords points="1824,3503 3229,3496 3228,3453 3104,3425 1824,3459"/>
                <Baseline points="1833,3489 1902,3487 1971,3485 2040,3484 2110,3482 2179,3480 2248,3479 2318,3477 2387,3476 2456,3475 2526,3474 2595,3472 2664,3472 2733,3471 2803,3471 2872,3470 2941,3471 3011,3471 3080,3471 3149,3472 3219,3473"/>
                <TextEquiv>
                    <Unicode>Korsage in Altgoldgarnierung gehört ein gleichaitiges halblanges Jaket.</Unicode>
                </TextEquiv>
            </TextLine>
            <TextLine id="r2l60" custom="readingOrder {index:59;}">
                <Coords points="1833,3541 3222,3529 3177,3478 2866,3471 1832,3501"/>
                <Baseline points="1842,3533 1910,3532 1979,3531 2047,3529 2116,3528 2184,3527 2253,3526 2321,3525 2390,3524 2458,3523 2527,3523 2596,3522 2664,3522 2733,3521 2801,3521 2870,3520 2938,3520 3007,3520 3075,3519 3144,3519 3213,3519"/>
                <TextEquiv>
                    <Unicode>Eine olivgrüne Toilette aus schwerem Charmeuse ist ebenso wie die</Unicode>
                </TextEquiv>
            </TextLine>
            <TextLine id="r2l61" custom="readingOrder {index:60;}">
                <Coords points="1827,3594 3216,3586 3230,3533 1827,3541"/>
                <Baseline points="1836,3589 1905,3586 1974,3584 2043,3582 2113,3580 2182,3578 2251,3576 2320,3575 2390,3574 2459,3573 2528,3572 2597,3571 2667,3571 2736,3570 2805,3570 2874,3570 2944,3569 3013,3569 3082,3569 3151,3569 3221,3568"/>
                <TextEquiv>
                    <Unicode>dazu gehörige Jacke reich mit Seidenstickereien verziert. Zu einem</Unicode>
                </TextEquiv>
            </TextLine>
            <TextLine id="r2l62" custom="readingOrder {index:61;}">
                <Coords points="1824,3643 3134,3632 3219,3618 3219,3581 1823,3606"/>
                <Baseline points="1833,3637 1901,3634 1970,3631 2039,3628 2108,3626 2177,3624 2246,3623 2315,3622 2384,3621 2453,3620 2522,3619 2590,3619 2659,3619 2728,3618 2797,3618 2866,3618 2935,3618 3004,3618 3073,3618 3142,3617 3211,3617"/>
                <TextEquiv>
                    <Unicode>Kostüm aus Creme Serge, das mit Gallons garniert ist, sahen wir eine</Unicode>
                </TextEquiv>
            </TextLine>
            <TextLine id="r2l63" custom="readingOrder {index:62;}">
                <Coords points="1830,3686 3233,3665 3161,3621 1829,3647"/>
                <Baseline points="1838,3682 1907,3680 1976,3677 2045,3675 2115,3673 2184,3672 2253,3670 2323,3669 2392,3668 2461,3668 2531,3667 2600,3667 2669,3666 2738,3666 2808,3666 2877,3666 2946,3666 3016,3666 3085,3666 3154,3666 3224,3666"/>
                <TextEquiv>
                    <Unicode>entzückende creme Spitzenbluse aus Valenciennes und Guspures. Zu</Unicode>
                </TextEquiv>
            </TextLine>
            <TextLine id="r2l64" custom="readingOrder {index:63;}">
                <Coords points="1825,3739 3123,3735 3231,3718 3231,3665 1825,3709"/>
                <Baseline points="1834,3733 1903,3731 1972,3728 2042,3726 2111,3724 2181,3722 2250,3721 2319,3720 2389,3719 2458,3719 2528,3718 2597,3718 2666,3718 2736,3718 2805,3718 2875,3718 2944,3717 3013,3717 3083,3717 3152,3716 3222,3715"/>
                <TextEquiv>
                    <Unicode>einem Kostüm aus blauweiß gestreifter Wolle, Bleu roi gestickt, paßte</Unicode>
                </TextEquiv>
            </TextLine>
            <TextLine id="r2l65" custom="readingOrder {index:64;}">
                <Coords points="1825,3792 3116,3780 3233,3774 3233,3726 1825,3740"/>
                <Baseline points="1833,3779 1902,3777 1972,3775 2041,3774 2111,3772 2180,3771 2250,3769 2319,3768 2389,3767 2458,3766 2528,3765 2598,3765 2667,3764 2737,3764 2806,3764 2876,3763 2945,3763 3015,3764 3084,3764 3154,3764 3224,3765"/>
                <TextEquiv>
                    <Unicode>eine graziöse Crepe de Chine=Bluse, deren Stickerei ihre Zugehörigkeit</Unicode>
                </TextEquiv>
            </TextLine>
            <TextLine id="r2l66" custom="readingOrder {index:65;}">
                <Coords points="1833,3837 3224,3820 3204,3765 1833,3798"/>
                <Baseline points="1841,3826 1909,3824 1978,3822 2047,3820 2115,3819 2184,3818 2253,3817 2321,3817 2390,3816 2459,3816 2528,3816 2596,3816 2665,3815 2734,3815 2802,3815 2871,3815 2940,3814 3008,3813 3077,3812 3146,3811 3215,3809"/>
                <TextEquiv>
                    <Unicode>zum Kostüm markierte. Jene weißseidene Bluse mit Spitzensattel= und</Unicode>
                </TextEquiv>
            </TextLine>
            <TextLine id="r2l67" custom="readingOrder {index:66;}">
                <Coords points="1837,3887 3230,3869 3229,3818 3187,3816 1837,3838"/>
                <Baseline points="1846,3874 1914,3872 1983,3871 2052,3870 2120,3868 2189,3867 2258,3866 2326,3865 2395,3864 2464,3863 2533,3863 2601,3862 2670,3862 2739,3861 2807,3861 2876,3861 2945,3861 3013,3862 3082,3862 3151,3863 3220,3863"/>
                <TextEquiv>
                    <Unicode>Unterärmeln, mit den niedlichen weißen Passementrieschleifen, gehört</Unicode>
                </TextEquiv>
            </TextLine>
            <TextLine id="r2l68" custom="readingOrder {index:67;}">
                <Coords points="1827,3932 2877,3942 3173,3923 3226,3872 1826,3896"/>
                <Baseline points="1835,3927 1904,3925 1973,3923 2042,3922 2111,3920 2180,3919 2249,3918 2318,3916 2387,3915 2456,3914 2526,3913 2595,3912 2664,3912 2733,3911 2802,3911 2871,3910 2940,3910 3009,3910 3078,3910 3147,3910 3217,3911"/>
                <TextEquiv>
                    <Unicode>wohl zu dem schwarzen Libertykostüm, dessen Korsage mit Points</Unicode>
                </TextEquiv>
            </TextLine>
            <TextLine id="r2l69" custom="readingOrder {index:68;}">
                <Coords points="1837,3979 2611,3961 2610,3936 2557,3919 1837,3931"/>
                <Baseline points="1846,3969 1883,3968 1921,3968 1959,3968 1997,3968 2034,3968 2072,3967 2110,3967 2148,3967 2185,3966 2223,3966 2261,3965 2299,3964 2336,3964 2374,3963 2412,3962 2450,3962 2487,3961 2525,3960 2563,3959 2601,3958"/>
                <TextEquiv>
                    <Unicode>d'Alengons und Jettnöpfen garniert ist.</Unicode>
                </TextEquiv>
            </TextLine>
            <TextLine id="r2l70" custom="readingOrder {index:69;}">
                <Coords points="1943,4023 3136,4021 3232,3990 3118,3941 1942,3977"/>
                <Baseline points="1951,4014 2014,4014 2078,4015 2141,4015 2205,4015 2269,4015 2332,4015 2396,4014 2459,4014 2523,4013 2587,4012 2650,4012 2714,4011 2777,4010 2841,4010 2905,4009 2968,4009 3032,4009 3095,4009 3159,4009 3223,4009"/>
                <TextEquiv>
                    <Unicode>Unter den Mänteln, die in beträchtlicher Anzahl im Trousseau</Unicode>
                </TextEquiv>
            </TextLine>
            <TextLine id="r2l71" custom="readingOrder {index:70;}">
                <Coords points="1838,4079 3182,4067 3228,4017 1838,4033"/>
                <Baseline points="1846,4066 1914,4066 1983,4065 2052,4065 2120,4064 2189,4063 2258,4062 2326,4061 2395,4060 2464,4059 2533,4058 2601,4058 2670,4057 2739,4056 2807,4056 2876,4056 2945,4056 3013,4056 3082,4057 3151,4058 3220,4059"/>
                <TextEquiv>
                    <Unicode>vertreten sind, finden wir neben jenen Stücken, deren Zweck es ist, im</Unicode>
                </TextEquiv>
            </TextLine>
            <TextLine id="r2l72" custom="readingOrder {index:71;}">
                <Coords points="1842,4122 3277,4135 3277,4064 3149,4055 1842,4072"/>
                <Baseline points="1850,4113 1920,4114 1991,4114 2062,4114 2133,4114 2204,4113 2275,4112 2346,4111 2417,4110 2488,4109 2559,4108 2629,4107 2700,4107 2771,4106 2842,4106 2913,4107 2984,4108 3055,4109 3126,4111 3197,4114 3268,4117"/>
                <TextEquiv>
                    <Unicode>Winter Schutz gegen die Unbilden des Wetters zu bieten, solche, 1</Unicode>
                </TextEquiv>
            </TextLine>
            <TextLine id="r2l73" custom="readingOrder {index:72;}">
                <Coords points="1838,4174 3241,4155 3241,4119 3138,4109 1838,4119"/>
                <Baseline points="1846,4160 1915,4161 1984,4162 2053,4162 2123,4163 2192,4162 2261,4162 2331,4161 2400,4161 2469,4160 2539,4159 2608,4158 2677,4157 2746,4157 2816,4156 2885,4155 2954,4155 3024,4155 3093,4155 3162,4156 3232,4156"/>
                <TextEquiv>
                    <Unicode>die nur dazu bestimmt sind, die Toilette zu verhüllen. Und neben jenen</Unicode>
                </TextEquiv>
            </TextLine>
            <TextLine id="r2l74" custom="readingOrder {index:73;}">
                <Coords points="1889,4214 1964,4212 1961,4171 1942,4175 1920,4174 1913,4177 1910,4173 1887,4175"/>
                <Baseline points="1898,4208 1926,4204 1954,4204"/>
                <TextEquiv>
                    <Unicode>Hner</Unicode>
                </TextEquiv>
            </TextLine>
            <TextEquiv>
                <Unicode>ein Kranz von Myrthen und Orangenblüten ruht auch im Haare. Ueber
diesem Kränzchen wird der Brautschleier aus antiken Brüsseler Spitzen,
der bis auf die Schleppe herabfällt, von jenem Brillantdiadem gehalten,
das Se. Majestät der Kaiser der jungen Prinzessin zum Braut¬
geschenk machte.
Lange ruht der Blick auf jenem herrlichen Gebilde, das im
Momente der heiligen Handlung die zarte Blüte aus dem Hause
Braganza umhüllen wird, ehe er sich jener zartduftigen Mädchentoilette
zuwendet, die Prinzessin Zita bei der Brautsoirée tragen wird: eine
Tunique aus rosa Mousseline de soie mit Silberplache gestickt, ist mit
echten Duchessespitzen unterlegt und fällt auf einen Fond von rosa
Liberty herab, der mit einem hoben Volant aus Duchessespitzen garniert
ist. Die Corsage ist apart mit Silber gestickt und Silberfransen um¬
rahmen die Duchesseberthe, die das Decolleté garniert. Am Decolleté
prangt ein Rosenbukett.
Eine reiche Fülle von Ballroben, großen und kleinen Dinertoiletten,
Besuchstoiletten und Teagowns, Dejeunerroben und kleinen Abend¬
toiletten zeigt uns, welche Anforderungen in gesellschaftlicher Hinsicht ans
die junge Frau gestellt werden sollen. Da erblicken wir vor allem eine
wundervolle Toilette aus rosa Satin seduisant mit Malines= und
Silberspitzen garniert, mit Diamantagraffen gehalten. Dazu gebört ein
Manteau de Cour mit vier Meter langer Schleppe in rosa Satin seduisant,
mit herrlichem Rosendessin und Arabesken in Silber gestickt; neben einer
Balltoilette aus hellblauem Liberty und Mousseline de soie, mit einer Tunique
aus Kristallperlen gesticktem Tüll und einer Ceinture gus hellblauem Liberty¬
band mit Blumentuff leuchten uns die Dinertoiletten entgegen: eine Grand¬
dinertoilette aus weißem Duchesse Mousseliye mit Silberperlen auf
Mousseline de soie und Liberty in Arabesken gestickt, mit Malinesspitzen
garniert und Blumen am Decolleté; eine Toilette in vieux rose Faille
de Chine mit großen, abschattierten Rosenbuketts gestickt und mit einem
Maria Antoinette=Fichu aus Points d'Alengon geschmückt. — Eine Gaze¬
à fleurs Robe mit Inkrustationen von schwarzen und meißen Spitzen. —
Eine zyklamenfarbene Gazetoilette aus blaßblauem Fond mit einem
Malinessichu und einem Zyklamenbukett am Gürtel. — Eine Diner¬
toilette aus weißem Chine=Mousseline auf hellblauem Fond mit
Malinesspitzen garniert, mit einer Ceinture in Libertyband, deren
Schleifen rückwärts auf Rosenbranchen herabfollen. — Eine Dinertoilette
aus rosa Chine Marquisette auf rosa Liverty=Fond, der mit hellblauem
Libertyband durchzogen und mit Malinesspitzen garniert ist. Die meisten
dieser Toiletten verfügen über abtnöpfbare Plastrons, so daß man sie
hoch und dekolletiert tragen kann.
Die Reihe der Dejeunertoi etten eröffnet eine Champagne Marqui¬
setterobe auf weißem Fond mit Filet=Entredeux und Spitzengarnierungen.
Eine Toilette aus Velours Saphir mit einem Volant von Points de
Venise hat Zobelbesatz und auch eine Mousseline de Soie Crême=Toilette
mit Kristallrayuren auf rosa Fond, die reich mit schwarzen Chantilly¬
spitzen voiliert ist, ist mit Skunks verbrämt. Eine champagnefarbene
Rove aus Crêpe de Chine ist mit Entredeux im Genre Points de Venise
inkrustiert. Entzückend ist ein Teagown aus Corail Crêpe Charmeuse,
mit Corail Clunyspitzen geschmückt und im Gürtel mit Goldagraffen
gehalten.
Die Besuchstoiletten haben teilweise Jacken, zuweilen Mäntel zur
Ergänzung. Eine Visitentoilette aus Ivoir Ratiné, mit Seide und
Wolle am Devant und der Schleppe apart gestickt, mit einer Korsage
aus weißer Filetstickerei mit Mousseline de soie voiliert, wird durch
einen langen Paletot aus dem gleichen Ratiné ergänzt, dessen moderne
Kapuze aus jener Seidengazesüickerei besteht, die auch die Toilette
ziert. Zu einer Besuchstoilette in Velours feuilles mortes mit einer
Korsage in Altgoldgarnierung gehört ein gleichaitiges halblanges Jaket.
Eine olivgrüne Toilette aus schwerem Charmeuse ist ebenso wie die
dazu gehörige Jacke reich mit Seidenstickereien verziert. Zu einem
Kostüm aus Creme Serge, das mit Gallons garniert ist, sahen wir eine
entzückende creme Spitzenbluse aus Valenciennes und Guspures. Zu
einem Kostüm aus blauweiß gestreifter Wolle, Bleu roi gestickt, paßte
eine graziöse Crepe de Chine=Bluse, deren Stickerei ihre Zugehörigkeit
zum Kostüm markierte. Jene weißseidene Bluse mit Spitzensattel= und
Unterärmeln, mit den niedlichen weißen Passementrieschleifen, gehört
wohl zu dem schwarzen Libertykostüm, dessen Korsage mit Points
d'Alengons und Jettnöpfen garniert ist.
Unter den Mänteln, die in beträchtlicher Anzahl im Trousseau
vertreten sind, finden wir neben jenen Stücken, deren Zweck es ist, im
Winter Schutz gegen die Unbilden des Wetters zu bieten, solche, 1
die nur dazu bestimmt sind, die Toilette zu verhüllen. Und neben jenen
Hner</Unicode>
            </TextEquiv>
        </TextRegion>
    </Page>
</PcGts>
