3392 4448
1317 164 1793 262 box 28/2
194 176 1175 288 24. Das weite Land
807 790 3066 855 fragender Qualität besitzt, bleibt es noch immer ein zum großen Teile in die beiden Personen verlegt
831 850 1948 910 starkes Wagnis, die fünf Akte des Stückes ohne
2944 859 3071 913 viel
1945 851 2843 905 ist, die ihre Träger sind. Da ist
827 900 3069 953 ernste Fährlichkeiten hinter sich zu bringen. Was geschieht Verhaltenes, so viel Andersgesprochenes, daß sich, wenn man
825 946 3072 1005 aber dort, wo es an den künstlerischen Individualitäten sich aufs Interpretieren und Kommentieren verlegen wollte,
839 985 3067 1035 fehlt, wo man die beiden Rollen Durchnittsschauspielern, gewiß manche recht interessante Anmerkung machen ließe.
840 1015 3079 1092 die keine persönliche Note haben, anvertrauen muß? Denn Aber es lohnt nicht die Mühe, denn im Grunde genommen
826 1058 3068 1130 im Grunde genommen ist das, was uns unter einem so ist das Ganze eine recht alltägliche Geschichte, die nur des¬
832 1115 3074 1171 anspruchsvoll, sonst symbolistisch klingenden Titel vorgesetzt halb interessant aussieht, weil uns am Anfang und am
828 1154 1945 1229 wird, eine fast alltägliche und herzlich uninteressante
1938 1151 3069 1222 Ende eine Leiche entgegenstarrt. Fräulein Marberg hat
821 1194 1339 1271 Familiengeschichte, wie
1445 1197 1593 1258 im
1372 1199 1459 1262 sie
1627 1194 1947 1266 Getriebe der
1931 1194 3075 1255 ihre große Kunst gestern an einer ziemlich undankbaren
828 1247 1254 1310 Großstadt häufig
1277 1238 1935 1309 genug passiert, ohne daß
1936 1240 3061 1307 Aufgabe erprobt. Ihr war es zu danken, wenn die Gestallt
816 1278 1932 1344 man sich lange dabei aufhalten würde. Das Eheleben des
1942 1274 3072 1355 der Genia, dieser Frau, die sich auch in der Sünde den Stolz
828 1334 1930 1385 Fabrikanten Friedrich Hofreiter (Herr Korff) und seiner
1937 1340 3070 1393 der Reinheit bewahrt, nicht die Wahrscheinlichkeit verlor.
822 1378 1928 1435 Frau Genia (Fräulein Marberg) ist an und für sich
1932 1385 3080 1439 Herr Korff tat gleichfalls für seine Rolle das möglichste.
814 1426 1948 1488 gar kein kompliziertes, es gleicht den so vieler anderer
1935 1428 3066 1481 Er gab ihr manchmal einen Stich ins Pathologische und
816 1464 3069 1531 Gatten, die nebeneinander vegetieren und mit mehr oder das schien uns sehr angebracht, denn ein normal organisiertes
817 1510 3081 1568 weniger Geschick der Oeffentlichkeit gegenüber den Gehirn ließe den Charakter Hofreiters unerklärlich er¬
819 1548 3069 1607 Schein zu wahren wissen. Dieser Herr Hofreiter scheinen. Neben diesen beiden Hauptfiguren gibt es ganze
815 1581 3082 1657 ist ein tüchtiger Geschäftsmann, fleißig und unter= Mengen anderer, zu deren Besetzung die besten Kräfte des Burg¬
1649 1637 1937 1697 als Mensch
1261 1643 1634 1699 er hat auch
1928 1630 3064 1710 theaters herangezogen wurden. Fräulein Hofteufel war als
812 1631 1263 1698 nehmungslustig und
815 1679 1932 1740 seine angenehmen Seiten. Er liebt auch seine schöne Frau
1949 1685 3069 1746 „modernes Mädchen“ vortrefflich. Desgleichen Fräulein
816 1728 1933 1784 noch immer, um so mehr, als sie die Mutter eines schon
1938 1730 3069 1784 Wilke als flirtende Bankiersgattin. Frau Bleib¬
816 1783 3066 1821 vierzehnjährigen Jungen ist, der in England erzogen wird. streu zeichnete die kleine Rolle der Mutter des jungen
821 1808 3063 1884 Aber er kann nun einmal ohne illegitime Beziehungen nicht Marineoffiziers in sicheren Strichen. Frau Reinhold
812 1858 1951 1910 sein, sie sind ihm zum Bedürfnis geworden. Seine Frau
1936 1853 3069 1926 schuf eine prächtige Charge als eine larmoyante Dame von
821 1908 1929 1953 weiß und duldet das, ja sie hat sogar bisher von dem ihr
1937 1900 3068 1967 fast schon unerlaubter Beschränktheit. Für den einen in
1941 1952 2067 2010 Tirol
816 1950 1938 2012 täglich empfohlenen Mittel, Gleiches mit Gleichem zu ver¬
2060 1935 3065 2017 spielenden Akt waren rekrutiert worden:
2342 1991 2445 2049 der
2478 1996 2621 2058 einen
1932 1997 2296 2053 Herr Devrient,
813 1989 1941 2053 gelten, keinen Gebrauch gemacht. So stehen die Dinge bei
2646 1977 3057 2069 sehr interessanten
1941 2037 3063 2098 Direktor eines Dolomitenhotels gibt, der in seiner
814 2034 1928 2098 Beginn des Stückes. Ueber dem prächtigen Garten,
1581 2083 1934 2137 Baden gehört,
814 2068 1592 2144 der zur Hofreiterschen Villa in
1943 2080 3065 2136 Jugend ein waghalsiger Tourist war, dann Pech in der
813 2126 1938 2190 lagert eine dumpfe Schwüle. Durch geschickt gemachte
1943 2127 3057 2183 Ehe hatte, in den Bergen den Lebemann weiter spielt, so daß
815 2164 1934 2223 exponierende Szenen erfahren wir, daß ein Freund des
1948 2166 3064 2233 es Dutzende Gesichter gibt, die ihm ähnlich sehen, und dem
823 2203 1937 2282 Hauses, ein junger russischer Musiker Alexei Korsakow, durch
1933 2212 3061 2276 man trotz dieser bewegten Vergangenheit noch eine große
818 2261 1929 2311 einen Selbstmord, dessen Motiv niemand kennt, geendet hat.
1933 2260 3061 2314 Zukunft vorhersagt. Herr Balajthy gibt einen Führer,
809 2301 1945 2368 Hofreiter hat dem Begräbnisse beigewohnt und kehrt aus der
1943 2305 3063 2359 Herr Thimig den Hotelportier, die Herren Treßler
823 2344 1931 2391 Stadt zurück. Im Abenddämmer kommt es zwischen den
1936 2340 3067 2410 und Zeska opfern sich in diesem Akte in kleinen Episoden¬
820 2391 1925 2442 beiden Gatten zu einer Aussprache. Hofreiter kann das
1945 2386 3056 2447 rollen. Von den übrigen sind noch zu nennen: Herr
808 2431 1928 2501 Gefühl nicht loswerden, daß seine Fran mit dem Selbst¬
1935 2433 3055 2509 Paulsen, der in dieser gemischten Gesellschaft wieder ein¬
819 2476 3061 2521 mord in irgendeinem Zusammenhange stehe. Genia bestätigt mal die Fleisch und Blut gewordene, durch nichts zu er¬
816 2519 3063 2577 diese Annahme, indem sie ihrem Manne einen Brief schütternde Anständigkeit repräsentiert, Herr Gerasch, der
818 2565 1938 2622 zu lesen gibt, den Korsakow vor seinem Tode an sie
1936 2566 3061 2634 seine sympathische Jugend an den jungen Marineoffizier
816 2603 1933 2661 gerichtet hatte. Aus diesen Zeilen geht hervor, daß der
1944 2616 3069 2681 wendet, Herr Heine, der sich als Bankier Natter eine fast
818 2650 1937 2706 Selbstmörder eine unglückliche Liebe zu der schönen Frau
1932 2653 3071 2734 versteinerte Maske zurechtgelegt hat, und Herr Höbling
813 2693 1927 2752 im Herzen trug und daß er starb, weil er keine Erhörung
1944 2703 3063 2761 als unermüdlicher, leidenschaftlicher Tennisspieler. Zum
815 2749 1926 2804 fand. Hofreiter legt sich dieser Enthüllung gegenüber
1941 2744 3063 2809 Schlusse sollen wir wohl noch eine Erklärung dafür geben,
810 2787 1935 2851 einen ganz sonderbaren Standpunkt zurecht. Das Geständnis
1941 2794 3064 2850 weshalb das Stück den Titel „Das weite Land“ führt. Wir
814 2828 1942 2879 Genias, daß: sie den jungen Künstler wieder liebte, ohne
1941 2839 3052 2901 wissen es nicht. Vielleicht ist die Liebe in ihrer Mannig¬
818 2872 1941 2925 aber ihre Pflicht zu vergessen, versetzt ihn in einen ganz eigen¬
1929 2885 3040 2952 faltigkeit und Vielgestaltigkeit damit gemeint? —ei—.
816 2917 1939 2970 tümlichen Gemütszustand. Er kann keine Genugtnung darüber
810 2953 1938 3005 empfinden, daß die Treue seiner Gattin ihn davor bewahrte,
816 3005 1950 3062 für seine Verirrungen büßen zu nüssen. Er empfindet sogar
819 3049 1941 3102 eine Art von Grauen vor seiner Frau, die es, wie er
813 3084 1955 3143 meint, doch so leicht gehabt hätte, den jungen Russen von
817 3133 1666 3211 seinem verzweifelten Schritte zurückzuhalten.
908 3177 1958 3258 Und diese Idiosynkrasie gewinnt so starken Einfluß
811 3225 1950 3281 auf ihn, daß er ganz plötzlich den Entschluß faßt, auf ein
816 3274 1944 3344 paar Wochen in die Tiroler Berge zu gehen. Allerdings,
817 3312 1942 3376 wenn Hofreiter sich sagt, daß es nur das gespannte Ver¬
814 3346 1951 3427 hältnis zu seiner Frau ist, das ihn vom häuslichen
817 3408 1948 3465 Herde treibt, so ist er sehr unaufrichtig gegen sich selbst.
824 3448 1947 3511 Es lockt ihn nämlich ein neues „Weibchen“ Es ist noch
813 3482 1942 3555 gar nicht lange her, da hat er mit der pikanten Frau
824 3539 1943 3593 (Fräulein Wilke) seines Geschäftsfreundes, des Bankiers
829 3582 1946 3638 Natter (Herr Heine), gebrochen. Nun ist es ein junges
819 3628 1941 3684 Mädchen (Fräulein Hofteufel) von einer geradezu stupenden
821 3670 1949 3723 Aufgeklärtheit und Vorurteilslosigkeit, ein richtiges Pracht¬
818 3711 1943 3775 exemplar einer demie vierge, das ihn mit seinem Raffinement
818 3757 1952 3821 in seine Netze gezogen hat. Die Sinnlichkeit dieser
953 3804 1941 3860 ihm förmlich aufdrängenden Tochter aus
831 3801 924 3862 sich
1744 3840 1942 3901 Hofreiter
825 3830 1143 3914 gutem Hause
1158 3848 1718 3904 ist es eigentlich, was
832 3887 1938 3949 zu dem Ausfluge in die Dolomiten veranlaßt, an dem sich
824 3930 1941 3992 auch die kleine Circe beteiligen will. Und es kommt, wie
822 3972 1952 4028 es kommen muß. Hoch droben, angesichts der Gletscher,
816 4007 1953 4059 kommt es über die beiden wie ein „Höhenrausch“ und der
832 4061 1941 4125 reife Mann stammelt tolle Liebesworte wie ein Jüngling.
826 4110 1951 4180 Aber auch das bleibt nur eine Episode. Es ist etwas in
832 4149 1949 4199 ihm, was ihn doch immer wieder zu seiner Frau zieht. Un¬
