3392 4352
693 228 782 283 W C
1402 224 1834 302 box 28/2
292 216 1246 327 24. Das 11e Land
616 442 900 502 Tu—
894 464 1356 541 (Gaallenengabe edne Sawfas).
565 525 963 609 Ausschültt aus:
1014 477 1655 620 Cplaseang
579 643 731 719 vem:
1350 638 1707 748 Jahte
1604 731 1884 807 —
579 829 701 924 —
745 844 2133 954 omeedia à Vienne
599 1023 2130 1120 Une première sensationnelle au Burgtheater
1552 1163 2025 1236 M. Arthur SCHNITZLER
869 1755 982 1832 *
493 2188 915 2279 G
508 2267 743 2338 W
1027 2289 1652 2375 B
491 2293 854 2381 Kee escheen
1995 2358 2215 2416 Seeeseeremeserecnt
1159 2356 1526 2416 —
573 2356 713 2412 —
1720 2823 1769 2876 8
661 2976 949 3047 S M
537 3053 676 3151 N
674 3096 1481 3244 ce ehet. eeneneteng
595 3143 790 3230 1
1559 3155 1613 3228 1108
1786 3166 2080 3243 e
748 3229 1087 3299 MIle HOFTEUFEL
1610 3225 1964 3302 Mile Ida ORLOFF
485 3316 1336 3384 N’est-elle pas, en effet, sensationnelle la pre¬
1350 3302 2225 3375 me, Génia, le sait, et lui sait que sa femme ne
456 3355 1334 3400 mière représentation de cette nouvelle pièce
1353 3363 2237 3439 lignore pas. Génia reste fidele à son volage ma.
464 3404 1337 3452 d’Arthur Schnitzler qui est donnée à la fois sur
1348 3410 2224 3463 ri, non point par égards pour lui, mais bien pour
459 3433 1340 3489 six scènes allemudes? lis sont fort rares les au¬
1354 3443 2233 3490 elle-méme, par une sorte de propreté morale.
467 3487 1348 3530 teurs dramatiques qui veient leurs productions
1353 3476 2240 3538 g je n'aurais pas pu faire autrement v. dit-elle
472 3511 1344 3566 représentées le mème soir au Burgtheater de
1350 3516 2229 3583 quand elle apprend qu'un pianiste russe qui la
472 3548 1333 3601 Vienne, au Neues-Deutsches theater de Prague,
1357 3558 2224 3617 poursuivait de ses assiduités vient de se tuer
463 3590 1333 3649 au Lessing-theater de Berlin, au Residenz-thea¬
1345 3598 2234 3666 peur elle. Avant de mourir, Alexis Korsakow,
467 3617 1339 3680 ter de Munich, au Deutsches-Schauspielhaus de
1361 3634 2233 3701 lui explique dans une lettre, les naisons de son
456 3671 1280 3715 Hambourg et à la Schauburg de Hannovre.
1357 3670 2142 3733 suicide. Génia montre la lettre à son mari.
506 3693 1346 3755 Tel est cependant le sort qui a été réservé au
1391 3711 2256 3784 lei se place une des scènes certainement les¬
453 3758 1332 3802 Pays loiniain, tragi-comédie en cing actes d’Ar¬
1346 3739 2225 3814 plus osées qui scient au theätre. En lisant certe
458 3793 768 3849 thur Schnitzler.
1348 3789 2225 3851 lettre de Korsakow qui constitue pour sa femme
498 3812 1332 3887 Celui qui s’inspirant d’un délicieux type de
1351 3831 2236 3900 le plus irréfurable témoignage d'honnéteté, Fried¬
457 3867 1329 3914 jeune fille viennoise, a fait applaudir Amourette
1342 3872 2230 3923 rich Hofreiter se prend non à la détester, le mot
462 3905 1332 3960 sur teutes les scènes germaniques, est resté,
1348 3903 2216 3965 serait trop fort, mais à se sentir éloigné d’elle.
460 3947 1333 3993 cette fois aussi, fidele à sa ville natale. Ce sont
1368 3949 2224 4011 ( Ta vertu a forcé un homme à la mort v. Jui
468 3990 1334 4037 des types essentiellement viennois qu'il a portés
1349 3983 2221 4056 dit-il, et, sans oser lui dire quselle aurait dü
457 4019 1325 4070 à la scène cette fois encore. Ce ne sont plus
1340 4018 2229 4089 faire le nécessaire pour l’empécher de mourir,
465 4058 1327 4109 lä des Viennois aussi fortement marques et.pour
1345 4058 2228 4115 son instinct de don juan se révolte contre tant
1339 4104 1788 4151 d’inexorable honnéteté.
456 4098 1327 4146 ainsi dire, conscients de l'ètre, que ceuz du
457 4136 1328 4182 temps de Lanner et de Strauss, au temps ou ce¬
1395 4121 2261 4216 Tout se passe à découvert dans cette piece. ###
466 4172 1336 4225 lui-ci intitulait une de ses valses les plus céle¬
1339 4178 2219 4246 Friedrich trompe sa kemme, et celle-ci nc l’igno¬
1155 4213 1331 4247 10 Kr.
718 4216 818 4256 B
2251 830 3134 900 fond qu'elle seule. ## ll ya place peur fant de
2257 885 3130 941 choses dans le ccrur de lhomme, Läme est un
2267 933 3133 986 pays lointain v. Peut-Stre, mais en tous eas.
2262 970 3143 1039 fort mal gouverné pour qu'il y regne un pareil
2262 1005 2425 1054 chaos.
2293 1031 3146 1095 M. Schnitzien-e-desigfé cette piece sous se
2259 1077 3136 1138 flom de tragi-comédie, II a en raison. Le tragi¬
2261 1124 3136 1171 que et le comique sont ici constamment fondus
2263 1163 3138 1220 l'un dans l’autre. Tout ce qui arrive est, seion
2268 1189 3140 1259 gu'on le regarde d’un côté ou de l'autre, clur
2262 1246 3136 1294 ou sombre, triste ou gai, tragique ou comique.
2262 1285 3131 1326 On peut en rire, et en pleurer aussi. M. Schnitz¬
2268 1323 3136 1369 ler a très bien réussi à maintenir le spectateurs,
2260 1362 3129 1406 durant les cing actes, dans cet équilibre péril¬
2260 1403 3133 1441 leux entre tous. C’est la comme un morceau de
2267 1435 3146 1490 musique au rythme entrainant et gai dont la mé¬
2252 1478 3135 1531 lodie pleurerait doucement en mineur. L'auteur
2257 1522 3136 1569 a fait preuve ici de beaucoup de pessimisme,
2258 1559 3137 1611 mais il s’agit là d’un pessimisme de bonne hu¬
2265 1584 3140 1660 meur, et cela ne saurait déplaire à une époque
2258 1631 3141 1697 aussi inquiète et agitée que la nötre. C’est un
2256 1680 3122 1743 pessimisme sur lequel on danse comme un vol¬
2254 1715 2354 1759 can.
2290 1738 3128 1801 L’interprétation a été excellente au Burgthea¬
2253 1797 3138 1857 ter avec MM. Korf, Heine et Devrient, Mmes
2255 1832 2981 1883 Hofteufel, Marberg, Bleibtreu et Wilke.
2285 1861 3127 1925 Dans les autres villes, la pièce a été accueil¬
2260 1906 3111 1952 lie sympathiquement. A Berlin seulement, le pu¬
2261 1951 3097 2004 blic a cru devoir à son renom de moralité d
2257 1991 3096 2037 manifester sa froideur à certains moments. C’es
2257 2034 3108 2089 qu'ily avait probablement dans la salle plusieur
2255 2073 3116 2137 personnes invitées, après le théätre, à soupel
2251 2115 2770 2165 chez Mme Wolf-Wertheim.
2738 2138 3118 2229 A. CASANOVA
