3392 4352
495 206 559 280 D
1374 201 1832 306 box 28/2
246 211 1231 332 24. Las weite Land
330 410 663 503 chmltt aus
754 450 1385 560 beeburger Puguikt
454 464 772 574 10 0 0
1778 477 2811 598 vomt #% □r. X. Wtisbunger Chronik
744 529 826 596 1
334 508 437 608 —
1995 540 2303 612 —
2376 548 2600 659 Salzhee
385 614 471 662 —
452 605 1450 686 — „Das weite Land“ Arthur Schnitz¬
1943 661 2948 756 „Das weite Land“ eine neue Komödie Arthur
362 669 1453 744 lers Tragikomödie in fünf Akten „Das weite
1857 731 2947 805 Schnitzlers, wurde am 14 Oktober erstmalig auf¬
367 728 1435 812 Land“wurde Samstag bei ihrer Erstauffüh¬
1854 753 2956 863 geführt am Wiener Hofburgtheater, am deutschen
370 786 1432 858 rung im Wiener Burgtheater mit stürmischem,
1850 814 2944 904 Landestseater in Prag, am Lessingtheater in
376 822 1432 895 von Akt zu Akt wachsendem Erfolg ausgenom¬
1859 862 2945 959 Berlin, am Residenztheater in München, am
375 854 1442 942 men. Ein menschliches Problem, die Angst vor
1851 912 2943 993 deutschen Schauspielhaus in Hamburg und am
372 923 1439 984 dem Altwerden, bewegt die lebhafte Handlung.
1859 959 2937 1051 Hoftheater in Hannover. Diese gleichzeitige Ur¬
368 982 1439 1047 Der gesellschaftliche Ton des Stückes übte einen
1851 1009 2943 1093 aufführungen an mehreren Theatern ist der
375 1023 1434 1094 starken Reiz auf das Publikum und die vor¬
1853 1067 2933 1158 neueste Reklametrik der Bühnenschriftsteller.
372 1049 1445 1139 zügliche Darstellung brachte alle Intentionen
1856 1113 2933 1193 Hermann Bahr hat es zur vorjährigen Weih¬
366 1127 1017 1188 des Dichters zur Geltung.
1850 1165 2939 1238 nachtszeit sogar auf 21 gleichzeitige Erstauf¬
1853 1211 2939 1292 führungen seiner „Kinder“ gebracht. Diesen
356 1235 1456 1341 Büro-Ausstellung Wien 8.—19. November-
1855 1252 2941 1365 „Rekord“ wird ihm nicht leicht jemand streitig
1852 1303 2059 1359 machen.
594 1612 915 1697 chnitt aus:
840 1653 1596 1757 arseiter Zeitung, Wien
604 1679 921 1795 76 m 191
1851 1718 2075 1798 —
608 1734 670 1799 1
1726 1772 2886 1847 strengungen, ihre besten Truppen, darunter zwanzig¬
1734 1826 2897 1885 tausend europäisch gedrillte Mand¬
1731 1860 2886 1990 gemimen Rleste mich Serstnsertenenemern ernteund
724 1893 1595 1997 Schnitzlers „Weites Land“.
1725 1958 2902 2006 Gedank##ang. Diesen zweiten schießt der Gatte nieder,
658 1980 1657 2044 Erste Aufführung im Burgtheater.
1731 1994 2894 2084 obwohl er eigentlich gar nichts einzuwenden hätte. Seine
687 2025 1730 2109 Die lyrischen Titel der Schnitzlerschen Dramen verheißen
1726 2051 2898 2098 Ehe mit Genia ist längst tot und kalt, er steht in
574 2086 1720 2149 so viel! „Der einsame Weg“, noch stärker „Der Ruf des Lebens“
1734 2099 2886 2164 Brand vor einer anderen. Dennoch wird der Gatte toll, wenn
587 2128 1135 2194 und nun „Das weite Land“.
1730 2149 2899 2214 er den frechen, jungen Blick des Nachfolgers gewahrt.
689 2160 1728 2246 Das weite Land — dies ist die Seele des komplizierten
1734 2197 2894 2247 Welches Chaos! Ein Mann hat es, dank Bahr und Schnitzler
572 2220 1726 2294 Menschen. „So vieles hat zugleich Raum in uns, Liebe und
1723 2245 2904 2304 so weit gebracht, sich über die gebrochene Ehe der Frau nicht
581 2280 1727 2348 Trug, Treue und Treulosigkeit, Anbetung für eine und Ver¬
1740 2294 2900 2341 mehr zu echauffieren; dennoch steckt noch so viel Dumas in
583 2325 1732 2395 langen nach einer anderen. Wir versuchen wohl, Ordnung in
1730 2338 2898 2380 ihm, ein Pistolenduell zu provozieren! Welche Unordnung! Ist
579 2364 1740 2439 uns zu schaffen, so gut es geht; aber diese Ordnung ist doch
1734 2379 2885 2445 dieses Land wirklich weit! Grenzt es nicht trotz allem psycho¬
583 2419 1732 2475 etwas Künstliches. Das Natürliche ist ... das Chaos.“ Eine
1739 2433 2900 2509 logischen Schillern zuletzt an das Reich der französischen
583 2467 1735 2531 erfahrungsvolle Weisheit, als künstlerisches Problem eines
1729 2475 2895 2530 Boulevardkomödie? Einmal unterhalten sich zwei er¬
581 2499 1733 2566 Dostojewski würdig. Schnitzler bevölkert dieses weite Land mit ...
1733 2522 2888 2595 fahrene Männer in diesem Stück über das Chaos der Frauen¬
580 2557 1728 2624 Ehebrechern. Aber, weiß Gott, das Land ist noch weiter, das
1726 2565 2898 2634 seele. Da sagt der eine: „Ich halte es für sehr einseitig, die
581 2601 1738 2668 Chaos ist noch viel chaotischer und ganz andere innere Ordnungs¬
1736 2609 2893 2688 Frauen nur aufs Erotische hin zu beurteilen. Wir vergessen
573 2653 1730 2722 gesetze als das bißchen monogamische Lüge werden von den Menschen
1739 2658 2899 2733 immer, daß es im Leben jeder Frau, auch wenn sie Liebhaber
572 2704 1732 2751 gesprengt. Fände Schnitzler den Weg ins Freie — aus dem mondänen
1730 2717 2896 2777 hat, eine Menge Stunden gibt, in denen sie an ganz andere
578 2743 1730 2805 Bezirk! Denkt an das Chaos im Innern eines armen Teufels wie
1726 2750 2895 2831 Dinge zu denken hat als an die Liebe.“ Nun, an welche anderen
570 2780 1721 2857 dieses Dalmatiners Njegusch; denkt an das Durcheinander im Innern
1724 2799 2884 2870 Dinge? „Sie liest Bücher, musiziert, sie veranstaltet Wohl¬
579 2844 1719 2904 eines neureligiösen Mannes wie jenes Adventisten Neumann, der
1730 2856 2887 2910 tätigkeitsakademien, sie kocht, erzieht ihre Kinder — sie kann
573 2893 1719 2954 dem deutschen Militarismus kerkerjahrelang trotzte; denkt an jene
1735 2901 2886 2954 sogar eine sehr gute Mutter sein, ja manchmal auch eine vor¬
578 2938 1721 3004 russischen Wirrköpfe, von denen man nie sicher weiß, ob sie
1728 2952 2897 2995 treffliche Gattin.“ Dieser Satz ist im Burgtheater gestrichen
569 2983 1723 3049 verbrennende Aufopferer ihrer selbst sind oder feige Angeber
1734 2995 2894 3041 worden, vielleicht weil er so orientierend über Schnitzlers
576 3017 1728 3098 ihres Nächsten. Denlt an einen rätselhaften Kerl wie jenen
1737 3037 2898 3106 dichterisches Milien ist. Von Schnitzlers chaotischen Frauen läßt sich
575 3085 1730 3148 Asew! Dort ist glühendes Chaos, dort ist gärende Unordnung,
1737 3089 2897 3150 zuweilen sagen, daß sie imstande sind, Wohltätigkeitsakademien zu
570 3123 1736 3204 dort sind brennende Kontrafte, dort wird das Land der Seele
1732 3141 2890 3182 veranstalten. Es ist immer etwas unbewußt Bourgeoises in diesem
576 3164 1140 3226 weit wie die russische Steppe.
1725 3181 2888 3235 Dichter, seine Dramen spielen unwillkürlich im weiten Lande
685 3212 1726 3282 Schnitzler bleibt daheim, sein weites Land liegt in
1721 3224 2123 3296 des Rathausviertels.
569 3251 1726 3335 Baden bei Wien und in Tiroler Sommerfrischen. Er gruppiert
1840 3251 2882 3338 Zwei wunderschön ins Halbdunkel gestellte Frauen sind
578 3311 1727 3366 wieder einmal einen Reigen. Genia Hofreiter liebt den Otto
1728 3307 2879 3377 das Bleibende dieser Dichtung! Erna und Genia. Die eine ist
580 3354 1734 3435 Aigner, ihr Gatte Friedrich Hofreiter liebt die Erna Wahl, aber
1735 3376 2890 3444 ein moderner Mädchentypus, den vor Schnitzler keiner ge¬
578 3409 1723 3470 Erna Wahl wird von Doktor Mauer geliebt. Das alles lebt und
1731 3421 2877 3490 zeichnet: das wahrhaftige Mädchen, die Jugend, deren
566 3451 1729 3510 klebt aneinander. Sie alle haben mancherlei Geschäfte, doch nur
1733 3459 2888 3515 Originalität es ist, gerade in die Augen zu schauen und gerade
575 3498 1723 3575 einen Bermf: den Ehebruch. Versteht sich, keinen leichtfertig
1722 3515 2888 3583 Gedanken herauszusagen. In dieser Reigen=Gesellschaft voll
575 3540 1721 3614 französischen, auch keinen pathetischen deutschen Ehebruch, son¬
1730 3563 2882 3630 Heimlichkeiten und Verrätereien geht diese wahrhaft junge Seele
577 3598 1719 3649 dern jene spezisisch Schnitzlersche Eheirrung, die mehr aus Nach¬
1727 3611 2878 3657 umher und ihr Blick ist gerade wie ihre Gedanken und klar wie
565 3627 1734 3705 denklichkeit als aus Temperament stammt. Genia liebt ihren
1727 3651 2893 3711 ihre Sehnsucht. Die Tapferkeit und den Stolz so natürlicher
578 3695 1739 3754 Friebrich, dennoch verschenkt sie sich an Otto, oder eigentlich,
1725 3695 2894 3764 Seelen hat Schnitzler in schimmerndem Glanze einzufangen
574 3735 1732 3793 eben deshalb tut sie's. Den ersten Anbeter ließ sie in den Selbst¬
1728 3747 2885 3793 gewußt! Und Genia, die Frau voll Schweigen, eine ganz ent¬
574 3772 1723 3840 mord gehen; aber das entfremdete ihr den moralfreien Gatten
1736 3797 2878 3851 fernte, aber doch ganz selbständige, im Herzen jüngere Verwandte
570 3816 1724 3897 erst recht, der kein Verständnis für Opfer aus purer Tugend
1726 3839 2886 3908 der Frau Solneß. Jene edle lyrische Verhaltenheit, die Schnitzler;
567 3873 2908 3972 hat. Den zweiten nahm sie vielleicht. um den Gatten wieder zu selbst eignet, hat er in diese Gestalt gesenkt, darum kündigt,
2755 4111 3071 4202 —.—
2468 4116 2718 4211 —
