3392 4352
704 241 808 297 WE
1023 232 1239 300 Land
1397 236 1858 316 box 29/1
281 224 1249 337 24. Das 116
1218 1165 2070 1275 Leipziger Neuste Nachrichten
1050 1500 2250 1582 Das weite Land. Böchum, 15. Okt. [Telegramm un¬
969 1552 2270 1629 keres Bochumer Mitarbeiters.) Die Aufführung der
972 1598 2247 1661 Schnitzlerschen Tragikomödie „Das weite Land“ im hiesigen Neuen
980 1659 2253 1719 Stadttheater, Direktion Brümmer, wurde in guter Besetzung heraus¬
971 1688 2256 1740 gebracht, besonders nach den beiden letzten Akten spendete das Publi¬
974 1718 2252 1787 kum lebhaften Beifall. Um die von der Direktion trefflich inszenierte
976 1760 2266 1818 Aufführung machten sich besonders Adolf Mehner, Johann Flessa
2183 1804 2254 1843 1.
976 1802 2167 1865 und Erika Nymgau verdient. — B. Hannover, 15. Okt. (Pr
969 1858 2258 1905 vattelegramm.) „Das weite Land“ wurde in der „Schauburg“
969 1883 2022 1942 vom dritten Akte an mit starkem Beifalle aufgenommen.
1009 2151 1426 2242 Ausschnitt aus:
1483 2202 2203 2330 Gnehner Neneste Wachrichten
1087 2225 1473 2338 A7. ONTOBENA
1039 2299 1094 2378 90
1263 2438 1789 2495 cemere Veneinenerl. .
1068 2479 2257 2542 Das weite Land. Bochum, 15. Okt. (Telegramm un¬
923 2527 2287 2577 ##seres Bochumer Mitarbeiters.) Die Aufführung, der
948 2615 2218 2670 Schnitzlerschen Tragikomödie „Das weite Land“ im hiesigen Neuen
946 2660 2204 2710 Stadktheater, Dkektion Brümmer, wurde in guter Besetzung heraus¬
939 2696 2211 2747 gebracht, besonders nach den beiden letzten Akten spendete das Publi¬
933 2733 2216 2776 kum lebhaften Beifall. Um die von der Direktion trefflich inszenierte
936 2775 2220 2824 Aufführung machten sich besonders Adolf Mehner, Johann Flessa
2138 2816 2214 2857 1
939 2807 2103 2867 und Erika Nymgau verdient. — B. Hannover, 15. Okt. (P
933 2853 2224 2918 vattelegramm.) „Das weite Land“ wurde in der „Schauburg“,
939 2886 1993 2942 vom dritten Akte an mit starkem Beifalle aufgenommen.
