3392 4320
322 150 1278 252 24. bas 1te Land
1428 161 1889 249 box 29/2
2020 120 2469 176 Krilik. Sapent alseten
2681 130 3213 172 . Du
2015 163 3239 220 zu legen, soll nur angedeutet sein. Über Schnitzlers neues Stück hat
2009 203 3254 255 die Kölnische Zeitung schon (in Nr. 1134) von Berlin und Wien aus
2010 248 3244 295 ziemlich eingehend berichtet; darum darf sie über die hiesige Aufführung
2012 284 3236 317 kürzer sein. Wir versuchen, eine gedrängte Zusammenfassung des Ge¬
2008 307 3242 366 schehens zu geben, die zugleich erkennen lassen wird, wie wohlberechnet
2007 348 3248 419 die Dinge geordnet und gefügt sind — fast so untadelig wie eine malhe¬
2012 398 3247 449 matische Aufgabe samt ihrer Lösung, freilich auch mit der herzkühlenden
2014 431 2500 486 Wirkung solcher Übungen.
2037 483 3240 537 Am Eingang des Dramas liegt eine Leiche, ebenso am Schlusse (in
2012 505 3237 565 der Mitte des Stücks erhebt sich dazu der undentliche Schatten eines
1999 545 3239 599 dritten Toten). Es sind die Opfer eines bei aller frivolen Heiterkeit des
2007 592 3243 649 Gehabens zynisch=brutalen Herrenmenschen, des Fabrikanten Hofreiter,
2010 630 3234 684 der in rücksichtslosem Genießertum erotischen Abenteuern nachgeht. Er
2003 666 3242 724 wähnt, seine Gattin Genia zu lieben und betrügt sie doch in schamloser
2004 709 3234 750 Offenheit, heute mit einer leichtfertigen Bankiersfrau, morgen mit einer
2005 743 3247 799 klugen Jungfrau, die schon darauf brennt, töricht zu sein. Seine Seele
2014 780 3246 838 ist das weite Land, wo Liebe und Treulosigkeit, Ehrlichkeit und Verrat
2007 837 3247 881 einträchtig beieinander wohnen. Frau Genia weiß, wie sie betrogen
2006 864 3240 914 wird, liebt trotzdem den Gatten und wirbt um seine Zärtlichkeit — immer
2004 907 3242 949 umsonst. Ihr Verehrer, ein junger Musiker, geht, von Hofreiter zu einer
2005 944 3237 998 Art amerikanischen Duell gezwungen, in den Tod (erste Leiche). Hof¬
2002 987 3237 1037 reiter wünscht, um seine Blutschuld vor sich rechtfertigen zu können, von
2003 1019 3248 1078 Genia zu hören, daß sie des Musikers Geliebte gewesen. Als er sich
1999 1077 3244 1108 aus einem Briefe überzeugt hat, daß Genia rein geblieben ist, gibt er¬
2003 1106 3245 1153 ihr zu verstehen, daß ihm das Gegenteil lieber wäre. Sie wiederholt
2008 1139 3242 1182 nunmehr das Liebesspiel mit einem hübschen Marine=Fähnrich, es in der
2004 1182 3252 1224 ihr nahegelegten Weise abwandelnd, und muß gleichwohl erleben, daß
1998 1219 3261 1262 Hofreiter den jungen Menschen zum Duell fordert und ihn erschießt¬
1998 1270 3238 1351 (zweite Leiche). Warum tötet er? Nicht aus Eifersucht, sondern weil
1997 1325 3243 1396 in dem Nebenbuhler ihm die starke und lebenstrahlende Jugend entgegen¬
1993 1362 3240 1434 trat, die er für sich nicht wieder zurückrufen kann. Mit der Trennung
1995 1413 3238 1455 der Ehegatten schließt das Drama die Haupthandlung. Daneben wird
2013 1448 3241 1508 ein in seinen entscheidenden Wendungen um Jahre zurückliegender
2010 1487 3235 1550 Parallelfall einer zerbrochenen Ehe dargestellt. Auch hier ist der Mann
2003 1519 3245 1572 Dus Wesen mit der weiträumigen Seele, in der Liebe und Liebeleien
1996 1565 3223 1626 Initsammen gedeihen. Schnitzler verführt dazu, die Parallelen zu ver¬
2009 1608 3231 1670 jängern: Der Sohn dieser Ehe ist jener Marine=Fähnrich, den Hofreiter
1993 1653 3223 1701 erschießt. Da nun auch aus Hofreiters Ehe ein Sohn entsprossen ist (der
1992 1691 3220 1748 zim Schluß des Stücks aus seiner englischen Schule zum Besuch eintrifft)
1986 1735 3236 1788 so öffnet sich dem Zuschauer der betrübliche Ausblick, daß auch dieser junge
1983 1772 3222 1825 Mann dereinst der Kugel eines betrogenen Ehegatten, der in ihm die
1996 1812 3224 1873 Jugend haßt, zum Opfer fallen wird. Man sieht hier wie in der Haupt¬
1991 1851 2808 1894 handlung die Mathematik des Aufbaus.
2863 1852 3221 1907 Sie bietet einen
1983 1888 3225 1948 intellektuellen Reiz, aber nichts für die Teilnahme des Gemüts.
1981 1926 3216 1987 Auch von den Personen sind nur wenige, deren Art
1975 1964 3216 2025 dem Zuschauer einiges Mitgefühlt abnötigt. Im ganzen ist diese — angeb¬
1976 2010 3215 2054 liche wienerische — Welt des leichtsinnigen Genusses, der dreisten Ehe¬
1985 2051 3215 2101 brücheleien, der frivolen Offenlegung intimster Dinge, der ideallosen Skepsis
1984 2089 3225 2139 und der lächelnden Verderbtheit in ihren Daseinsäußerngen recht un¬
1986 2127 3223 2192 erfreulich; es ist eine Welt, die das Leben als Spiel bewertet, aus der
1984 2172 3211 2213 Liebe eine Sportübung macht: es ist so etwas wie ein Symbol, daß die
1982 2212 3219 2263 Personen drei volle Akte hindurch Lawn Tennis spielen. Man kann nicht
1990 2249 3218 2306 warm werden unter diesen Schnitzlerschen Menschen und ertappt sich wohl
1991 2291 3225 2334 gar bei dem Gedanken, die ganze Gesellschaft sei im Grunde nichts nütze
1989 2333 3224 2385 und zum Untergang reif. Es ist kein Ausgleich für das Gefühl des Un¬
1984 2371 3210 2424 behagens, wenn man an dem Dialog die Vorzüge wiedererkennt, die die
1982 2409 3210 2458 Sprache von Schnitzlers frühern Stücken auszeichnen: der scheinbar breite,
1992 2452 3214 2504 zwanglos plaudernde Fluß der Rede, das rechtzeitige, die Spannung
1987 2492 3224 2536 sichernde Abbrechen und Unterbrechen, die kunstlos scheinende Einfügung
1985 2524 2821 2570 kluger, nachdenklicher oder paradoxer Wendungen.
2021 2556 3221 2620 Die hiesige Darstellung der Tragikomödie hatte sich nach Kräften bemüht,
1981 2608 3215 2651 die Schwierigkeiten, welche die beiden Hauptrollen bieten, zu überwinden. Diese
1984 2642 3211 2690 Schwierigkeiten ergeben sich daraus, daß der Dichter die Charakter¬
1986 2677 3209 2737 linien der beiden das Stück tragenden Figuren nicht überall klar und
1982 2716 3222 2774 unmißverständlich herausgebracht hat. Solcher verwischten Stellen gibt's
1983 2760 3214 2816 so viele, daß man sogar von Grund aus verschiedene Auffassungen der
1984 2805 3223 2843 Rollen beinahe gleichermaßen rechtfertigen kann. Herr Goetz hatte sich
1985 2843 3227 2898 den Hofreiter als einen noch ziemlich jugendlichen Mann mit drauf¬
1992 2875 3242 2941 gängerischer Unbesorgtheit zurechtgelegt, Frau Frey gab die Genie #
1980 2918 3209 2966 mit einer gewissen ruhigen, das Erlebte verbergen wollenden freundlch¬
1989 2957 3219 3002 müden, ein wenig nochdenklichen Kühle; beide zeigten erst im Schlußakt
1984 2993 3213 3043 etwas mehr von den innern Nöten die sie bewegten. Es wäre wohl der
1972 3033 3206 3085 Erwägungewerden en u #  Zimendfrohe seiner
1989 3072 3215 3128 Nebendühler Vernichtungsgedanken eingibt, minder jung und frisch, die
1989 3097 3217 3144 durch die Untreue des Mannes verletzte Frau mit deutlichern Zügen
1993 3138 3213 3189 schmerzlicher Resignation zu zeichnen. In der Parallelhandlung, die
1984 3185 3213 3234 der Dichter allzu knapp gehalten hat, zeigten sich Herr Ekert und Frau Teller
1981 3222 3212 3287 voll klugen Verständnisses. Der modernen Jungfrau, die in der nächsten
1985 3256 3217 3320 Nacht diesen Titel preisgeben will, lieh Frl. Schönfeld überzeugende
1987 3297 3207 3361 leidenschaftliche Lockung. Mit aufrichtigem Lobe sei auch Herr Dysing
1986 3331 3199 3397 bedacht, der die sympathische Rolle des Arztes mit Würde und gutem
1991 3375 3208 3416 Geschmack durchführte. Den an das Hörnertragen gewöhnten Bankier
1986 3410 3204 3480 gab Herr Senden mit vergnügt=trockener Laune; als seine liebe¬
1982 3454 3205 3504 bedürftige Frau war Frl. Büller allerdings viel zu jung und zu un¬
1985 3493 3201 3558 scheinbar. Sehr gut fand sich Herr Aßmann mit dem dem Tode ge¬
1975 3527 3201 3579 weihten Marinefähnrich ab. Zu nennen sind weiter mit lobender Her¬
1981 3568 3194 3634 vorhebung Herr Kiesau als spaßhafter Lawn=Tennis=Geck und Fraus
1975 3613 3186 3672 Scholt als geschwätzige Mutter der starken Jungfrau. Von den in
1973 3648 3190 3696 dem bunten Episodenwerk des dritten Aktes auftretenden Gestalten haben
1972 3686 3188 3753 uns der belockte Dichter und seine hübsch aussehende, zum Flirt lockende
1979 3724 3198 3798 Frau (Herr Heber und Frl. Treu), der Portier (Herr Willi), uni
1973 3768 3195 3831 die drei fremden Schönheiten (Frl. Bischoff, Koenen und
1984 3802 3173 3871 Gaebler) gut gefallen. Sehr hübsch hatte Fritz Odemars Regie für
1982 3841 3173 3901 die Ausstattung der Schauplätze gesorgt (besondere Freude hatten wir as
1966 3879 3179 3948 dem Zimmer des fünften Aktes); die Bewegung der Gäste und Touriste¬
1974 3917 3182 4000 in dem Vorraum des Alpenhotels (dritter Akt) war lebhaft und glaul
1967 3954 2136 4014 würdig.
2801 4081 3052 4167 .—
