<?xml version="1.0" encoding="UTF-8" standalone="yes"?>
<PcGts xmlns="http://schema.primaresearch.org/PAGE/gts/pagecontent/2013-07-15" xmlns:xsi="http://www.w3.org/2001/XMLSchema-instance" xsi:schemaLocation="http://schema.primaresearch.org/PAGE/gts/pagecontent/2013-07-15 http://schema.primaresearch.org/PAGE/gts/pagecontent/2013-07-15/pagecontent.xsd">
    <Metadata>
        <Creator>prov=University of Rostock/Institute of Mathematics/CITlab/Gundram Leifert/gundram.leifert@uni-rostock.de:name=ONB_Newseye_GT_M1+(htr_id=10810)::::v=2.4.2
prov=University of Rostock/Institute of Mathematics/CITlab/Tobias Gruening/tobias.gruening@uni-rostock.de:name=de.uros.citlab.module.baseline2polygon.B2PSeamMultiOriented:v=2.4.2
prov=University of Rostock/Institute of Mathematics/CITlab/Tobias Gruening/tobias.gruening@uni-rostock.de:name=/mnt/transkribus/LA/DEA/URO/LA_news_onb_att.pb:de.uros.citlab.segmentation.CITlab_LA_ML:v=2.4.2
Transkribus</Creator>
        <Created>2019-10-07T11:14:56.825+02:00</Created>
        <LastChange>2019-10-08T05:18:49.111+02:00</LastChange>
        <TranskribusMetadata docId="223964" pageId="9497578" pageNr="598" tsid="16502363" status="IN_PROGRESS" userId="40391" imgUrl="https://files.transkribus.eu/Get?id=MDLFRGIKVUAURMHYVPWPGPSR&amp;fileType=view" xmlUrl="https://files.transkribus.eu/Get?id=ACQVUMMCGUHYINASAOBSHROC" imageId="6187805"/>
    </Metadata>
    <Page imageFilename="223964_0598.jpeg" imageWidth="3248" imageHeight="4384">
        <ReadingOrder>
            <OrderedGroup id="ro_1711441942489" caption="Regions reading order">
                <RegionRefIndexed index="0" regionRef="r1"/>
                <RegionRefIndexed index="1" regionRef="r2"/>
            </OrderedGroup>
        </ReadingOrder>
        <TextRegion orientation="0.0" id="r1" custom="readingOrder {index:0;}">
            <Coords points="146,223 146,3582 1272,3582 1272,223"/>
            <TextLine id="r1l1" custom="readingOrder {index:0;}">
                <Coords points="570,266 577,267 578,269 589,262 594,268 601,269 607,219 602,219 599,217 596,219 587,219 582,222 575,222"/>
                <Baseline points="578,256 596,258"/>
                <TextEquiv>
                    <Unicode>10</Unicode>
                </TextEquiv>
            </TextLine>
            <TextLine id="r1l2" custom="readingOrder {index:1;}">
                <Coords points="139,259 481,300 1070,309 1091,225 874,212 809,268 696,271 555,264 475,212 142,205"/>
                <Baseline points="146,246 192,250 239,255 286,259 333,263 380,266 426,270 473,272 520,275 567,277 614,279 660,280 707,282 754,283 801,284 848,285 894,285 941,285 988,286 1035,286 1082,286"/>
                <TextEquiv>
                    <Unicode>24. basLand</Unicode>
                </TextEquiv>
            </TextLine>
            <TextLine id="r1l3" custom="readingOrder {index:2;}">
                <Coords points="547,1636 833,1642 868,1673 962,1688 1224,1685 1262,1659 883,1594 548,1618"/>
                <Baseline points="553,1633 588,1632 623,1632 658,1633 693,1635 728,1637 763,1640 798,1643 833,1647 868,1651 903,1656 938,1659 973,1663 1008,1667 1043,1670 1078,1673 1113,1675 1148,1677 1183,1677 1218,1677 1254,1675"/>
                <TextEquiv>
                    <Unicode>(unelenasrabe ebne CTPOsservatore</Unicode>
                </TextEquiv>
            </TextLine>
            <TextLine id="r1l4" custom="readingOrder {index:3;}">
                <Coords points="240,1686 298,1710 336,1699 430,1717 469,1699 494,1712 565,1712 577,1702 598,1708 600,1663 556,1671 503,1657 480,1671 444,1650 349,1659 296,1644 241,1655"/>
                <Baseline points="246,1691 272,1692 299,1692 325,1693 352,1694 379,1695 405,1696 432,1697 458,1699 485,1700 512,1702 538,1703 565,1705 592,1707"/>
                <TextEquiv>
                    <Unicode>lusschnitt aus:</Unicode>
                </TextEquiv>
            </TextLine>
            <TextLine id="r1l5" custom="readingOrder {index:4;}">
                <Coords points="830,1736 927,1747 958,1770 1020,1755 1051,1779 1279,1755 1280,1718 1237,1700 1112,1700 1079,1680 1047,1706 988,1688 957,1706 907,1681 832,1683"/>
                <Baseline points="836,1732 861,1735 887,1738 912,1740 938,1742 964,1744 989,1745 1015,1746 1041,1747 1066,1748 1092,1748 1118,1749 1143,1749 1169,1750 1195,1751 1220,1751 1246,1752 1272,1753"/>
                <TextEquiv>
                    <Unicode>Triestino, Triest</Unicode>
                </TextEquiv>
            </TextLine>
            <TextLine id="r1l6" custom="readingOrder {index:5;}">
                <Coords points="384,1783 642,1811 698,1774 713,1780 714,1755 684,1757 651,1737 548,1741 492,1720 476,1730 420,1723 386,1738"/>
                <Baseline points="390,1778 416,1781 442,1783 469,1786 495,1789 521,1791 548,1792 574,1793 600,1794 627,1794 653,1793 679,1791 706,1788"/>
                <TextEquiv>
                    <Unicode>I8.MRT 1913</Unicode>
                </TextEquiv>
            </TextLine>
            <TextLine id="r1l7" custom="readingOrder {index:6;}">
                <Coords points="239,1800 249,1796 269,1808 280,1798 290,1808 308,1810 315,1803 326,1807 344,1797 352,1799 352,1771 341,1772 328,1763 310,1761 301,1766 284,1757 276,1764 269,1758 249,1769 240,1768"/>
                <Baseline points="246,1795 279,1796 312,1796 345,1798"/>
                <TextEquiv>
                    <Unicode>om:</Unicode>
                </TextEquiv>
            </TextLine>
            <TextLine id="r1l8" custom="readingOrder {index:7;}">
                <Coords points="234,1838 1021,1863 1204,1902 1207,1833 1175,1824 236,1798"/>
                <Baseline points="240,1837 287,1839 335,1840 383,1841 431,1842 479,1844 527,1845 575,1846 623,1847 671,1849 719,1850 766,1852 814,1854 862,1856 910,1858 958,1861 1006,1865 1054,1868 1102,1872 1150,1876 1198,1881"/>
                <TextEquiv>
                    <Unicode>Vletta dal Dr. Anms Tabaro. Engl</Unicode>
                </TextEquiv>
            </TextLine>
            <TextLine id="r1l9" custom="readingOrder {index:8;}">
                <Coords points="345,1889 936,1927 1222,1907 1024,1867 917,1860 875,1889 827,1861 663,1852 619,1880 347,1848"/>
                <Baseline points="352,1881 395,1885 438,1888 481,1891 524,1894 567,1896 610,1898 654,1900 697,1902 740,1904 783,1905 826,1906 869,1908 912,1909 956,1910 999,1911 1042,1911 1085,1912 1128,1912 1171,1912 1215,1913"/>
                <TextEquiv>
                    <Unicode>Politeama Rossetti. Pubblico nu¬</Unicode>
                </TextEquiv>
            </TextLine>
            <TextLine id="r1l10" custom="readingOrder {index:9;}">
                <Coords points="252,1929 1212,1992 1214,1937 1115,1921 253,1902"/>
                <Baseline points="258,1931 305,1933 352,1934 400,1936 447,1938 495,1940 542,1942 589,1944 637,1946 684,1948 732,1951 779,1952 826,1954 874,1956 921,1958 969,1960 1016,1961 1063,1962 1111,1963 1158,1964 1206,1965"/>
                <TextEquiv>
                    <Unicode>meroso e distinto aseistette ieri alla prima</Unicode>
                </TextEquiv>
            </TextLine>
            <TextLine id="r1l11" custom="readingOrder {index:10;}">
                <Coords points="253,1987 1108,2010 1210,2039 1211,1991 1164,1968 254,1954"/>
                <Baseline points="260,1978 307,1980 354,1983 401,1985 448,1987 496,1989 543,1991 590,1993 637,1994 684,1996 732,1998 779,1999 826,2001 873,2002 920,2004 968,2005 1015,2007 1062,2008 1109,2009 1156,2010 1204,2011"/>
                <TextEquiv>
                    <Unicode>rappresentazione degli attori tedeschi del</Unicode>
                </TextEquiv>
            </TextLine>
            <TextLine id="r1l12" custom="readingOrder {index:11;}">
                <Coords points="247,2036 1044,2075 1193,2069 1194,2041 248,1990"/>
                <Baseline points="253,2026 299,2028 346,2031 393,2033 439,2034 486,2037 533,2039 579,2040 626,2042 673,2044 720,2045 766,2047 813,2048 860,2049 906,2051 953,2052 1000,2053 1046,2054 1093,2055 1140,2056 1187,2057"/>
                <TextEquiv>
                    <Unicode>Hotburgtheater di Vienna, i quali presen¬</Unicode>
                </TextEquiv>
            </TextLine>
            <TextLine id="r1l13" custom="readingOrder {index:12;}">
                <Coords points="244,2084 1210,2135 1228,2060 246,2036"/>
                <Baseline points="250,2075 298,2077 347,2079 395,2081 444,2083 492,2085 541,2086 589,2088 638,2089 686,2091 735,2092 783,2094 832,2096 880,2097 929,2099 977,2101 1026,2103 1074,2106 1123,2109 1171,2112 1220,2115"/>
                <TextEquiv>
                    <Unicode>tarono „Das weite Land“ di Arturo Schnitz-</Unicode>
                </TextEquiv>
            </TextLine>
            <TextLine id="r1l14" custom="readingOrder {index:13;}">
                <Coords points="218,2128 1022,2169 1190,2136 610,2093 417,2117 360,2085 219,2106"/>
                <Baseline points="224,2131 274,2130 324,2130 375,2130 425,2131 476,2132 526,2134 577,2135 627,2137 678,2139 728,2141 779,2143 829,2145 880,2147 930,2149 981,2151 1031,2152 1082,2153 1132,2154 1183,2154"/>
                <TextEquiv>
                    <Unicode>Der. La commedia, foree un pó troppo lun¬</Unicode>
                </TextEquiv>
            </TextLine>
            <TextLine id="r1l15" custom="readingOrder {index:14;}">
                <Coords points="239,2195 705,2185 841,2215 1147,2209 1193,2238 1195,2175 1129,2163 241,2144"/>
                <Baseline points="246,2179 293,2179 340,2179 387,2180 434,2181 481,2182 528,2183 575,2184 622,2186 669,2187 717,2189 764,2191 811,2192 858,2194 905,2196 952,2198 999,2199 1046,2201 1093,2202 1140,2203 1188,2205"/>
                <TextEquiv>
                    <Unicode>gae che riuscirebbe di maggior effetto se</Unicode>
                </TextEquiv>
            </TextLine>
            <TextLine id="r1l16" custom="readingOrder {index:15;}">
                <Coords points="234,2226 1086,2270 1196,2234 1009,2201 516,2187 464,2212 371,2180 234,2205"/>
                <Baseline points="240,2229 287,2228 334,2227 382,2227 429,2227 477,2228 524,2229 572,2231 619,2233 667,2235 714,2237 761,2239 809,2241 856,2243 904,2245 951,2247 999,2248 1046,2249 1094,2250 1141,2250 1189,2249"/>
                <TextEquiv>
                    <Unicode>qua e là vi venissero praticati tagli oppor¬</Unicode>
                </TextEquiv>
            </TextLine>
            <TextLine id="r1l17" custom="readingOrder {index:16;}">
                <Coords points="234,2283 1171,2311 1183,2280 235,2228"/>
                <Baseline points="240,2272 286,2273 333,2274 380,2276 427,2277 474,2278 520,2279 567,2281 614,2283 661,2284 708,2286 754,2287 801,2289 848,2290 895,2291 942,2293 988,2294 1035,2295 1082,2296 1129,2296 1176,2297"/>
                <TextEquiv>
                    <Unicode>tuni, presenta uno studio di carattere mu¬</Unicode>
                </TextEquiv>
            </TextLine>
            <TextLine id="r1l18" custom="readingOrder {index:17;}">
                <Coords points="231,2332 1040,2363 1192,2340 1113,2303 233,2282"/>
                <Baseline points="238,2319 285,2320 332,2321 380,2323 427,2324 474,2326 522,2327 569,2329 616,2331 664,2332 711,2334 758,2336 806,2338 853,2339 900,2340 948,2342 995,2343 1042,2344 1090,2345 1137,2346 1185,2346"/>
                <TextEquiv>
                    <Unicode>tevolissimo del protagonista, il quale eembra</Unicode>
                </TextEquiv>
            </TextLine>
            <TextLine id="r1l19" custom="readingOrder {index:18;}">
                <Coords points="234,2376 1182,2415 1189,2380 1117,2352 235,2328"/>
                <Baseline points="241,2367 288,2369 335,2371 382,2373 429,2374 476,2375 523,2377 570,2378 617,2379 664,2380 712,2381 759,2382 806,2383 853,2385 900,2386 947,2387 994,2389 1041,2390 1088,2392 1135,2394 1183,2396"/>
                <TextEquiv>
                    <Unicode>dapprima geloso di un innamorato della</Unicode>
                </TextEquiv>
            </TextLine>
            <TextLine id="r1l20" custom="readingOrder {index:19;}">
                <Coords points="230,2432 1107,2439 1192,2470 1194,2420 448,2376 231,2397"/>
                <Baseline points="237,2418 284,2419 332,2419 379,2420 427,2421 474,2422 522,2424 569,2425 617,2427 664,2429 712,2430 759,2432 807,2433 854,2435 902,2437 949,2438 997,2440 1044,2441 1092,2443 1139,2444 1187,2445"/>
                <TextEquiv>
                    <Unicode>moglie, che si cra tolto la vita perché lei</Unicode>
                </TextEquiv>
            </TextLine>
            <TextLine id="r1l21" custom="readingOrder {index:20;}">
                <Coords points="230,2473 1133,2508 1191,2470 231,2432"/>
                <Baseline points="237,2465 284,2466 331,2466 379,2468 426,2469 473,2470 521,2472 568,2473 615,2475 663,2477 710,2479 757,2481 805,2483 852,2485 899,2486 947,2488 994,2490 1041,2491 1089,2492 1136,2492 1184,2493"/>
                <TextEquiv>
                    <Unicode>non volle intrangere le lede couiugale; indi</Unicode>
                </TextEquiv>
            </TextLine>
            <TextLine id="r1l22" custom="readingOrder {index:21;}">
                <Coords points="231,2515 965,2559 1121,2553 1182,2513 232,2482"/>
                <Baseline points="237,2512 283,2512 330,2512 377,2512 424,2514 471,2515 518,2517 565,2519 612,2521 659,2523 706,2526 752,2528 799,2530 846,2533 893,2534 940,2536 987,2537 1034,2538 1081,2538 1128,2538 1175,2538"/>
                <TextEquiv>
                    <Unicode>quasi deplora la fedeltà della moglie ed in¬</Unicode>
                </TextEquiv>
            </TextLine>
            <TextLine id="r1l23" custom="readingOrder {index:22;}">
                <Coords points="239,2574 498,2560 1127,2608 1181,2590 1183,2557 241,2526"/>
                <Baseline points="246,2557 292,2557 338,2558 385,2559 431,2561 478,2563 524,2565 571,2567 617,2569 664,2571 710,2574 756,2576 803,2578 849,2580 896,2582 942,2584 989,2586 1035,2587 1082,2588 1128,2589 1175,2590"/>
                <TextEquiv>
                    <Unicode>äue allorché essa davvero ei trova un aman¬</Unicode>
                </TextEquiv>
            </TextLine>
            <TextLine id="r1l24" custom="readingOrder {index:23;}">
                <Coords points="225,2605 935,2653 1163,2654 1189,2626 1096,2594 657,2574 225,2587"/>
                <Baseline points="231,2608 278,2609 326,2609 373,2611 421,2612 468,2613 516,2615 563,2616 611,2618 658,2620 706,2622 754,2623 801,2625 849,2627 896,2629 944,2631 991,2632 1039,2634 1086,2636 1134,2637 1182,2639"/>
                <TextEquiv>
                    <Unicode>te, iI marito forte dei euoi diritti, lo stids e,</Unicode>
                </TextEquiv>
            </TextLine>
            <TextLine id="r1l25" custom="readingOrder {index:24;}">
                <Coords points="222,2664 291,2660 322,2674 351,2659 527,2682 690,2665 690,2651 615,2624 584,2635 536,2623 517,2640 462,2621 295,2633 250,2616 223,2634"/>
                <Baseline points="229,2652 254,2652 279,2652 304,2653 329,2654 355,2655 380,2655 405,2656 430,2656 456,2658 481,2659 506,2660 531,2661 556,2661 582,2662 607,2663 632,2664 657,2665 683,2666"/>
                <TextEquiv>
                    <Unicode>o uccide in duello.</Unicode>
                </TextEquiv>
            </TextLine>
            <TextLine id="r1l26" custom="readingOrder {index:25;}">
                <Coords points="318,2706 1085,2745 1185,2721 1079,2681 766,2680 712,2703 615,2671 319,2677"/>
                <Baseline points="324,2701 366,2704 409,2706 452,2709 494,2711 537,2713 580,2715 622,2717 665,2718 708,2720 751,2722 793,2723 836,2724 879,2726 921,2727 964,2728 1007,2729 1049,2729 1092,2730 1135,2730 1178,2730"/>
                <TextEquiv>
                    <Unicode>II dialogo é bene sostenuto e viviesimo</Unicode>
                </TextEquiv>
            </TextLine>
            <TextLine id="r1l27" custom="readingOrder {index:26;}">
                <Coords points="232,2751 771,2792 1073,2778 1182,2809 1185,2721 1130,2749 232,2730"/>
                <Baseline points="238,2751 287,2752 336,2754 386,2756 435,2758 485,2760 534,2762 583,2763 633,2765 682,2767 732,2769 781,2770 831,2772 880,2774 929,2776 979,2777 1028,2779 1078,2780 1127,2782 1177,2783"/>
                <TextEquiv>
                    <Unicode> tutta la commedia é ricca di episodi che</Unicode>
                </TextEquiv>
            </TextLine>
            <TextLine id="r1l28" custom="readingOrder {index:27;}">
                <Coords points="215,2802 473,2834 1178,2831 1068,2783 216,2775"/>
                <Baseline points="221,2800 268,2800 316,2801 363,2801 411,2803 458,2804 506,2806 553,2808 601,2810 648,2813 696,2815 743,2817 791,2820 838,2822 886,2824 933,2826 981,2828 1028,2829 1076,2830 1123,2831 1171,2831"/>
                <TextEquiv>
                    <Unicode>riescono a tenere desta l' attenzione dello</Unicode>
                </TextEquiv>
            </TextLine>
            <TextLine id="r1l29" custom="readingOrder {index:28;}">
                <Coords points="227,2873 253,2873 281,2859 304,2866 377,2854 398,2863 472,2861 472,2832 419,2808 386,2824 370,2815 340,2821 330,2812 228,2823"/>
                <Baseline points="234,2845 259,2847 285,2848 311,2848 337,2848 362,2849 388,2849 414,2850 440,2850 466,2851"/>
                <TextEquiv>
                    <Unicode>spettatore.</Unicode>
                </TextEquiv>
            </TextLine>
            <TextLine id="r1l30" custom="readingOrder {index:29;}">
                <Coords points="312,2897 974,2940 1145,2933 1171,2902 313,2861"/>
                <Baseline points="318,2895 360,2897 402,2899 444,2901 487,2903 529,2906 571,2907 614,2909 656,2911 698,2913 741,2915 783,2917 825,2918 867,2919 910,2920 952,2921 994,2922 1037,2923 1079,2924 1121,2925 1164,2925"/>
                <TextEquiv>
                    <Unicode>Per quanto riguarda l’esecuzione, esen</Unicode>
                </TextEquiv>
            </TextLine>
            <TextLine id="r1l31" custom="readingOrder {index:30;}">
                <Coords points="213,2956 1070,2992 1181,2967 1025,2927 961,2953 831,2923 785,2948 730,2916 214,2908"/>
                <Baseline points="220,2942 267,2944 315,2946 363,2949 410,2950 458,2952 506,2954 553,2956 601,2957 649,2959 697,2960 744,2961 792,2963 840,2964 887,2965 935,2967 983,2968 1030,2969 1078,2970 1126,2971 1174,2973"/>
                <TextEquiv>
                    <Unicode>lu perfetta da parte della signora Wittels</Unicode>
                </TextEquiv>
            </TextLine>
            <TextLine id="r1l32" custom="readingOrder {index:31;}">
                <Coords points="212,2984 1221,3039 1193,2988 213,2960"/>
                <Baseline points="218,2989 267,2993 317,2996 367,2998 417,3001 467,3003 517,3005 566,3007 616,3008 666,3010 716,3012 766,3013 816,3014 866,3015 915,3017 965,3018 1015,3019 1065,3020 1115,3022 1165,3023 1215,3025"/>
                <TextEquiv>
                    <Unicode>e del eignor Korff, i quali estrinsecarono!</Unicode>
                </TextEquiv>
            </TextLine>
            <TextLine id="r1l33" custom="readingOrder {index:32;}">
                <Coords points="212,3048 951,3064 1181,3106 1183,3041 1146,3037 213,3023"/>
                <Baseline points="218,3041 265,3043 313,3045 361,3046 409,3048 457,3049 505,3051 553,3052 601,3054 649,3055 697,3057 744,3058 792,3060 840,3062 888,3064 936,3065 984,3067 1032,3068 1080,3070 1128,3072 1176,3074"/>
                <TextEquiv>
                    <Unicode>tutte le belle qualità artisliche di cui sono</Unicode>
                </TextEquiv>
            </TextLine>
            <TextLine id="r1l34" custom="readingOrder {index:33;}">
                <Coords points="216,3102 960,3134 1126,3129 1171,3091 217,3062"/>
                <Baseline points="222,3089 269,3090 316,3092 363,3093 410,3095 457,3096 504,3098 551,3100 598,3101 645,3103 693,3105 740,3107 787,3109 834,3111 881,3112 928,3114 975,3115 1022,3116 1069,3117 1116,3118 1164,3119"/>
                <TextEquiv>
                    <Unicode>doviziosamente forniti. Benissimo poi il con¬</Unicode>
                </TextEquiv>
            </TextLine>
            <TextLine id="r1l35" custom="readingOrder {index:34;}">
                <Coords points="202,3137 904,3180 1031,3153 1170,3196 1172,3143 1120,3124 1032,3145 895,3116 203,3110"/>
                <Baseline points="209,3137 256,3137 304,3138 352,3139 400,3141 448,3142 495,3143 543,3145 591,3146 639,3148 687,3150 734,3152 782,3154 830,3155 878,3157 926,3159 973,3161 1021,3163 1069,3165 1117,3166 1165,3168"/>
                <TextEquiv>
                    <Unicode>torno nei quale emergono le eignore Hal¬</Unicode>
                </TextEquiv>
            </TextLine>
            <TextLine id="r1l36" custom="readingOrder {index:35;}">
                <Coords points="200,3185 892,3204 1049,3239 1188,3229 1190,3188 201,3156"/>
                <Baseline points="206,3190 254,3190 303,3191 352,3191 401,3192 450,3193 499,3195 547,3196 596,3197 645,3199 694,3201 743,3203 792,3205 841,3207 889,3209 938,3211 987,3213 1036,3214 1085,3216 1134,3217 1183,3219"/>
                <TextEquiv>
                    <Unicode>pern, Kardik, Wolffe Geiger ed i signori</Unicode>
                </TextEquiv>
            </TextLine>
            <TextLine id="r1l37" custom="readingOrder {index:36;}">
                <Coords points="202,3227 317,3255 405,3241 589,3265 917,3252 917,3232 799,3207 202,3199"/>
                <Baseline points="208,3229 243,3231 278,3232 313,3233 348,3235 383,3236 418,3238 454,3239 489,3240 524,3241 559,3242 594,3243 629,3244 664,3245 700,3246 735,3247 770,3248 805,3249 840,3250 875,3251 911,3252"/>
                <TextEquiv>
                    <Unicode>Neugebauer, Ulbrich e Steiner.</Unicode>
                </TextEquiv>
            </TextLine>
            <TextLine id="r1l38" custom="readingOrder {index:37;}">
                <Coords points="312,3290 1077,3328 1193,3300 1195,3262 1143,3285 660,3253 600,3280 538,3252 313,3251"/>
                <Baseline points="318,3287 361,3288 404,3289 448,3290 491,3292 535,3293 578,3294 621,3295 665,3297 708,3298 752,3299 795,3301 838,3302 882,3303 925,3305 969,3307 1012,3309 1055,3310 1099,3312 1142,3314 1186,3316"/>
                <TextEquiv>
                    <Unicode>Questa sera „Die fünf Frankfurter“</Unicode>
                </TextEquiv>
            </TextLine>
            <TextLine id="r1l39" custom="readingOrder {index:38;}">
                <Coords points="201,3350 1184,3384 1214,3333 202,3308"/>
                <Baseline points="208,3331 257,3332 307,3333 357,3334 407,3336 457,3337 507,3339 557,3341 607,3342 657,3345 707,3346 756,3348 806,3351 856,3353 906,3354 956,3356 1006,3358 1056,3359 1106,3361 1156,3362 1206,3363"/>
                <TextEquiv>
                    <Unicode>commedia satirica di C. Röseler, che cvun-</Unicode>
                </TextEquiv>
            </TextLine>
            <TextLine id="r1l40" custom="readingOrder {index:39;}">
                <Coords points="206,3390 1025,3413 1026,3379 940,3367 208,3348"/>
                <Baseline points="212,3380 252,3380 292,3380 333,3380 373,3381 413,3381 454,3382 494,3384 534,3385 575,3387 615,3389 655,3391 696,3392 736,3394 776,3396 817,3398 857,3400 897,3402 938,3403 978,3405 1019,3406"/>
                <TextEquiv>
                    <Unicode>que ottenne il piu caloroso successo.</Unicode>
                </TextEquiv>
            </TextLine>
            <TextLine id="r1l41" custom="readingOrder {index:40;}">
                <Coords points="299,3433 1083,3459 1167,3488 1168,3441 1081,3413 595,3414 301,3381"/>
                <Baseline points="305,3428 347,3429 390,3430 433,3432 476,3433 519,3435 562,3436 604,3437 647,3439 690,3441 733,3442 776,3444 819,3445 862,3447 904,3449 947,3451 990,3452 1033,3454 1076,3456 1119,3458 1162,3460"/>
                <TextEquiv>
                    <Unicode>Domani terza ed ultima recita con „Der</Unicode>
                </TextEquiv>
            </TextLine>
            <TextLine id="r1l42" custom="readingOrder {index:41;}">
                <Coords points="205,3490 1166,3512 1167,3480 990,3455 207,3436"/>
                <Baseline points="212,3475 259,3476 306,3477 354,3478 401,3480 449,3481 496,3483 543,3485 591,3487 638,3489 686,3491 733,3493 780,3495 828,3497 875,3499 923,3502 970,3503 1017,3506 1065,3507 1112,3509 1160,3511"/>
                <TextEquiv>
                    <Unicode>schwarze Punkt“ di Kadelberg e Presber.</Unicode>
                </TextEquiv>
            </TextLine>
            <TextLine id="r1l43" custom="readingOrder {index:42;}">
                <Coords points="289,3538 1220,3568 1151,3513 1039,3502 999,3529 941,3504 290,3491"/>
                <Baseline points="296,3526 341,3530 387,3533 433,3536 479,3538 525,3540 571,3541 617,3543 663,3543 709,3544 755,3545 800,3546 846,3547 892,3548 938,3549 984,3551 1030,3554 1076,3557 1122,3561 1168,3565 1214,3571"/>
                <TextEquiv>
                    <Unicode>Teatro Fenice. — Anche alla scata</Unicode>
                </TextEquiv>
            </TextLine>
            <TextEquiv>
                <Unicode>10
24. basLand
(unelenasrabe ebne CTPOsservatore
lusschnitt aus:
Triestino, Triest
I8.MRT 1913
om:
Vletta dal Dr. Anms Tabaro. Engl
Politeama Rossetti. Pubblico nu¬
meroso e distinto aseistette ieri alla prima
rappresentazione degli attori tedeschi del
Hotburgtheater di Vienna, i quali presen¬
tarono „Das weite Land“ di Arturo Schnitz-
Der. La commedia, foree un pó troppo lun¬
gae che riuscirebbe di maggior effetto se
qua e là vi venissero praticati tagli oppor¬
tuni, presenta uno studio di carattere mu¬
tevolissimo del protagonista, il quale eembra
dapprima geloso di un innamorato della
moglie, che si cra tolto la vita perché lei
non volle intrangere le lede couiugale; indi
quasi deplora la fedeltà della moglie ed in¬
äue allorché essa davvero ei trova un aman¬
te, iI marito forte dei euoi diritti, lo stids e,
o uccide in duello.
II dialogo é bene sostenuto e viviesimo
 tutta la commedia é ricca di episodi che
riescono a tenere desta l' attenzione dello
spettatore.
Per quanto riguarda l’esecuzione, esen
lu perfetta da parte della signora Wittels
e del eignor Korff, i quali estrinsecarono!
tutte le belle qualità artisliche di cui sono
doviziosamente forniti. Benissimo poi il con¬
torno nei quale emergono le eignore Hal¬
pern, Kardik, Wolffe Geiger ed i signori
Neugebauer, Ulbrich e Steiner.
Questa sera „Die fünf Frankfurter“
commedia satirica di C. Röseler, che cvun-
que ottenne il piu caloroso successo.
Domani terza ed ultima recita con „Der
schwarze Punkt“ di Kadelberg e Presber.
Teatro Fenice. — Anche alla scata</Unicode>
            </TextEquiv>
        </TextRegion>
        <TextRegion orientation="0.0" id="r2" custom="readingOrder {index:1;}">
            <Coords points="1251,251 1251,3662 2551,3662 2551,251"/>
            <TextLine id="r2l1" custom="readingOrder {index:0;}">
                <Coords points="1245,283 1308,295 1448,283 1484,308 1605,283 1648,293 1691,283 1692,226 1529,214 1444,251 1390,220 1323,239 1290,212 1246,222"/>
                <Baseline points="1251,271 1276,271 1302,271 1327,272 1353,272 1378,273 1404,274 1429,275 1455,275 1480,276 1506,277 1531,278 1557,279 1582,279 1608,279 1633,279 1659,279 1685,279"/>
                <TextEquiv>
                    <Unicode>box 29/2</Unicode>
                </TextEquiv>
            </TextLine>
            <TextLine id="r2l2" custom="readingOrder {index:1;}">
                <Coords points="1536,1311 1584,1326 1664,1316 1688,1328 1727,1319 1744,1327 1758,1315 1776,1333 1829,1321 1830,1277 1809,1268 1790,1275 1772,1264 1719,1277 1692,1263 1637,1281 1594,1253 1537,1271"/>
                <Baseline points="1542,1311 1567,1309 1593,1308 1618,1307 1644,1307 1669,1307 1695,1308 1720,1309 1746,1311 1771,1313 1797,1315 1823,1317"/>
                <TextEquiv>
                    <Unicode>Ausschultt</Unicode>
                </TextEquiv>
            </TextLine>
            <TextLine id="r2l3" custom="readingOrder {index:2;}">
                <Coords points="1756,1363 1934,1375 2181,1346 2204,1324 2352,1337 2409,1314 2442,1337 2498,1316 2494,1262 2451,1248 2282,1256 2232,1289 2178,1265 2107,1296 1951,1282 1848,1337 1755,1338"/>
                <Baseline points="1761,1348 1797,1352 1834,1354 1870,1355 1907,1356 1943,1356 1980,1354 2016,1352 2053,1350 2089,1347 2126,1343 2162,1340 2199,1336 2235,1332 2272,1328 2308,1324 2345,1320 2381,1317 2418,1314 2454,1312 2491,1311"/>
                <TextEquiv>
                    <Unicode>une 1o1d Piegne. Triost</Unicode>
                </TextEquiv>
            </TextLine>
            <TextLine id="r2l4" custom="readingOrder {index:3;}">
                <Coords points="1589,1450 1820,1446 2013,1471 2047,1454 2067,1471 2117,1455 2218,1469 2219,1444 2061,1434 2015,1407 1966,1419 1829,1397 1721,1416 1663,1378 1591,1385"/>
                <Baseline points="1596,1435 1626,1437 1657,1439 1688,1441 1719,1442 1750,1444 1780,1445 1811,1447 1842,1448 1873,1449 1904,1450 1934,1451 1965,1452 1996,1453 2027,1453 2058,1454 2088,1455 2119,1455 2150,1456 2181,1457 2212,1458"/>
                <TextEquiv>
                    <Unicode> ume-</Unicode>
                </TextEquiv>
            </TextLine>
            <TextLine id="r2l5" custom="readingOrder {index:4;}">
                <Coords points="1637,1490 2461,1524 2536,1500 2537,1468 2454,1443 2336,1485 1638,1467"/>
                <Baseline points="1643,1494 1687,1496 1731,1498 1776,1500 1820,1502 1864,1504 1909,1505 1953,1506 1997,1507 2042,1508 2086,1509 2130,1509 2175,1510 2219,1510 2263,1510 2308,1510 2352,1510 2396,1510 2441,1510 2485,1509 2530,1509"/>
                <TextEquiv>
                    <Unicode>Politeama Rossetti. La compagnia St</Unicode>
                </TextEquiv>
            </TextLine>
            <TextLine id="r2l6" custom="readingOrder {index:5;}">
                <Coords points="1598,1533 2465,1566 2466,1510 1599,1513"/>
                <Baseline points="1605,1534 1647,1536 1690,1537 1733,1539 1775,1539 1818,1541 1861,1542 1903,1543 1946,1544 1989,1545 2032,1546 2074,1546 2117,1547 2160,1548 2202,1549 2245,1549 2288,1550 2330,1550 2373,1551 2416,1551 2459,1551"/>
                <TextEquiv>
                    <Unicode>drammaticn tedesca della quale fanno</Unicode>
                </TextEquiv>
            </TextLine>
            <TextLine id="r2l7" custom="readingOrder {index:6;}">
                <Coords points="2467,1561 2478,1561 2491,1554 2504,1560 2508,1556 2515,1561 2525,1555 2531,1557 2539,1551 2542,1555 2557,1557 2560,1524 2536,1520 2530,1514 2524,1517 2518,1513 2511,1518 2501,1507 2493,1510 2487,1506 2476,1514 2470,1513"/>
                <Baseline points="2474,1545 2499,1544 2525,1547 2551,1550"/>
                <TextEquiv>
                    <Unicode>P.</Unicode>
                </TextEquiv>
            </TextLine>
            <TextLine id="r2l8" custom="readingOrder {index:7;}">
                <Coords points="1604,1586 2224,1606 2457,1586 2457,1561 2297,1541 2204,1565 1605,1550"/>
                <Baseline points="1611,1575 1653,1577 1695,1578 1737,1580 1779,1582 1821,1583 1863,1584 1905,1585 1947,1585 1989,1586 2031,1587 2073,1587 2115,1587 2157,1588 2199,1588 2241,1588 2283,1588 2325,1588 2367,1589 2409,1589 2451,1589"/>
                <TextEquiv>
                    <Unicode>parte attore Arnoldo Korffe la signora</Unicode>
                </TextEquiv>
            </TextLine>
            <TextLine id="r2l9" custom="readingOrder {index:8;}">
                <Coords points="1597,1628 2166,1619 2453,1648 2454,1587 1597,1590"/>
                <Baseline points="1603,1614 1645,1615 1687,1617 1729,1619 1771,1620 1814,1621 1856,1623 1898,1624 1940,1625 1982,1626 2025,1627 2067,1628 2109,1629 2151,1629 2193,1630 2236,1630 2278,1630 2320,1630 2362,1629 2404,1628 2447,1627"/>
                <TextEquiv>
                    <Unicode>Gusti Wittels diede iersera la sua prima</Unicode>
                </TextEquiv>
            </TextLine>
            <TextLine id="r2l10" custom="readingOrder {index:9;}">
                <Coords points="1598,1666 2455,1682 2455,1641 2363,1630 1599,1627"/>
                <Baseline points="1605,1654 1647,1656 1689,1659 1731,1660 1773,1662 1816,1663 1858,1664 1900,1665 1942,1666 1984,1667 2027,1667 2069,1668 2111,1668 2153,1668 2195,1668 2238,1668 2280,1667 2322,1667 2364,1667 2406,1666 2449,1666"/>
                <TextEquiv>
                    <Unicode>recita con un nuovo dramma di Arturo</Unicode>
                </TextEquiv>
            </TextLine>
            <TextLine id="r2l11" custom="readingOrder {index:10;}">
                <Coords points="1597,1699 1769,1722 1795,1697 1981,1698 2064,1726 2100,1699 2450,1708 2450,1669 2415,1663 2297,1693 2121,1667 1597,1672"/>
                <Baseline points="1603,1704 1645,1704 1687,1704 1729,1704 1771,1704 1813,1705 1855,1705 1897,1705 1939,1705 1981,1705 2023,1705 2065,1705 2107,1706 2149,1706 2191,1705 2233,1705 2275,1705 2317,1705 2359,1705 2401,1704 2443,1704"/>
                <TextEquiv>
                    <Unicode>Schnitzler: CLa terra iontuna, („Das</Unicode>
                </TextEquiv>
            </TextLine>
            <TextLine id="r2l12" custom="readingOrder {index:11;}">
                <Coords points="2465,1716 2475,1712 2480,1715 2495,1707 2504,1711 2507,1708 2522,1720 2531,1716 2549,1718 2549,1671 2540,1671 2530,1677 2515,1677 2507,1670 2493,1673 2480,1665 2465,1666"/>
                <Baseline points="2471,1708 2507,1706 2543,1708"/>
                <TextEquiv>
                    <Unicode>KC</Unicode>
                </TextEquiv>
            </TextLine>
            <TextLine id="r2l13" custom="readingOrder {index:12;}">
                <Coords points="1594,1735 2358,1741 2393,1764 2463,1742 2463,1690 2362,1723 2313,1701 1594,1712"/>
                <Baseline points="1600,1735 1642,1736 1685,1737 1728,1738 1771,1739 1814,1740 1856,1741 1899,1741 1942,1742 1985,1742 2028,1743 2070,1743 2113,1743 2156,1743 2199,1744 2242,1744 2284,1744 2327,1744 2370,1745 2413,1745 2456,1745"/>
                <TextEquiv>
                    <Unicode>weite 1Terra lontand vale qui¬</Unicode>
                </TextEquiv>
            </TextLine>
            <TextLine id="r2l14" custom="readingOrder {index:13;}">
                <Coords points="2463,1743 2470,1743 2477,1749 2487,1745 2493,1751 2503,1745 2506,1748 2517,1737 2521,1741 2538,1737 2539,1717 2531,1716 2522,1719 2508,1709 2501,1714 2494,1709 2480,1715 2476,1711 2471,1716 2464,1715"/>
                <Baseline points="2469,1743 2500,1740 2532,1744"/>
                <TextEquiv>
                    <Unicode>A½</Unicode>
                </TextEquiv>
            </TextLine>
            <TextLine id="r2l15" custom="readingOrder {index:14;}">
                <Coords points="2456,1796 2469,1796 2481,1787 2499,1792 2508,1783 2513,1785 2518,1780 2533,1783 2538,1777 2544,1777 2541,1736 2524,1740 2516,1736 2506,1748 2502,1746 2497,1751 2486,1744 2468,1759 2454,1761"/>
                <Baseline points="2462,1784 2487,1780 2512,1780 2538,1778"/>
                <TextEquiv>
                    <Unicode>A</Unicode>
                </TextEquiv>
            </TextLine>
            <TextLine id="r2l16" custom="readingOrder {index:15;}">
                <Coords points="1589,1778 2297,1805 2398,1800 2443,1782 2444,1752 1590,1756"/>
                <Baseline points="1596,1779 1638,1780 1680,1780 1722,1781 1764,1782 1806,1782 1848,1783 1890,1783 1932,1784 1974,1784 2016,1785 2058,1785 2100,1785 2142,1786 2184,1786 2226,1786 2268,1786 2310,1787 2352,1787 2394,1787 2437,1786"/>
                <TextEquiv>
                    <Unicode>pacse schnosciuto, paese di difficile ke¬</Unicode>
                </TextEquiv>
            </TextLine>
            <TextLine id="r2l17" custom="readingOrder {index:16;}">
                <Coords points="1589,1812 2450,1823 2413,1791 1590,1795"/>
                <Baseline points="1596,1817 1638,1817 1680,1817 1723,1818 1765,1818 1807,1819 1850,1819 1892,1820 1934,1821 1977,1821 2019,1822 2061,1823 2104,1824 2146,1825 2188,1826 2231,1826 2273,1827 2315,1828 2358,1828 2400,1828 2443,1829"/>
                <TextEquiv>
                    <Unicode>cesso e signiffen simbolicamente l'ani¬</Unicode>
                </TextEquiv>
            </TextLine>
            <TextLine id="r2l18" custom="readingOrder {index:17;}">
                <Coords points="1588,1855 2348,1879 2448,1869 2449,1824 1722,1815 1588,1840"/>
                <Baseline points="1594,1857 1636,1858 1678,1858 1721,1858 1763,1859 1806,1859 1848,1860 1890,1860 1933,1860 1975,1861 2018,1861 2060,1862 2102,1862 2145,1863 2187,1864 2230,1864 2272,1865 2314,1866 2357,1867 2399,1868 2442,1869"/>
                <TextEquiv>
                    <Unicode>ma. umnan. Arturo Schnitzler &amp; uns terri¬</Unicode>
                </TextEquiv>
            </TextLine>
            <TextLine id="r2l19" custom="readingOrder {index:18;}">
                <Coords points="2451,1873 2461,1870 2471,1875 2481,1871 2498,1885 2512,1883 2518,1889 2527,1884 2542,1884 2540,1831 2529,1834 2517,1826 2510,1830 2505,1826 2497,1829 2482,1826 2465,1835 2450,1837"/>
                <Baseline points="2457,1863 2483,1862 2509,1861 2535,1861"/>
                <TextEquiv>
                    <Unicode>8it</Unicode>
                </TextEquiv>
            </TextLine>
            <TextLine id="r2l20" custom="readingOrder {index:19;}">
                <Coords points="1587,1903 2449,1913 2449,1878 1588,1861"/>
                <Baseline points="1593,1904 1635,1904 1678,1903 1720,1903 1763,1903 1805,1903 1848,1902 1890,1902 1933,1902 1975,1902 2018,1902 2060,1903 2103,1903 2145,1903 2188,1904 2230,1905 2273,1905 2315,1907 2358,1908 2400,1909 2443,1911"/>
                <TextEquiv>
                    <Unicode>bile pessimista e# le sua psicolosig &amp; ama.</Unicode>
                </TextEquiv>
            </TextLine>
            <TextLine id="r2l21" custom="readingOrder {index:20;}">
                <Coords points="1599,1952 2443,1948 2460,1915 1598,1912"/>
                <Baseline points="1605,1940 1647,1940 1689,1941 1732,1942 1774,1942 1817,1943 1859,1943 1902,1943 1944,1943 1987,1944 2029,1944 2071,1944 2114,1943 2156,1943 2199,1942 2241,1942 2284,1941 2326,1940 2369,1939 2411,1937 2454,1936"/>
                <TextEquiv>
                    <Unicode>rucome Passenzie. Tanto complicatd—</Unicode>
                </TextEquiv>
            </TextLine>
            <TextLine id="r2l22" custom="readingOrder {index:21;}">
                <Coords points="1597,1985 2421,1995 2525,1976 2524,1899 2437,1949 1597,1955"/>
                <Baseline points="1603,1983 1648,1981 1694,1981 1740,1980 1786,1980 1832,1981 1877,1981 1923,1982 1969,1982 2015,1983 2061,1983 2106,1983 2152,1983 2198,1983 2244,1982 2290,1980 2335,1978 2381,1976 2427,1972 2473,1968 2519,1963"/>
                <TextEquiv>
                    <Unicode>poliedrica ogli trova l'anima umana chie dis</Unicode>
                </TextEquiv>
            </TextLine>
            <TextLine id="r2l23" custom="readingOrder {index:22;}">
                <Coords points="1585,2027 2368,2035 2516,2019 2516,1978 1585,1999"/>
                <Baseline points="1591,2026 1639,2023 1687,2022 1736,2020 1784,2020 1832,2019 1881,2019 1929,2020 1977,2020 2026,2020 2074,2021 2123,2021 2171,2021 2219,2020 2268,2020 2316,2018 2364,2017 2413,2014 2461,2011 2510,2006"/>
                <TextEquiv>
                    <Unicode>per dimostrare quesia tcoria egli presen- M</Unicode>
                </TextEquiv>
            </TextLine>
            <TextLine id="r2l24" custom="readingOrder {index:23;}">
                <Coords points="1597,2052 2340,2065 2525,2054 2525,2020 1597,2034"/>
                <Baseline points="1604,2061 1649,2060 1695,2060 1741,2060 1786,2060 1832,2060 1878,2060 1923,2060 1969,2060 2015,2060 2061,2060 2106,2060 2152,2060 2198,2059 2243,2058 2289,2057 2335,2055 2380,2053 2426,2050 2472,2047 2518,2044"/>
                <TextEquiv>
                    <Unicode>ta un tipo di marito cihico, ma di un ci¬ee</Unicode>
                </TextEquiv>
            </TextLine>
            <TextLine id="r2l25" custom="readingOrder {index:24;}">
                <Coords points="1587,2087 2394,2106 2498,2098 2536,2062 2444,2035 2335,2065 1587,2076"/>
                <Baseline points="1594,2100 1640,2099 1687,2099 1734,2099 1781,2100 1828,2100 1874,2100 1921,2100 1968,2100 2015,2100 2062,2100 2108,2100 2155,2100 2202,2099 2249,2098 2296,2097 2342,2095 2389,2094 2436,2091 2483,2089 2530,2086"/>
                <TextEquiv>
                    <Unicode>nismo pieno di chiarescuri, di contrad-s dir</Unicode>
                </TextEquiv>
            </TextLine>
            <TextLine id="r2l26" custom="readingOrder {index:25;}">
                <Coords points="2452,2133 2465,2131 2477,2138 2487,2133 2496,2137 2502,2134 2518,2148 2522,2146 2526,2150 2547,2143 2547,2112 2539,2115 2520,2100 2514,2106 2503,2094 2485,2100 2471,2090 2453,2095"/>
                <Baseline points="2459,2129 2486,2127 2513,2128 2541,2129"/>
                <TextEquiv>
                    <Unicode>la</Unicode>
                </TextEquiv>
            </TextLine>
            <TextLine id="r2l27" custom="readingOrder {index:26;}">
                <Coords points="1591,2133 2448,2145 2448,2103 2412,2099 1591,2114"/>
                <Baseline points="1597,2137 1639,2138 1681,2138 1723,2139 1766,2139 1808,2139 1850,2139 1892,2139 1935,2138 1977,2138 2019,2138 2061,2137 2104,2137 2146,2136 2188,2136 2230,2136 2273,2135 2315,2135 2357,2135 2399,2136 2442,2136"/>
                <TextEquiv>
                    <Unicode>dizioni, di mutevolezze. (Friedrich-Hof¬</Unicode>
                </TextEquiv>
            </TextLine>
            <TextLine id="r2l28" custom="readingOrder {index:27;}">
                <Coords points="1601,2181 2402,2186 2450,2169 2450,2142 1601,2147"/>
                <Baseline points="1607,2175 1648,2177 1690,2177 1732,2178 1774,2179 1816,2179 1858,2180 1899,2180 1941,2180 1983,2180 2025,2180 2067,2179 2109,2179 2151,2179 2192,2178 2234,2178 2276,2177 2318,2176 2360,2176 2402,2175 2444,2174"/>
                <TextEquiv>
                    <Unicode>reiters sulle prime sembra quasi arieg¬</Unicode>
                </TextEquiv>
            </TextLine>
            <TextLine id="r2l29" custom="readingOrder {index:28;}">
                <Coords points="1596,2225 2436,2207 2547,2230 2531,2149 2084,2202 1596,2179"/>
                <Baseline points="1603,2220 1649,2219 1696,2219 1743,2218 1790,2218 1837,2218 1884,2218 1930,2218 1977,2218 2024,2218 2071,2217 2118,2217 2165,2217 2212,2216 2258,2216 2305,2215 2352,2213 2399,2212 2446,2209 2493,2207 2540,2204"/>
                <TextEquiv>
                    <Unicode>giare al einarito, dei WDiritti del ani¬ cch</Unicode>
                </TextEquiv>
            </TextLine>
            <TextLine id="r2l30" custom="readingOrder {index:29;}">
                <Coords points="1595,2269 1701,2244 1816,2270 1973,2243 2047,2271 2360,2241 2453,2259 2436,2206 2379,2231 1595,2229"/>
                <Baseline points="1601,2258 1643,2257 1685,2255 1727,2255 1770,2254 1812,2254 1854,2254 1896,2254 1939,2255 1981,2255 2023,2255 2065,2256 2108,2256 2150,2256 2192,2256 2234,2256 2277,2256 2319,2255 2361,2253 2403,2252 2446,2250"/>
                <TextEquiv>
                    <Unicode>man di Giuseppe Giacosa; é geloso di</Unicode>
                </TextEquiv>
            </TextLine>
            <TextLine id="r2l31" custom="readingOrder {index:30;}">
                <Coords points="1598,2301 2349,2312 2449,2282 2523,2299 2530,2262 1598,2267"/>
                <Baseline points="1605,2296 1653,2296 1701,2295 1750,2295 1798,2295 1846,2295 1895,2295 1943,2295 1991,2296 2040,2296 2088,2296 2137,2296 2185,2296 2233,2295 2282,2294 2330,2293 2378,2292 2427,2289 2475,2287 2524,2284"/>
                <TextEquiv>
                    <Unicode>un mnorto: cioe di un nomo che Innamo-</Unicode>
                </TextEquiv>
            </TextLine>
            <TextLine id="r2l32" custom="readingOrder {index:31;}">
                <Coords points="1586,2339 2447,2355 2458,2282 2351,2311 1586,2306"/>
                <Baseline points="1593,2334 1638,2334 1683,2334 1728,2334 1773,2334 1819,2334 1864,2334 1909,2334 1954,2334 1999,2334 2045,2334 2090,2334 2135,2334 2180,2334 2225,2334 2271,2333 2316,2333 2361,2333 2406,2333 2452,2333"/>
                <TextEquiv>
                    <Unicode>rato di sua moglie, si e- uceiso per non</Unicode>
                </TextEquiv>
            </TextLine>
            <TextLine id="r2l33" custom="readingOrder {index:32;}">
                <Coords points="1583,2388 2450,2392 2534,2378 2535,2335 1583,2344"/>
                <Baseline points="1589,2374 1638,2373 1687,2372 1737,2371 1786,2371 1836,2371 1885,2372 1934,2372 1984,2373 2033,2374 2083,2374 2132,2375 2182,2375 2231,2376 2280,2375 2330,2375 2379,2374 2429,2373 2478,2371 2528,2369"/>
                <TextEquiv>
                    <Unicode>aver potuto ottenerla. Ma poi il acason A</Unicode>
                </TextEquiv>
            </TextLine>
            <TextLine id="r2l34" custom="readingOrder {index:33;}">
                <Coords points="1585,2412 2454,2414 2416,2372 1585,2388"/>
                <Baseline points="1591,2415 1633,2415 1676,2414 1719,2414 1762,2414 1805,2414 1848,2414 1890,2414 1933,2414 1976,2414 2019,2414 2062,2414 2105,2414 2148,2414 2190,2413 2233,2413 2276,2413 2319,2412 2362,2412 2405,2411 2448,2410"/>
                <TextEquiv>
                    <Unicode>psicologico di gFriedrichs devia, Egli 6</Unicode>
                </TextEquiv>
            </TextLine>
            <TextLine id="r2l35" custom="readingOrder {index:34;}">
                <Coords points="2453,2447 2471,2444 2478,2449 2499,2452 2505,2458 2520,2455 2538,2457 2535,2412 2521,2413 2513,2420 2504,2420 2490,2408 2483,2412 2474,2407 2451,2409"/>
                <Baseline points="2459,2449 2495,2445 2531,2445"/>
                <TextEquiv>
                    <Unicode>06</Unicode>
                </TextEquiv>
            </TextLine>
            <TextLine id="r2l36" custom="readingOrder {index:35;}">
                <Coords points="1598,2449 2135,2475 2384,2464 2454,2421 1598,2426"/>
                <Baseline points="1605,2451 1647,2452 1689,2452 1731,2453 1773,2453 1815,2454 1857,2454 1899,2454 1941,2454 1983,2454 2026,2454 2068,2454 2110,2454 2152,2454 2194,2454 2236,2454 2278,2453 2320,2453 2362,2452 2404,2452 2447,2451"/>
                <TextEquiv>
                    <Unicode>un dissoluto, inganna la moglie, e non</Unicode>
                </TextEquiv>
            </TextLine>
            <TextLine id="r2l37" custom="readingOrder {index:36;}">
                <Coords points="2455,2490 2462,2489 2474,2496 2482,2494 2473,2445 2465,2447 2461,2445 2457,2448 2454,2446 2448,2447"/>
                <Baseline points="2462,2490 2474,2488"/>
                <TextEquiv>
                    <Unicode>4</Unicode>
                </TextEquiv>
            </TextLine>
            <TextLine id="r2l38" custom="readingOrder {index:37;}">
                <Coords points="1593,2502 2449,2486 2412,2454 2345,2475 2321,2455 1593,2455"/>
                <Baseline points="1600,2490 1642,2490 1684,2491 1726,2491 1768,2491 1810,2492 1852,2492 1894,2493 1936,2493 1978,2494 2021,2494 2063,2494 2105,2494 2147,2494 2189,2493 2231,2493 2273,2492 2315,2491 2357,2490 2399,2488 2442,2486"/>
                <TextEquiv>
                    <Unicode>comprende come lei per amore di una</Unicode>
                </TextEquiv>
            </TextLine>
            <TextLine id="r2l39" custom="readingOrder {index:38;}">
                <Coords points="2445,2537 2461,2533 2468,2538 2479,2534 2512,2557 2518,2552 2528,2554 2532,2550 2543,2550 2539,2504 2530,2505 2524,2499 2514,2498 2501,2487 2490,2489 2480,2498 2456,2488 2442,2490"/>
                <Baseline points="2451,2531 2479,2529 2507,2526 2535,2525"/>
                <TextEquiv>
                    <Unicode>p0</Unicode>
                </TextEquiv>
            </TextLine>
            <TextLine id="r2l40" custom="readingOrder {index:39;}">
                <Coords points="1591,2529 2415,2537 2445,2527 2445,2487 1591,2504"/>
                <Baseline points="1597,2531 1639,2531 1681,2530 1723,2530 1765,2530 1807,2530 1849,2530 1891,2530 1933,2530 1975,2530 2018,2530 2060,2530 2102,2531 2144,2531 2186,2531 2228,2531 2270,2531 2312,2531 2354,2530 2396,2530 2439,2530"/>
                <TextEquiv>
                    <Unicode>virtu che egli hon ammette abbin potuto</Unicode>
                </TextEquiv>
            </TextLine>
            <TextLine id="r2l41" custom="readingOrder {index:40;}">
                <Coords points="1585,2576 2458,2592 2442,2527 1585,2532"/>
                <Baseline points="1591,2573 1634,2572 1677,2571 1720,2570 1763,2570 1806,2569 1849,2569 1892,2570 1935,2570 1978,2570 2021,2571 2064,2572 2107,2572 2150,2573 2193,2573 2236,2573 2279,2573 2322,2573 2365,2573 2408,2573 2452,2572"/>
                <TextEquiv>
                    <Unicode>lasciar uccidere un uomo. Ma quando,</Unicode>
                </TextEquiv>
            </TextLine>
            <TextLine id="r2l42" custom="readingOrder {index:41;}">
                <Coords points="1583,2612 2076,2628 2450,2603 2422,2575 1583,2575"/>
                <Baseline points="1589,2614 1631,2613 1674,2612 1717,2612 1759,2611 1802,2611 1845,2611 1887,2611 1930,2611 1973,2611 2016,2611 2058,2612 2101,2612 2144,2612 2186,2613 2229,2613 2272,2613 2314,2613 2357,2613 2400,2612 2443,2612"/>
                <TextEquiv>
                    <Unicode>nauseata dal suo contegno. la moglie si</Unicode>
                </TextEquiv>
            </TextLine>
            <TextLine id="r2l43" custom="readingOrder {index:42;}">
                <Coords points="1581,2641 2502,2656 2521,2601 2075,2629 1581,2614"/>
                <Baseline points="1588,2654 1634,2651 1680,2650 1727,2648 1773,2648 1819,2647 1866,2647 1912,2648 1958,2648 2005,2649 2051,2649 2097,2650 2144,2650 2190,2650 2236,2650 2283,2649 2329,2648 2375,2646 2422,2643 2468,2640 2515,2637"/>
                <TextEquiv>
                    <Unicode>prende per davvero un amante, esli pro¬ as</Unicode>
                </TextEquiv>
            </TextLine>
            <TextLine id="r2l44" custom="readingOrder {index:43;}">
                <Coords points="2449,2692 2455,2691 2458,2694 2461,2689 2469,2693 2474,2688 2483,2690 2489,2684 2497,2691 2503,2687 2509,2692 2527,2692 2523,2647 2513,2648 2502,2656 2483,2651 2478,2657 2459,2650 2445,2652"/>
                <Baseline points="2455,2685 2487,2682 2519,2679"/>
                <TextEquiv>
                    <Unicode>65</Unicode>
                </TextEquiv>
            </TextLine>
            <TextLine id="r2l45" custom="readingOrder {index:44;}">
                <Coords points="1591,2688 2449,2693 2449,2657 2389,2650 1591,2646"/>
                <Baseline points="1597,2686 1639,2687 1681,2688 1723,2689 1766,2689 1808,2689 1850,2689 1893,2689 1935,2689 1977,2688 2020,2688 2062,2688 2104,2687 2146,2687 2189,2687 2231,2687 2273,2687 2316,2687 2358,2687 2400,2688 2443,2689"/>
                <TextEquiv>
                    <Unicode>veca costui, si batte con lui o lo uceide.</Unicode>
                </TextEquiv>
            </TextLine>
            <TextLine id="r2l46" custom="readingOrder {index:45;}">
                <Coords points="1583,2720 2402,2736 2445,2728 2445,2682 2377,2703 1583,2696"/>
                <Baseline points="1589,2724 1631,2725 1674,2725 1716,2726 1759,2726 1801,2726 1844,2726 1886,2726 1929,2726 1971,2727 2014,2727 2056,2727 2099,2726 2141,2726 2184,2726 2226,2726 2269,2726 2311,2726 2354,2727 2396,2727 2439,2727"/>
                <TextEquiv>
                    <Unicode>II suo cinismo naufraga, trawolto dai vor¬</Unicode>
                </TextEquiv>
            </TextLine>
            <TextLine id="r2l47" custom="readingOrder {index:46;}">
                <Coords points="2454,2783 2463,2781 2469,2773 2475,2772 2478,2768 2482,2769 2486,2761 2496,2765 2505,2763 2494,2720 2488,2722 2478,2735 2464,2738 2461,2743 2457,2741 2444,2743"/>
                <Baseline points="2456,2766 2496,2756"/>
                <TextEquiv>
                    <Unicode>67</Unicode>
                </TextEquiv>
            </TextLine>
            <TextLine id="r2l48" custom="readingOrder {index:47;}">
                <Coords points="1583,2763 1800,2783 2446,2762 2446,2721 2057,2742 1904,2722 1863,2746 1583,2720"/>
                <Baseline points="1589,2766 1631,2766 1674,2767 1716,2767 1759,2767 1801,2767 1844,2767 1886,2768 1929,2768 1971,2768 2014,2768 2057,2768 2099,2768 2142,2768 2184,2768 2227,2768 2269,2768 2312,2768 2354,2767 2397,2767 2440,2766"/>
                <TextEquiv>
                    <Unicode>tici delle sue contraddizioni psichiche.</Unicode>
                </TextEquiv>
            </TextLine>
            <TextLine id="r2l49" custom="readingOrder {index:48;}">
                <Coords points="1585,2821 2456,2824 2456,2773 2355,2765 1585,2763"/>
                <Baseline points="1591,2808 1636,2808 1681,2807 1726,2807 1771,2807 1817,2807 1862,2806 1907,2806 1952,2806 1997,2806 2043,2806 2088,2806 2133,2806 2178,2806 2223,2807 2269,2807 2314,2807 2359,2806 2404,2806 2450,2806"/>
                <TextEquiv>
                    <Unicode>L'anima umana chi la concsce, chi la</Unicode>
                </TextEquiv>
            </TextLine>
            <TextLine id="r2l50" custom="readingOrder {index:49;}">
                <Coords points="1587,2860 1845,2838 2409,2855 2449,2833 2301,2808 1587,2818"/>
                <Baseline points="1593,2847 1635,2846 1677,2846 1720,2845 1762,2845 1805,2845 1847,2845 1890,2845 1932,2845 1975,2845 2017,2845 2059,2845 2102,2845 2144,2846 2187,2846 2229,2846 2272,2846 2314,2846 2357,2846 2399,2846 2442,2845"/>
                <TextEquiv>
                    <Unicode>comprendo? E' edas weite Lands. Dram¬</Unicode>
                </TextEquiv>
            </TextLine>
            <TextLine id="r2l51" custom="readingOrder {index:50;}">
                <Coords points="1583,2884 2524,2878 2448,2834 2248,2861 2018,2837 1583,2857"/>
                <Baseline points="1589,2885 1635,2885 1681,2884 1728,2884 1774,2884 1821,2884 1867,2884 1914,2885 1960,2885 2007,2885 2053,2885 2099,2885 2146,2885 2192,2885 2239,2885 2285,2885 2332,2884 2378,2884 2425,2883 2471,2882 2518,2881"/>
                <TextEquiv>
                    <Unicode>ma che ha difetti, che 6, per causa della v.</Unicode>
                </TextEquiv>
            </TextLine>
            <TextLine id="r2l52" custom="readingOrder {index:51;}">
                <Coords points="1593,2933 2439,2923 2429,2893 1593,2886"/>
                <Baseline points="1600,2924 1641,2924 1683,2924 1724,2924 1766,2924 1808,2924 1849,2924 1891,2925 1932,2925 1974,2925 2016,2925 2057,2925 2099,2925 2140,2925 2182,2925 2224,2924 2265,2924 2307,2924 2348,2923 2390,2923 2432,2922"/>
                <TextEquiv>
                    <Unicode>stessa sun tesi, contraddittorio nei ca¬</Unicode>
                </TextEquiv>
            </TextLine>
            <TextLine id="r2l53" custom="readingOrder {index:52;}">
                <Coords points="1592,2958 2409,2976 2456,2921 1592,2933"/>
                <Baseline points="1598,2964 1640,2964 1683,2963 1725,2963 1768,2963 1811,2962 1853,2963 1896,2963 1938,2963 1981,2963 2024,2963 2066,2964 2109,2964 2151,2964 2194,2964 2237,2964 2279,2964 2322,2964 2364,2963 2407,2962 2450,2961"/>
                <TextEquiv>
                    <Unicode>ratteri principali, che contiene inutilità e</Unicode>
                </TextEquiv>
            </TextLine>
            <TextLine id="r2l54" custom="readingOrder {index:53;}">
                <Coords points="1590,3000 2409,3015 2453,2991 2453,2947 2393,2978 1590,2971"/>
                <Baseline points="1597,3003 1639,3003 1682,3003 1724,3004 1767,3004 1809,3004 1852,3004 1894,3004 1937,3004 1979,3004 2022,3004 2064,3003 2107,3003 2149,3003 2192,3003 2234,3002 2277,3002 2319,3001 2362,3001 2404,3000 2447,3000"/>
                <TextEquiv>
                    <Unicode>lungaggini, ma che tuttavia per la forza</Unicode>
                </TextEquiv>
            </TextLine>
            <TextLine id="r2l55" custom="readingOrder {index:54;}">
                <Coords points="2465,3031 2470,3033 2473,3032 2475,3035 2478,3034 2485,3044 2487,3043 2492,3045 2510,2998 2505,2997 2502,2991 2494,2994 2488,2994 2487,2992 2481,2990"/>
                <Baseline points="2474,3026 2490,3032"/>
                <TextEquiv>
                    <Unicode>S</Unicode>
                </TextEquiv>
            </TextLine>
            <TextLine id="r2l56" custom="readingOrder {index:55;}">
                <Coords points="1585,3058 1832,3035 1889,3057 2426,3053 2444,3013 1585,3021"/>
                <Baseline points="1591,3041 1633,3041 1675,3041 1717,3041 1760,3041 1802,3042 1844,3042 1887,3042 1929,3042 1971,3042 2014,3042 2056,3042 2098,3042 2140,3042 2183,3042 2225,3042 2267,3042 2310,3042 2352,3041 2394,3041 2437,3041"/>
                <TextEquiv>
                    <Unicode>elo spirito del dialogo, per la varietà de¬</Unicode>
                </TextEquiv>
            </TextLine>
            <TextLine id="r2l57" custom="readingOrder {index:56;}">
                <Coords points="1585,3081 2247,3100 2411,3090 2451,3074 2451,3039 2196,3061 1640,3041 1585,3064"/>
                <Baseline points="1591,3082 1633,3081 1676,3080 1718,3080 1761,3080 1804,3080 1846,3080 1889,3080 1932,3081 1974,3081 2017,3082 2060,3083 2102,3083 2145,3084 2188,3084 2230,3084 2273,3084 2316,3084 2358,3084 2401,3083 2444,3082"/>
                <TextEquiv>
                    <Unicode>gli episodi, per la, vigorla di alcune sce¬</Unicode>
                </TextEquiv>
            </TextLine>
            <TextLine id="r2l58" custom="readingOrder {index:57;}">
                <Coords points="1590,3131 2410,3129 2459,3112 2459,3070 2317,3096 1590,3094"/>
                <Baseline points="1596,3122 1638,3120 1681,3120 1724,3119 1767,3118 1810,3118 1853,3118 1895,3119 1938,3119 1981,3119 2024,3120 2067,3121 2110,3121 2153,3121 2195,3122 2238,3122 2281,3122 2324,3121 2367,3121 2410,3120 2453,3119"/>
                <TextEquiv>
                    <Unicode>ne, riesce interessante e degno di atten¬</Unicode>
                </TextEquiv>
            </TextLine>
            <TextLine id="r2l59" custom="readingOrder {index:58;}">
                <Coords points="1587,3160 2364,3173 2512,3162 2512,3122 1587,3132"/>
                <Baseline points="1593,3163 1638,3162 1684,3161 1729,3160 1775,3160 1821,3159 1866,3159 1912,3159 1958,3159 2003,3159 2049,3159 2095,3159 2140,3158 2186,3158 2232,3158 2277,3158 2323,3158 2369,3158 2414,3157 2460,3156 2506,3155"/>
                <TextEquiv>
                    <Unicode>zione. Lo recitarono con molta offleach</Unicode>
                </TextEquiv>
            </TextLine>
            <TextLine id="r2l60" custom="readingOrder {index:59;}">
                <Coords points="1595,3211 1647,3191 1675,3211 2448,3201 2410,3165 1595,3170"/>
                <Baseline points="1601,3198 1643,3198 1685,3199 1727,3199 1769,3199 1811,3199 1853,3200 1895,3200 1937,3200 1979,3199 2021,3199 2063,3199 2105,3199 2147,3199 2189,3200 2231,3200 2273,3200 2315,3200 2357,3201 2399,3201 2441,3202"/>
                <TextEquiv>
                    <Unicode>il Korff, ehe 6 un eccellente artista, a</Unicode>
                </TextEquiv>
            </TextLine>
            <TextLine id="r2l61" custom="readingOrder {index:60;}">
                <Coords points="1587,3234 2452,3256 2439,3199 1587,3212"/>
                <Baseline points="1593,3242 1635,3240 1678,3237 1720,3236 1763,3235 1806,3235 1848,3234 1891,3235 1934,3235 1976,3235 2019,3236 2062,3237 2104,3238 2147,3239 2190,3239 2232,3240 2275,3240 2318,3240 2360,3240 2403,3239 2446,3239"/>
                <TextEquiv>
                    <Unicode>signora Wittols e la signorina Halpern.</Unicode>
                </TextEquiv>
            </TextLine>
            <TextLine id="r2l62" custom="readingOrder {index:61;}">
                <Coords points="1589,3286 1726,3299 1775,3283 1793,3297 1835,3297 1865,3277 1946,3294 1995,3281 1995,3252 1959,3242 1861,3254 1776,3237 1589,3250"/>
                <Baseline points="1595,3276 1621,3276 1647,3277 1673,3277 1700,3278 1726,3278 1752,3278 1778,3278 1805,3278 1831,3278 1857,3278 1883,3278 1910,3277 1936,3277 1962,3276 1989,3275"/>
                <TextEquiv>
                    <Unicode>Mediocri gli altri.</Unicode>
                </TextEquiv>
            </TextLine>
            <TextLine id="r2l63" custom="readingOrder {index:62;}">
                <Coords points="1630,3329 2431,3335 2454,3326 2454,3259 2236,3273 2190,3301 2082,3266 2030,3298 1630,3294"/>
                <Baseline points="1636,3323 1676,3323 1717,3323 1757,3323 1798,3323 1839,3323 1879,3323 1920,3323 1960,3323 2001,3323 2042,3324 2082,3324 2123,3324 2163,3324 2204,3324 2245,3324 2285,3324 2326,3324 2366,3324 2407,3323 2448,3323"/>
                <TextEquiv>
                    <Unicode>II numerosissimo pubblico fece buon</Unicode>
                </TextEquiv>
            </TextLine>
            <TextLine id="r2l64" custom="readingOrder {index:63;}">
                <Coords points="1588,3357 1820,3385 2337,3362 2389,3386 2470,3355 2470,3316 2340,3343 1588,3332"/>
                <Baseline points="1595,3361 1638,3362 1681,3362 1725,3363 1768,3364 1812,3364 1855,3365 1899,3365 1942,3366 1986,3366 2029,3366 2072,3366 2116,3366 2159,3366 2203,3366 2246,3366 2290,3365 2333,3365 2377,3364 2420,3363 2464,3362"/>
                <TextEquiv>
                    <Unicode>viso alla ccmmedia e richiumo gli ese¬</Unicode>
                </TextEquiv>
            </TextLine>
            <TextLine id="r2l65" custom="readingOrder {index:64;}">
                <Coords points="1593,3419 1947,3397 2361,3415 2394,3406 2394,3373 1813,3381 1697,3356 1593,3377"/>
                <Baseline points="1599,3403 1638,3404 1677,3405 1717,3406 1756,3406 1796,3407 1835,3407 1875,3407 1914,3407 1954,3407 1993,3407 2032,3407 2072,3406 2111,3406 2151,3406 2190,3406 2230,3405 2269,3405 2309,3405 2348,3405 2388,3405"/>
                <TextEquiv>
                    <Unicode>cufori due o tre volte dopo ogni atto.</Unicode>
                </TextEquiv>
            </TextLine>
            <TextLine id="r2l66" custom="readingOrder {index:65;}">
                <Coords points="1624,3445 2460,3458 2460,3386 2371,3421 1937,3402 1624,3424"/>
                <Baseline points="1630,3447 1671,3449 1712,3450 1753,3451 1794,3451 1835,3452 1876,3452 1918,3452 1959,3452 2000,3451 2041,3451 2082,3451 2123,3451 2164,3450 2206,3450 2247,3450 2288,3450 2329,3450 2370,3451 2411,3451 2453,3452"/>
                <TextEquiv>
                    <Unicode>Questa scra el cinque cittadini di Fran¬</Unicode>
                </TextEquiv>
            </TextLine>
            <TextLine id="r2l67" custom="readingOrder {index:66;}">
                <Coords points="1585,3489 2439,3505 2452,3438 2287,3468 1585,3464"/>
                <Baseline points="1591,3486 1633,3487 1676,3488 1719,3488 1761,3489 1804,3490 1847,3490 1889,3490 1932,3491 1975,3491 2018,3491 2060,3491 2103,3491 2146,3491 2188,3492 2231,3492 2274,3492 2316,3492 2359,3492 2402,3492 2445,3492"/>
                <TextEquiv>
                    <Unicode>coforten, commedia satirica in tre atti dig</Unicode>
                </TextEquiv>
            </TextLine>
            <TextLine id="r2l68" custom="readingOrder {index:67;}">
                <Coords points="1585,3525 2439,3551 2440,3500 1585,3505"/>
                <Baseline points="1591,3525 1633,3526 1675,3526 1717,3527 1759,3527 1801,3528 1843,3529 1885,3529 1927,3530 1969,3531 2012,3531 2054,3532 2096,3532 2138,3532 2180,3532 2222,3532 2264,3532 2306,3532 2348,3531 2390,3531 2433,3529"/>
                <TextEquiv>
                    <Unicode>Carlo Rössler. Domani mercoledi, terza</Unicode>
                </TextEquiv>
            </TextLine>
            <TextLine id="r2l69" custom="readingOrder {index:68;}">
                <Coords points="1590,3572 2421,3589 2448,3580 2449,3531 1591,3542"/>
                <Baseline points="1597,3569 1639,3569 1681,3570 1723,3570 1766,3570 1808,3570 1850,3570 1892,3570 1935,3570 1977,3570 2019,3570 2061,3570 2104,3571 2146,3571 2188,3571 2230,3571 2273,3572 2315,3572 2357,3572 2399,3573 2442,3573"/>
                <TextEquiv>
                    <Unicode>od ultima recita con: ell punto neros di</Unicode>
                </TextEquiv>
            </TextLine>
            <TextLine id="r2l70" custom="readingOrder {index:69;}">
                <Coords points="1585,3615 1720,3636 1868,3615 1953,3613 2006,3631 2067,3619 2067,3580 1585,3574"/>
                <Baseline points="1591,3609 1617,3609 1643,3610 1669,3610 1695,3611 1721,3611 1747,3611 1773,3611 1799,3611 1826,3612 1852,3612 1878,3612 1904,3611 1930,3611 1956,3611 1982,3611 2008,3610 2034,3609 2061,3609"/>
                <TextEquiv>
                    <Unicode>Kadelberg e Presber.</Unicode>
                </TextEquiv>
            </TextLine>
            <TextLine id="r2l71" custom="readingOrder {index:70;}">
                <Coords points="1619,3667 1636,3670 1648,3666 1669,3675 1681,3663 1690,3665 1703,3656 1711,3660 1721,3655 1731,3664 1763,3651 1762,3636 1750,3637 1745,3632 1715,3639 1707,3639 1697,3630 1686,3638 1674,3638 1652,3628 1641,3634 1619,3634"/>
                <Baseline points="1625,3652 1651,3650 1677,3651 1703,3652 1729,3651 1756,3649"/>
                <TextEquiv>
                    <Unicode>—-—</Unicode>
                </TextEquiv>
            </TextLine>
            <TextEquiv>
                <Unicode>box 29/2
Ausschultt
une 1o1d Piegne. Triost
 ume-
Politeama Rossetti. La compagnia St
drammaticn tedesca della quale fanno
P.
parte attore Arnoldo Korffe la signora
Gusti Wittels diede iersera la sua prima
recita con un nuovo dramma di Arturo
Schnitzler: CLa terra iontuna, („Das
KC
weite 1Terra lontand vale qui¬
A½
A
pacse schnosciuto, paese di difficile ke¬
cesso e signiffen simbolicamente l'ani¬
ma. umnan. Arturo Schnitzler &amp; uns terri¬
8it
bile pessimista e# le sua psicolosig &amp; ama.
rucome Passenzie. Tanto complicatd—
poliedrica ogli trova l'anima umana chie dis
per dimostrare quesia tcoria egli presen- M
ta un tipo di marito cihico, ma di un ci¬ee
nismo pieno di chiarescuri, di contrad-s dir
la
dizioni, di mutevolezze. (Friedrich-Hof¬
reiters sulle prime sembra quasi arieg¬
giare al einarito, dei WDiritti del ani¬ cch
man di Giuseppe Giacosa; é geloso di
un mnorto: cioe di un nomo che Innamo-
rato di sua moglie, si e- uceiso per non
aver potuto ottenerla. Ma poi il acason A
psicologico di gFriedrichs devia, Egli 6
06
un dissoluto, inganna la moglie, e non
4
comprende come lei per amore di una
p0
virtu che egli hon ammette abbin potuto
lasciar uccidere un uomo. Ma quando,
nauseata dal suo contegno. la moglie si
prende per davvero un amante, esli pro¬ as
65
veca costui, si batte con lui o lo uceide.
II suo cinismo naufraga, trawolto dai vor¬
67
tici delle sue contraddizioni psichiche.
L'anima umana chi la concsce, chi la
comprendo? E' edas weite Lands. Dram¬
ma che ha difetti, che 6, per causa della v.
stessa sun tesi, contraddittorio nei ca¬
ratteri principali, che contiene inutilità e
lungaggini, ma che tuttavia per la forza
S
elo spirito del dialogo, per la varietà de¬
gli episodi, per la, vigorla di alcune sce¬
ne, riesce interessante e degno di atten¬
zione. Lo recitarono con molta offleach
il Korff, ehe 6 un eccellente artista, a
signora Wittols e la signorina Halpern.
Mediocri gli altri.
II numerosissimo pubblico fece buon
viso alla ccmmedia e richiumo gli ese¬
cufori due o tre volte dopo ogni atto.
Questa scra el cinque cittadini di Fran¬
coforten, commedia satirica in tre atti dig
Carlo Rössler. Domani mercoledi, terza
od ultima recita con: ell punto neros di
Kadelberg e Presber.
—-—</Unicode>
            </TextEquiv>
        </TextRegion>
    </Page>
</PcGts>
