3392 4224
437 -36 573 15 1
1080 -66 1172 29 111
302 -54 1229 71 —
1393 -48 1843 56 004 2076
1052 886 2717 973 Diese Gestalt: ein Charmeur, der, von seiner Frau unbefriedigt, dennoch
933 950 2709 1028 Respekt vor ihr bewahrt hat, ist in der Person des Dr. v. Aigner variiert.
938 1012 2712 1075 Auch um ihn scharen sich die Frauen wie Vögel um ein Leuchtturmfeuer.
941 1076 2709 1146 Auch er ist trotz seines Leichtsinns im Innersten schwermütig; aber er ist
949 1122 1371 1191 weit beherrschter.
1069 1174 2707 1231 Seine geschiedene Frau hat die stille, überlegene Würde des Wesens,
942 1238 2448 1310 die bei älteren, ausgezeichneten Schauspielerinnen nicht selten ist.
1062 1292 2707 1381 Die Nebenfiguren haben mit wenigen gleichgültigen Ausnahmen jede
931 1367 2703 1433 ihre lehrreiche Eigentümlichkeit: ein Bankier, dessen Geriebenheit, glattes
938 1420 2700 1492 Wesen und tückische Hinterlist mit wenigen Strichen gegeben sind; ein
941 1484 2704 1543 Dichter, dessen Plattheit und Selbstgefälligkeit eine Quelle des Genusses für
935 1545 2704 1612 den Zuschauer wird; ein Tourist, dessen Sucht sich zu beklagen und dessen
933 1600 2694 1681 Versuch, durch Aufgeblasenheit zu imponieren, von feinster Lächerlichkeit ist.
1046 1660 2695 1715 Und schließlich der einzige ungebrochene, ganze Mensch dieser Galerie,
936 1726 2697 1797 das junge, lebensdurstige Mädchen Erna, das mutig, entschlossen, frei, alles
942 1781 2705 1861 auf eine Karte setzt und — in dieser Welt von Individuen, die das eine
930 1844 2695 1900 wollen und das andere tun, heute dies und morgen jenes wollen — mit
935 1894 1823 1964 Notwendigkeit ihr Spiel verlieren muß.
1044 1944 2697 2019 Nicht weniger als zwanzig Menschen (und darüber) kommen in dem
932 2018 2700 2089 Stücke vor; doch sammeln und gruppieren sie sich leicht. Die ungezwungene
924 2067 2698 2162 Bewegung der Diktion, das Leben und die Natürlichkeit des Dialogs, auch
924 2134 2700 2212 wenn er einigermaßen zu denken gibt, sind große Vorzüge. Der Dichter
928 2204 2684 2278 steht nicht mit einem Zeigestab neben der Handlung; so klar alles ist,
919 2261 2695 2315 herrscht doch keine übertriebene Deutlichkeit. Man hat hier nicht selten
915 2328 2689 2392 Anlaß, sich zu fragen: weshalb sagt er denn das? Meint er das oder will er
926 2376 2700 2448 nur den andern sicher machen? Doch alles klärt sich dem aufmerksamen
919 2437 2686 2482 Leser oder Zuschauer ohne die Anstrengung auf, die Ibsen zuweilen er¬
915 2477 2684 2568 fordert, und die Handlung ist mit überlegener technischer Bravour, trotz der
916 2541 2685 2631 Ruhepausen der humoristischen Szenen, in ununterbrochener Steigerung der
926 2598 1416 2671 Spannung geschürzt.
1037 2667 2692 2730 In einer der früheren Komödien Schnitzlers: „Das Zwischen¬
914 2726 2688 2786 spiel“ (aus dem Jahr 1oo6) ist verschiedenes, das sich wie eine Vorarbeit
911 2778 2689 2835 zu „Das weite Land“ ausnimmt. Auch dort sind die Hauptpersonen
920 2827 2683 2895 zwei hervorragende Menschen, die sich im Grunde lieben, doch zwischen die
916 2900 2683 2973 sich eine Entfremdung eingeschlichen hat, so daß jedes von ihnen sich eine
908 2974 2671 3047 Zeit lang zu einem (oder einer) anderen hingezogen fühlte. Nur, daß der
912 3017 2680 3091 über Dutzende von Seiten sich erstreckende Dialog zwischen ihnen lebhaft
912 3091 2684 3157 an die subtile Erörterung der Geheimnisse des Herzens, die Liebeskasuistik
903 3141 2670 3209 erinnert, die Marivaux' Komödien erfüllt. In diesem Stücke kommt auch
901 3201 2677 3267 zum erstenmal ein Menschenpaar vor, das sich in dem Schauspiele „Das
907 3240 2672 3320 weite Land“ wiederfindet, der Dichter Albertus Rhon und seine kleine,
915 3316 2687 3385 bewunderte, etwas enbedeutende Frau. Doch während Rhon in dem älteren
1736 3389 1861 3470 93
