3296 4320
1311 179 1747 271 box 29/1
193 183 1141 297 24. Das veite Land
97 622 372 713 nenden Aichel
89 694 373 767 sarmen Otts
375 696 1686 767 Rolle wuchs von Akt zu Akt zu größerer Bedeutung. Seine Liebes¬
93 745 364 792 nnert in etwas
374 738 1690 807 szene mit Fräulein Lind, die zum erstenmal im Lobetheater auftrat
94 781 356 841 Jugenddrama,
372 789 1688 846 und durch ihr gutes Spiel bald die nicht günstige äußere Erscheinung
90 833 354 886 eiden ungleich¬
383 832 1676 891 vergessen ließ, entschied den Erfolg des Altes. Schauspielerisch am
380 867 1692 941 höchsten aber stand wohl die Szene, in der Frau Weinhold der Geliebten
91 884 357 971 er mit Humor
368 921 1684 987 ihres Sohnes verzeiht. Freilich bot Frau Santen nicht bloß hier,
83 950 357 1014 rodiert. „Das
374 953 1686 1016 sondern in jedem ihrer Auftritte künstlerisch Vollendetes. Es war
101 995 353 1060 Parodie er¬
374 1003 1690 1072 eine besonders im ausdrucksvoll stummem Minenspiel, aber auch
375 1038 454 1083 in
91 1030 353 1094 für deren jede
470 1040 1329 1105 jedem Worte und jeder Bewegung
1324 1050 1684 1108 großartige schau¬
87 1082 354 1137 Augen stand,
369 1083 1689 1155 spielerische Leistung, die allein schon den Besuch der Vorstellung
81 1120 346 1186 K Begründung
360 1127 1677 1198 lohnte. Aber auch die vielen kleineren Rollen wurden durchweg gut
96 1164 352 1214 zuwerfen, ob
367 1177 1682 1239 gegeben, nicht die Vertreter einer einzigen störte das sorgfältig und
95 1203 349 1257 Satire kann
359 1213 1681 1282 verständnisvoll vorbereitete Zusammenspiel. Und so erzielte, wie starke
91 1247 357 1301 is ein solches
367 1255 1680 1326 Bedenken man auch gegen das Stück selbst hegen muß, die Darstellung
78 1282 352 1345 klei“ gewinnt
361 1300 1686 1371 doch eine sehr beifällige Aufnahme von Schnitzlers neuestem Werke
93 1332 341 1387 in und ihren
359 1352 1681 1407 von seiten des vollbesetzten Hauses. Die vom Dichter dem Leben nach¬
83 1371 347 1432 h, der unser
364 1385 1669 1434 gezeichneten Gestalten gewannen in der Darstellung Fleisch und Blut
74 1416 336 1484 En Begabung
360 1434 1693 1505 und einzelne Szenen weckten ein Interesse, das man dem Stücke als)
95 1462 341 1520 erbärmliche
360 1471 924 1540 Ganzem leider versagen muß.
1475 1487 1575 1533 1O.
99 1498 339 1559 zu nehmen.
93 1547 349 1601 hiers. Aber
86 1591 338 1653 ber den rück¬
100 1628 342 1688 edie Sitten
110 1674 340 1742 Schnitzlers
90 1713 334 1777 von der Ge¬
95 1764 327 1837 nde Zenien,
80 1815 277 1905 chehen?
90 1928 324 2009 sche Natur“.
108 1990 326 2042 Seele ver¬
103 2031 320 2084 nicht vor¬
88 2074 330 2130 verkehren
96 2112 319 2173 wird, daß
99 2160 320 2216 denen sind
83 2197 313 2260 wickelt, als
77 2244 310 2302 Wie Liebe
79 2283 316 2347 at, ist ein
95 2333 308 2389 n Dichter.
91 2369 315 2432 Warnung
99 2415 299 2491 faßte, ins
95 2463 297 2527 r dem ge¬
106 2620 296 2683 wie bei
86 2668 295 2742 ungen der
88 2712 169 2769 en.
91 2748 280 2812 lich hohe
110 2800 284 2856 t gelang
93 2846 282 2889 amas als
90 2887 280 2941 in denen
111 2931 282 2984 en zwei
972 2922 1439 3045 Breslauer Zeitun.
89 2973 273 3036 ließ sehr
119 3014 268 3080 klagen,
111 3060 256 3123 viele
106 3104 249 3149 Bonno
126 3147 254 3200 reuen.
1094 3103 1431 3202 A5 10 1911
109 3191 249 3234 , wie
114 3231 244 3311 g der
867 3309 1504 3402 Breslauer Cheater.
577 3389 1819 3460 PAtt. Stadttheater. Sonnabend, 14. Oktober: „Rheingold.“
518 3443 1817 3502 (In neuer Ausstattung und Inszenierung.) Bei keinem
520 3510 1827 3559 zweiten der Bühnenwerke Richard Wagners sind alle Versuche, die
531 3542 1820 3618 szenischen Probleme und dekorativen Anforderungen des Dichterkomvonisten
529 3606 1825 3657 zu lösen, in gleichem Maße Stückwerk geblieben, wie beim Vorspiel zum
532 3646 1827 3704 Nibelungenringe, bei keinem der Musikdramen des Bayreuthers ergaben sich
528 3690 1824 3748 solch unermeßliche Schwierigkeiten, die Ausstattung über das Niveau des
536 3745 1825 3807 bunten Scheins hinaus zu einem Bilde glaubhafter Wirklichkeit zu erheben,
544 3799 1829 3860 vie beim Rheingold. Mußte Wagner doch selbst nach den Festvorstellungen
535 3845 1831 3911 es denkwürdigen Jahres 1876, in dem zum ersten Mal der Vorhang
550 3890 1841 3953 ich vor dem Wunderbilde der Rheinestiefe teilte, eingestehen: „Mein
540 3944 1830 4005 deal ward mit den vorjährigen Aufführungen nicht erreicht. Wir müssen
555 3997 1829 4046 ielmehr etwas ganz anderes bekommen“ Man weiß nun wohl, daß
549 4029 1840 4115 Jagner von seinen Maschinisten, Malern und Delorateuren ebenso das
1847 100 3259 213 en eneneenesen ene eneren rerdon und mneglien u 11
1827 173 3116 253 führung kaum jemals gänzlich zu beseitigen sein dürften. Aber schließlich
3130 189 3256 250 zur T
1826 225 3108 295 muß man sich fragen, warum gerade beim „Rheinge##“ das Versagen
3135 234 3264 315 daß di
1831 271 3115 355 der Schwesterkünste auch die Wirkung der Handlung und der Musik mehr
3124 290 3262 349 etwa ##
1820 310 3263 388 herabdrückt, als bei allen übrigen Werken des Meisters. Die Antwort auf Kothu#
1831 376 3117 456 diese Frage kann nur lauten: weil die Handlung im „Rheingold“ auf
3128 391 3254 450 werden
1833 424 3118 487 bedenklich bröckligem Grunde steht, auf Fundamenten, die zu schwanken
3141 440 3261 501 und k
1822 487 3120 553 beginnen, sobald man des Näheren nach den grundlegenden Motiven im
3139 487 3263 567 weilig
3141 538 3244 591 wird.
1834 528 3118 598 Tun und Lassen der zur Schau gestellten Göttersippe fragt und den
1825 577 3115 653 logischen Zusammenhang all der gezeigten Dinge und Geschehnisse er¬
3126 584 3261 650 zu seh
1826 632 3124 697 gründen will. „Um das „Rheingold“ zu begreifen, bedürfen wir einer
3130 636 3271 695 diesma
1831 679 3129 749 erklärenden Mythologie, die Wagner uns schuldig bleiben mußte, weil sie
3138 683 3261 742 mensch
3139 733 3249 792 kann,
1829 711 3121 800 ihm selbst nicht klar war,“ schrieb Max Kalbeck gelegentlich einer Auf¬
3131 780 3249 842 gleich
1827 774 3121 841 zählung der Verkehrtheiten und Widersinnigkeiten, die sich im dramatischen
3136 814 3268 884 Seel
1830 817 3122 896 Aufbau des „Rheingold“ vorfinden, und er trifft damit den Nagel auf
3136 876 3259 937 Seelen
1832 873 3128 949 den Kopf. Nur im Rahmen eines grandiosen Prunkbildes verlieren sie
3144 926 3259 990 brüche
1837 918 3127 1002 sich, nur die Zauberkünste der Maschinisten und Dekorationsmaler lassen sie
3137 975 3262 1034 reicher
1832 981 3123 1049 vergessen und schaffen die Brücke zum Genusse der einzigen, herrlichen
3133 1028 3253 1091 selbst
1827 1005 3125 1083 Musik Denn einzig und herrlich ist sie in ihrem Goldglanze und in den
3140 1080 3261 1137 wöhnt
1836 1074 3132 1154 schillernden Rheinfarben, in ihrer majestätischen Pracht, die sich bemüht,
3148 1124 3267 1199 russisch
1834 1123 3128 1186 aus den kleinlichen Leuten des Olymps würdige Götter zu machen, und
3149 1171 3242 1236 Als
1839 1171 3119 1247 in der musikalischen Zeichnung der vom Dichter im Geiste geschauten über¬
3147 1225 3256 1285 Frau
1840 1222 3131 1277 wältigenden landschaftlichen Szenerie. Mit den blassen Farben und den
3142 1271 3257 1331 die ei
1836 1270 3122 1347 widerwillig wirkenden Wundern einer dürftigen Bühnenausstattung ver¬
3140 1323 3264 1375 Leben
1837 1319 3130 1389 sinkt auch die Pracht des musikalischen Kolorits in Nichts zusammen, und
3143 1359 3266 1429 treu w
1824 1356 3130 1445 so kam es, daß „Rheingold“ lei uns seit langen Jahren auch in seinem
1826 1404 3269 1493 gleißenden Klingen niemand mehr zu interessieren vermochte. Eine Neu¬ betrügt
1832 1465 3265 1548 inszenierung von Grund aus war nicht mehr zu umgehen, und mit auf= Mädch
3148 1519 3254 1577 dem g
1826 1504 3133 1583 richtiger Freude dürfen wir heut berichten, daß von allen mitwirkenden
3139 1567 3264 1629 Liebes
1834 1564 3133 1638 Faktoren ganze Arbeit getan worden ist. Die grüne Tiefe des Rheins
3138 1614 3267 1675 gekränk
1840 1618 3129 1693 mit den von oben her hineinspielenden glitzernden Sonnenstrahlen, die in
3139 1663 3262 1720 Alters
1829 1675 3123 1751 graziösem, leichtem Fluge schwimmenden Hüterinnen des blinkenden
3140 1711 3267 1776 Verstän
1832 1723 3132 1801 Goldes, das Versinken der Fluten und die von einem gewaltigen
3133 1763 3264 1828 schlagen
1832 1773 3124 1830 Rundhorizont umspannte auftauchende kulissenlose Landschaft mit dem
1822 1808 3128 1907 Zyklopenbau der Götterburg, die Wandeldekorationen bei Wotans und
3140 1862 3266 1926 die arn
1825 1872 3129 1941 Loges Fahrt nach Nibelheim und ihrer Rückkehr zu den um
3129 1916 3266 1979 schwanl
1835 1917 3135 1996 Freya bekümmerten Göttern, die Stimmungsmalerei durch fliegendes Ge¬
1831 1960 3262 2047 wölk in allen Farben von dem beängstigenden Schwarz der Gewitternähe ins Ve
1829 2001 3258 2093 bis zum versöhnenden, goldigen Rot des den Abend grüßenden Himmels —(und sic
1832 2045 3258 2123 alles dies ist von höchster Schönheit. Wollten auch der Theater=Regen= selbst
1834 2120 3164 2190 bogen und der Riesenwurm keine rechte Illusion erwecken, was verschlägt's! a
1835 2170 3168 2241 Und gleichen Schritt mit der in Dekorationen und Kostümen entfaltetenske
1832 2212 3167 2289 Pracht hielt auch der wundervolle Klang des Orchesters. In urwüchsiger
1840 2264 3181 2346 Gewalt erhoben die festlichen Motive ihr Haupt, in abgeklärter Relnheit zu
1829 2302 3201 2390 sangen die seelische Stimmungen deutenden Themen ihre Weisen, aufs zu
1840 2357 3124 2435 feinste gegeneinander abgewogen, je nachdem der Augenblick der einen oder
3131 2367 3250 2422 mit ei
1834 2412 3256 2481 der anderen Melodie das Vorrecht einräumte. Und alles dies Schöne zog Mann,
1839 2453 3264 2536 in unaufhaltsamem Flusse dahln, mit der Flut wachsend und fallend, durch getrenn
1825 2486 3127 2568 Höhen und Tiefen, bis es im Jubel der in Walhall einziehenden Götter
3127 2518 3264 2580 Praxis
1836 2554 3125 2627 verklang. Das ließ uns die dramatischen Schwächen und Unmöglichkeiten
3141 2566 3270 2629 Fähnri
1828 2596 3114 2681 der Dichtung vergessen und an das Märchen und seine Symbolik glauben.
3127 2612 3275 2673 zu hab
1832 2658 3279 2716 Herrn Kirchner und Herrn Kapellmoister Prüwer unseren lauten, Daß a
1835 2693 2275 2763 begeisterten Dank dafür.
3126 2712 3263 2780 Ehebru
1888 2757 3278 2828 Die einzelnen Solopartien waren erfreulicherweise auch von den kleinen daß sie
1838 2807 3127 2869 und großen Flüchtigkeiten befreit worden, die sich im Laufe des eiligen
3129 2818 3267 2884 bedarf
1832 2840 3118 2912 Theaterbetriebes allerorten eingeschlichen hatten. Herrn Beegs musika¬
1835 2904 3116 2973 lisch tüchtigem Wotan wollte es freilich auch gestern nicht glücken, wenigstens
3137 2920 3243 2984 auch
1830 2939 3118 3015 die Stellen mit menschlich heißem Empfinden zu erfüllen, die uns an All¬
3125 2974 3271 3034 eines r
1832 3005 3113 3067 vaters selbstverschuldetem Leid Anteil nehmen lassen. Ja, nicht einmal
3127 3021 3262 3086 akte se
1824 3045 3117 3119 die von Glücksgefühl getragene Weise: „Vollendet das ewige Werk“
3129 3075 3279 3143 Zischen
1822 3078 3124 3168 erschien von überquellender Freude getragen. — Die Fricka war zum ersten
3141 3124 3272 3190 ihrem
1829 3153 3120 3202 Male keiner Altistin, sondern unserer Hochdramtischen, Frau v. Floren¬
3139 3181 3271 3240 Gehalt
1832 3198 3118 3268 tin=Weber, übertragen worden, und das gewann den Worten der
3135 3223 3274 3296 im Duc
1835 3238 3124 3304 Göttin Prägnanz und Wärme. Herrn Wilhelmis lüsterner, miß¬
1828 3271 3278 3347 gestalteter, zu furchtbar=schauriger Größe anwachsender Schwarzalbe steht oder zu
3130 3329 3274 3394 ist schon
1836 3348 3118 3406 von des Künstlers Gastspiel her noch in allerbester Erinnerung, und ebenso
3133 3386 3283 3449 Und de
1840 3383 3121 3457 sind Herrn Lückes virtuoser Mime, Herrn Corfield=Mercers
3137 3431 3275 3494 um den
1832 3442 3123 3487 unsteter, geschmeidiger, wenn auch zu viel in Mephistos Art gehaltener
3122 3478 3279 3551 Beifall
1844 3485 3123 3544 Loge, die Riesen der Herren Wittekopf und Pierroth, Fräulein
1841 3533 3123 3588 Schereschefskys Erda und die Woglinde und Wellgunde der Damen
3120 3539 3278 3599 Herr et
1836 3589 3118 3642 Mac Grew und Wolter als gute Leistungen bekannt. Zu ihnen ge¬
3124 3594 3265 3649 Pose u
1834 3645 3115 3695 sellten sich als Neulinge der grollende, hartzügige Donner Herrn Heckers,
3119 3636 3270 3701 vortrefft
1836 3693 3109 3745 der milde Froh Herrn Baums und die schönsingende Floßhilde Fräulein
3128 3691 3259 3750 aktes,
1839 3735 3107 3797 Dörwalds. Das ausverkaufte Haus bereitete der Neueinstudierung
3134 3736 3276 3804 Rolle d
1832 3788 3115 3851 des „Rheingold“ eine freudige Aufnahme und rief neben den Künstlern
3123 3776 3282 3855 Unbeden
1830 3833 2967 3893 auch die Herren Kirchner und Prüwer oft vor die Rampe.
3111 3837 3267 3905 kraftvoll
1881 3877 3272 3951 II. II. Lobe=Theater. „Das weite Land“*) Es ist nicht und ver
1841 3941 3106 4003 ganz zutreffend, wenn Schnitzler sein neuestes Werk, das gestern an
3128 3944 3276 3996 unwider
1836 3985 3107 4055 unserem Lobe=Theater gemeinsam mit zwölf anderen Bühnen seine Urauf¬
3104 3990 3277 4048 Fräulei
1890 4042 3281 4115 *) Die Buch=Ausgabe ist soeben bei S, Fischer=Berlin erschienen. Herr S
2253 4115 2594 4176 e enen  e ene  eenenenene
