3344 4352
385 541 691 607 Pteescenaen.
525 571 572 623 8250
1340 783 1480 832 NA
581 822 623 855 2
1772 842 2071 928 S
912 851 1510 941 B
352 867 725 951 ene. dent ae e uen 2e
1869 909 2084 967 Sgeesseresesseseranet
929 1528 990 1616 5
712 1674 894 1744 S
940 1680 977 1745 4
1686 1694 1796 1753 G
704 1702 927 1781 enentch
1676 1720 2100 1796 eeeterreenl,
623 1799 973 1859 Mile HOFTEUFEL
1228 1867 2111 1926 me, Génia, le sait, et lui sait que sa femme ne#
371 1871 1210 1954 Nest-elle pas, en effet, sensationnelle la pre¬
1234 1912 2111 1970 Tignore pas. Génia reste fidele à son volage ma¬
341 1923 1206 1976 miere représentation de cette nouvelle piece
1242 1960 2109 2008 ri, non point par égards pour lui, mais bien pour
337 1957 1209 2036 d'Arthur Schnitzler qui est donnée à la fois sur
1240 2012 2106 2058 elle-méme, par une sorte de propreté morale.
342 2000 1223 2060 six scènes allemandes? IIs sont fort rares les au¬
1241 2039 2115 2094 dje n'aurais pas pu faire autrement n. dit-elle
342 2033 1219 2107 teurs dramatiques qut voient leurs productions
1241 2084 2109 2145 quand elle apprend qu'un pianiste russe qui la
340 2071 1227 2131 représentées le méme soir au Burgthealer de
1240 2126 2112 2173 poursuivait de ses assiduifés vient de s. ’uer
348 2115 1217 2176 Vienne, au Neues-Deutsches theater de Prague,
1240 2157 2110 2200 pour elle. Avant de mourir, Alexis Korsakow,
354 2154 1213 2220 au Lessing-theater de Berlin, au Residenz-thea¬
1241 2197 2104 2245 lui explique dans unc lettre, les naisons de son
348 2193 1213 2254 ter de Munich, au Deutsches-Schauspielhaus de
1245 2237 2018 2289 suicide. Génia montre la lettre à son mari.
344 2233 1159 2290 Hambourg et à la Schauburg de Hannovre.
1276 2275 2141 2345 lei se place une des scènes certainement les¬
389 2270 1219 2329 Tel est cependant le sort qui n été réservé au
1237 2322 2114 2366 plus osées qui soient au théätre. En lisant ceite
350 2304 1215 2368 Pays loiniain, tragi-comédie en cind actes d’Ar¬
1240 2357 2113 2402 lettre de Korsakow qui constitue pour sa femme
340 2366 651 2417 thur Schnitzler
1232 2384 2118 2454 le plus irréfutable témoignage d’honnéteté, Fried¬
391 2384 1215 2449 Celui qui s’inspirant d’un délicieux type de
1234 2428 2106 2485 rich Hofreiter se prend non à la détester, le mot
346 2431 1211 2500 jeune fille viennoise, a fait applaudir Amourette
1236 2470 2099 2521 serait trop fort, mais à se sentir éloigné d’elle.
353 2469 1210 2541 sur toutes les scènes germaniques, est resté,
1236 2516 2116 2568 7 Ta vertu a forcé un homme à la mort v. lui
355 2510 1212 2575 cette fois aussi, fidele à sa ville natale. Ce sont
1241 2547 2117 2616 dit-il, et, sans oser lui dire qufelle aurait dü
345 2556 1214 2603 des types essentiellement viennois qu'il a portés
1244 2593 2103 2635 faire le nécessaire pour l’empécher de mourir,
351 2590 1215 2647 à la scäne cette fois encore. Ce ne sont plus
1236 2627 2103 2672 son instinct de don uan se rövelte contne tant
343 2631 1224 2694 ia des Viennois aussi fortement marqués et,pour
1237 2666 1678 2721 d’inexorabie honnéteté.
339 2678 1217 2730 ainsi dire, conscients de l’être, que ceut du
1284 2709 2106 2763 Tout se passe à découvert dans cette piece.
344 2707 1216 2773 temps de Lanner et de Strauss, au temps ou ce¬
1236 2739 2106 2797 Friedrich trompe sa femme, et celle-ci ne l’igno¬
350 2745 1218 2802 lui-ci intitulait une de ses valses les plus célé¬
1229 2792 2109 2836 re pas. Lui, sait qu'elle le sait et le mari de
351 2788 1215 2845 bres, Vins, semmes et chansons, mais les per¬
1237 2823 2106 2875 su maitresse Jui-méme est au courant. Quand sa
350 2824 1213 2886 sonnages du Pays lointain sont leurs dignes pe¬
1236 2868 2113 2921 femme reçoit la lettre de Korsakow, elle la mon¬
351 2866 1214 2928 tits-fils. Ce sont de braves gens, le cceur sur la
1233 2913 2113 2947 tre de suite à son mari. Tout se passe au grand
347 2903 1213 2958 mein et ne connaissant que fort peu de rivali¬
1235 2947 2110 3007 jcur, et cela nlest certes pas fait pour faciliter
349 2945 1212 2996 tés sauf sur un point: en ce qui concerne les
1231 2989 2110 3042 la täche de l'auteur. Mais M. Schnitzler se joue
346 2982 1213 3040 femmes. Là toute n Gemütlichkeit n cesse; cha¬
1231 3019 2105 3074 de pareilles difficultés. Je dirai mème qu'il les
350 3027 1023 3090 cun chasse pour son propre compte.
1229 3065 2113 3111 recherche. II a un doigté extrémement fin, une
382 3051 1220 3109 Les générations qui ont fait lan Révolution de
1244 3109 2102 3170 main tres délicate ei légère, habile méme à dis¬
356 3110 1214 3157 1848 se sont toutes efforcées vers un idéal, soit
1238 3140 1643 3188 simuler ses habiletés.
349 3142 1215 3197 littéraire, soit social. A la génération actuelle,
1281 3181 2103 3238 Friedrich Hofreiter doit donc au moins pour
352 3196 1215 3234 que M. Schnitzler se plait à nous montrer sous
1243 3216 2096 3279 quelque temos s’éloigner de sa femme. II ira fai
347 3226 1212 3275 le jour le plus crü et le plus cruel si j'ose dire,
1240 3268 2093 3303 re un voyage dans les Dolomites. D'autant plu
354 3274 1222 3315 il ne reste plus rien d’autre que l'amour, les
1234 3303 2094 3346 qu'il y est fort attiré par les beaux yeux de Mil
346 3304 1213 3353 femmes. C’est l'alpha et l’oméga de ses croyan¬
1244 3339 2086 3395 Erna. Ceile-ci n'est point farouche, et son flar
341 3339 1220 3400 ces. C'est d’elles quselle attend tout ce que la
1234 3395 2084 3434 cé, ne pouvant supporter ce qu'il appelle si jol
349 3384 783 3441 vie peut nous donner.
1237 3430 2098 3491 ment # ces négligences du cceur n, s’éloign!
383 3418 1209 3467 Jean-Paul dit quelque part dans son & Titan v:
1244 3457 1369 3514 d’elle.
374 3456 1220 3506 Tant qu'une femme aime, elle aime continuel¬
1274 3480 2094 3548 A son reiour, nous volei dans une villa de“
345 3504 1212 3551 lement., un homme peut avoir dans l’interva¬
1245 3520 2110 3593 environs de Vienne, à Baden, dans ce méme
345 3549 1206 3589 le autre chose à faire v. C’est bien ccla; et c’est
1232 3571 2108 3618 Hélénenthal tout plein des souvenirs de Beetho¬
346 3583 1221 3631 de ces intervalles qu'il s’agit ici. Voici par
1234 3618 2108 3673 ven. Là il surprend un soir un jeune officier qui
347 3617 1211 3667 exemple Friedrich Hofreiter, le héros de la pie¬
1233 3661 2111 3715 descend par la fenêtre de l'appartement de sa
349 3662 1215 3706 ce. C’est un riche fabricant, entre deux äges.
1233 3699 2114 3746 kemme, II se bat avec lui et le tue. Sa femme,
350 3696 1209 3743 Ecoutons-ie parler. II dit à une de ses amies
1238 3737 2112 3780 épouvantée le quitte. Quand à lui, il ne lui
354 3738 1218 3783 d’occasion: . Quand on a le temps et qu'on est
1244 3775 2113 3816 reste plus autre chose au monde que son jeune
348 3781 1222 3823 disposé, on bätit des fabriques, on conquiert des
1236 3815 2105 3858 fils. Et la pièce se termine ainsi, sur un grand
348 3815 1209 3859 pays, on écrit des symphonies, on devient mil¬
1237 3850 1634 3911 point d'’interrogation.
358 3854 1213 3905 lionnaire, mais, crois-moi, tout cela n'est que
1276 3890 2107 3939 Le titre Le Paps lointain est justifié au troi¬
348 3891 1215 3942 secondaire; la chose principale, c’est vous..
1244 3927 2112 3977 sième acte par un Don juan d’occasion qui ne
349 3930 627 3985 vous., Vous. 9
1229 3975 2111 4025 cesse de tromper sa femme quoiqu'il n’aime au
374 3968 1209 4015 Friedrich Hofreiter a une maitresse; sa fem¬
2108 97 2244 153 eenenen
2126 150 2992 191 meur, et cela ne saurait déplaire à une époque
2128 190 2991 234 aussi inquiète et agitée que la nötre. Clest un
2130 221 2998 284 pessimisme sur lequel on danse comme un vol¬
2133 268 2222 310 can.
2156 298 2985 349 L’interprétation a été excellente au Burgthea¬
2122 342 2997 390 ter avec MM. Korf, Heine et Devrient, Mmes
2128 380 2830 430 Hofteufel, Marberg, Bleibtreu et Wilke.
2164 414 2992 464 Dans les autres villes, la pièce a été accueil¬
2121 456 2990 507 lie sympathiquement. A Berlin seulement, le pu¬
2131 492 2974 544 blic a cru devoir à son renom de moralité d
2134 534 2975 583 manifester sa froideur à certains moments. C’es
2127 574 2975 625 qu'il y avait probablement dans la salle plusieur
2122 617 2975 680 personnes invitées, après le théätre, à soupe
2125 656 2621 715 chez Mme Wolf-Wertheim.
2623 674 2957 743 A. CASANOVAN
