3436 4352
267 131 1225 247 24. Das weite Land
1370 151 1820 245 box 29/2
2160 285 3080 394 Karlsruher Zeitung, Karlsruhe i. B.
2526 512 2843 623 .9. 3. 1912
2068 694 3202 772 Großherzogliches Hoftheater. (A. Schnitzler, D6
2055 744 3229 810 weite Land.) Ein Kenner von Schnitzlers Eigen¬
2071 785 3218 859 art sagt, er sei unfähig zu jedem starken Lebensgenuß,
2064 844 3214 905 da ihm alles naive Empfinden, alle Einheitlichkeit im
2070 903 3206 956 Lieben und Hassen versagt sei; es fehle deshalb dem
2070 929 3211 1006 Dramatiker das kraftvolle Zugreifen, dieser Mangel
2074 987 3219 1052 verweise ihn immer wieder auf die bohrende Betrach¬
2071 1036 3198 1092 tung seelischer Zustände, seine eigene seelische Zerrissen
2068 1100 3164 1155 heit zwinge ihn zum Ergründen des Psychischen.-
2042 1181 3198 1249 Was ist das weite Land?, Schnitzler sagt es uns durch
2039 1240 3197 1284 den Hoteldirektor von Aigner: .. „Sollt es Ihnen
2044 1290 3196 1331 (er unterredet sich gerade mit Hofreiter über seine Ehe¬
2045 1328 3188 1404 scheidung) noch nicht aufgefallen sein; was für kompli¬
2034 1385 3186 1450 zierte Subjekte wir Menschen im Grunde sind? So
2044 1439 3191 1496 vieles hat zugleich Raum in uns —! Liebe und Trug,
2033 1473 3186 1549 Treue und Treulosigkeit. Anbetung für die eine und
2033 1529 3186 1589 Verlangen nach einer andern, oder nach mehreren. Wir
2041 1584 3194 1634 versuchen wohl Ordnung in uns zu schaffen, so gut es
2038 1636 3188 1698 geht, aber diese Ordnung ist doch nur etwas künstliches.
2039 1684 3180 1734 Das Natürliche — ist das Chaos. Ja, die Seele ist ein
2028 1733 3181 1797 weites Land“. Diesen Satz illustriert der Dichter an
2040 1786 3182 1850 einer großen Zahl von Personen, angefangen vom
2037 1821 3180 1888 Dummen Gustl bis zun brutalen Scheinherrenmenschen
2029 1871 3178 1938 Hofreiter. Ein menschlich weites Land, ein Land un¬
2031 1904 3176 1996 begrenzter Möglichkeiten tut sich da auf; und doch wie¬
2029 1976 3182 2026 der ein so unendlich enges Land, wenn es fehlt
2039 2013 3180 2074 fast allen Gestalten, was die Seele eigentlich „weitet":
2030 2064 3180 2142 Die Reinheit der Gesinnung, des Herzens. Im ganzen
2030 2123 3179 2183 Stück herrscht eine ungesunde, schwüle Atmosphäre.
2041 2162 3176 2234 Ihre Verkörperung sozusagen ist der Fabrikant Hofrei¬
2031 2227 3180 2280 ster, ein Mensch, der „von jedem nimmt, was ihm gerade
2035 2278 3179 2333 skonveniert“ kalt — boshaft, für Frauen unwidersteh¬
2039 2325 3186 2386 flich. Sie sind ihm die Hauptsache im Leben, eine Geliebte
2028 2361 2540 2428 söst die andere ab.
2545 2368 3176 2431 Genia, seine Gattin, kann
2036 2418 3175 2479 Krotzdem innerlich nicht von ihm loskommen und treibt
2035 2469 3171 2519 dadurch einen Künstler, der um ihre Liebe wirbt, in den
2031 2518 3171 2563 Tod. Aber als Friedrich, statt sich ihr wieder zu nähern,
2035 2570 3181 2629 ein enes Verhältnis anknüpft, mit Erna Wahl, da gibt
2032 2611 3168 2664 sie sich dem jungen Fähnrich Otto von Aigner hin, da
2034 2653 3176 2719 ssie ihn nicht auch wegen einer solchen Kleinigkeit in den
2021 2713 3168 2765 Tod treiben wollte. Diese Begründung ist ebenso servol
2020 2769 3176 2821 jals jene Hofreiters, nachdem er den Fähnrich gefordert
2032 2808 3168 2868 hat. Weder Haß noch Eifersucht noch Liebe spielten da¬
2034 2854 3179 2912 bei mit, allem der Gedanke: „Man will doch nicht der
2028 2908 3169 2965 Hopf sein.“ So knallte er schließlich seinen Gegner nie¬
2037 2952 3165 3014 der. „Bösewicht, eitler, grauenhafter Bösewicht“ wirft
2031 2989 3171 3067 ihm Genia ins Gesicht; jetzt ist sie von ihm los. Genias
2036 3058 3173 3110 und Friedrichs Freund ist der Arzt Mauer, das Sprach¬
2029 3105 3162 3162 rohr des Dichters. Auch ihn betrügt und belügt der rück¬
2034 3154 3169 3227 sichtslose Hofreiter, indem er ihm Erna, die eine gerade.
2033 3208 3172 3265 offene und mutige Natur ist, abspenstig macht. Ihm
2031 3252 3171 3303 ist diese ganze Welt der Lüge verhaßt. Er findet dieses
2038 3300 3179 3372 „Ineinander von Zurückhaltung und Frechheit, von fei¬
2036 3356 3173 3414 ger Eifersucht und erlogenem Gleichmut, von rasender
2030 3396 3169 3441 Leidenschaft und leerer Lust“ trübselig und — grauen¬
2030 3447 3173 3509 haft. Die Freiheit, die sich hier brüstet, grinst, wo sie
2036 3504 3178 3554 lachen will. Dies Ineinander, das nach Schnitzler mit
2026 3551 3182 3608 unserem gesellschaftlichen Leben untrennbar verknüpft
2033 3605 3179 3657 ist und vom Dichter verschiedentlich etwas aufdringlich
2026 3653 3180 3709 betont wird, solk tragikomisch wirken. Aber das kann
2038 3699 3166 3760 wohl auch durch eine noch so gute Darstellung nicht er¬
2039 3742 3178 3786 reicht werden. Denn wie in seinen anderen Werken, löst
2030 3795 3180 3844 sich auch hier die Handlung, besonders in den zwei ersten
2022 3837 3179 3898 Akten, zu sehr in Stimmung auf. Dramatisches Leben
2022 3893 3175 3945 verspüren wir erst gegen Schluß. Dann drängt sich das
2034 3937 3180 3989 Erotische in einer Weise vor, die in der Schlußszene des
2024 3985 3178 4040 dritten Aktes an das Brutale grenzt. Aber über all dem
2025 4036 3174 4087 sei nicht die Schönheit des Dialogs vergessen, der mit un¬
2022 4079 3174 4146 nachahmlicher Natürlichkeit und Reinheit geführt wird.
2083 4120 3173 4186 Nicht alle Darstellenden wußten den zarten Duft, der
2701 4173 3176 4223 Awie Melanie Ermarth
