3248 4384
520 214 620 269 WE
98 194 1075 299 24. bas Land
1216 213 1665 309 box 29/2
541 882 925 946 Auter. — um.
183 931 1205 1021 Ansschnitt aus: Seagarischer Merkur
748 996 1056 1090 Stuttgart
169 1077 340 1127 vom:
335 1083 702 1175 B
233 1171 1372 1243 u. Mannheim 15. Mai. Arthur Schuut####s-56jähriger
215 1202 1368 1296 Geburtstag sollte hier nicht spurlos vorübergehen. Man ehrte
229 1269 1368 1340 ihn durch die Erstaufführung seiner neuesten dramatischen
229 1317 1367 1373 Schöpfung „Das weite Land“, Tragikomödie in 5 Akten,
214 1364 1367 1412 die bereits am 14. Oktober v. Is. an mehreren Theatern aus
1317 1408 1363 1456 2
210 1407 1329 1441 der Taufe gehoben wurde. Was ist nun „Das weite Land““
221 1447 1372 1487 Lassen wir am besten den Dichter selbst reden. Im Gespräch
229 1490 1369 1547 Friedrich Hofreiter — Dr. Aigner im dritten Akt gibt es uns
214 1532 1382 1581 durch den Mund des letzteren die Antwort: „Sollt es Ihnen
472 1576 540 1611 —.—
201 1571 1382 1645 Srdcf Nichr Ausgesallen sein, was für lomplizierte Subselte wir
231 1621 1382 1692 Menschen im Grunde sind? So vieles hat zugleich Raum in
237 1691 1357 1752 uns —! Liebe und Trug . . . Treue und Treulosigkeit ...
238 1723 1382 1783 Anbetung für die eine und Verlangen nach einer andern,
243 1768 1402 1838 oder nach mehreren. Wir versuchen wohl Ordnung in uns zu.
234 1806 1366 1873 schaffen, so gut es geht, aber diese Ordnung ist doch nur eiwas
222 1856 1365 1909 Künstliches ... das Natürliche ... ist das Chaos. Ja —
225 1896 1370 1945 mein guter Hofreiter, die Seele ... ist ein weites Land, wie
230 1939 1380 1990 ein Dichter es einmal ausdrückte“! Also ein Seelenkonflikt,
231 1965 1381 2022 ein neues erotisches Problem, die bekannte Welt des emi¬
228 2016 845 2078 nenten Psychologen Schnitzler.
857 2031 1375 2084 Der Träger der unbe¬
213 2063 1252 2133 deutenden Handlung ist das Ehepaar Hofreiter.
1270 2075 1379 2122 Die
1288 2097 1319 2125 —
220 2115 1378 2172 eheliche Harmonie ist schon längst getrübt. Schon löst
212 2140 1377 2215 der Gaite das Liebesverhältnis zu einer Bankiersfrau
208 2193 1376 2240 und steht im Begriff ein junges Mädchen zu erobern.
215 2241 1369 2301 Seine Gattin ist bis dato scheinbar gleichgültig teil¬
217 2283 1367 2326 nahmslos. Ein Pianist hat sich wegen verschmähter Liebe er¬
217 2313 1372 2377 schossen und das Geheimnis liegt bei Genia Hofreiter. Diese
221 2356 1373 2428 überreicht dem mißtrauenden Gatten den Abschiedsbrief des
210 2398 1371 2448 Selbstmörders. Der Tugendhaftigkeit Genias und der
213 2429 1364 2514 hieraus entstandene Selbstmord gehen Friedrich un¬
214 2491 1367 2538 gemein auf die Nerven. Er sucht darum Erholung in
200 2532 1364 2593 den Dolomiten, wo er auch mit Erna, dem eingangs
206 2581 1365 2631 erwähnten Mädchen, wieder zusammentrifft. Die Herzen
200 2605 1368 2681 finden sich und Friedrich findet des Nachts Ernas Tür offen.
206 2655 1369 2710 Doch quält er sich mit einer seltsam erscheinenden Eisersucht
204 2696 1364 2764 und reist schon am folgenden Morgen wieder ab. Seine Gattin
199 2735 1358 2809 hat mittlerweile ihre Revanchegedanken zur Tat umgesetzt und
208 2785 1368 2860 sich mit einem Fähnrich eingelassen. Friedrich ertappt den
206 2826 1365 2888 Eindringling bei der Tat. Ein Duell ist die Folge. Der
198 2863 1368 2938 Fähnrich fällt. Friedrich will sich selbst dem Gericht stellen
207 2913 1356 2972 und nach verbüßter Strafe in die Welt ziehen als Einsamer.
196 2930 1355 3016 Vorher begrüßt er noch herzlichst die aus England heimkehren¬
197 2992 1358 3063 den beiden Kinder. Alter, Schuldbewußtsein und Einsamkeit
205 3044 1349 3091 ermöglichen vielleicht doch noch ein glückliches Zusammenleben.
197 3082 1351 3151 Vielleicht! — Mich dünkt, Schnitzlers dramatische Schöpfer¬
192 3120 1359 3195 kraft hat ihren Kulminationspunkt bereits überschritten. Trotz
199 3162 1359 3234 des feingeschliffenen, geistreichen Dialogs, der auch manche
197 3200 1356 3271 bedenkliche Aenderungen aufzuweisen hat, und trotz einiger
200 3256 1350 3313 Szenen von starkem Stimmungsausdruck, weist das Werk doch
196 3301 1352 3365 große Mängel auf. Schnitzler analysiert nur seine Menschen,
196 3345 1359 3392 anstatt sie zu entwickeln, dann ist das ganze ungemein in die
193 3381 1348 3447 Breite gezogen, es fehlt der konsequente Aufbau, die drama¬
198 3428 1354 3494 tische Spannkraft. Ein Dialog über psychologische Möglichkeiten,
190 3446 1356 3535 die übliche schmerzlich=süße Welt Schnitzlers, durchzittert gegen
199 3503 1339 3567 Schluß von leiser, einfacher Tragik, das ist „Das weite Land“.
198 3548 1351 3622 Unter Emil Reiters Regie nahm die Aufführung einen be¬
201 3589 1347 3662 friedigenden Verlauf. Die Konversationsszenen, namentlich
188 3625 1350 3687 des dritten Aktes hätten eine Beschleunigung noch vertragen
185 3665 1353 3731 können. Der szenische Rahmen konnte genügen. In die Haupt¬
198 3719 1345 3773 rollen teilten sich die Damen Hummel, Feim, Wittels und
186 3736 1345 3816 Sanden, sowie die Herren Koch, Rotmund, Köhler und Richter.
166 3797 1059 3859 Das Haus verhielt sich ziemlich zurückhaltend.
1983 478 2756 573 Klose & Seidel
1936 575 2831 628 Bureau für Zeitungsausschnitte —
1877 618 2862 693 Berlin NO.43, Georgenkirchplatz 21!
1977 742 2776 802 (Liest die meisten Zeitungen und ist das
1984 789 2781 859 bestorganisierte Bureau Deutschlands.)
2317 852 2835 937 wrst Wenkur
1845 885 2895 969 Zeitung.  saasssnennsenserAeseseeeRenesenenAesaaseassenen
2374 965 2658 1045 Stuttg
1840 1009 2886 1070 Ort:       eeesessesteteenser sesessee
1848 1116 2848 1182 Datum: RRR ERER RE —
1806 1225 3011 1319 7 u. Mannheim 15. Mai. Arhur Schnitzters 50jährigerg
1817 1304 2964 1375 Geburtstag sollte hier nicht spurlos vorübergehen. Man ehrte
2958 1320 3009 1380 2
1823 1340 2957 1424 ihn durch die Erstaufführung seiner neuesten dramatischen
1815 1379 2959 1454 Schöpfung „Das weite Land“. Tragikomödie in 5 Akten,
1812 1431 2955 1489 die bereits am 14. Oktober v. Is. an mehreren Theatern aus
2920 1486 2956 1518 *
1814 1476 2963 1541 der Taufe gehoben wurde. Was ist nun „Das weite Land“:
1815 1510 2992 1598 Lassen wir am besten den Dichter selbst reden. Im Gespräch
1823 1547 3001 1632 (Friedrich Hofreiter — Dr. Aigner im dritten Akt gibt es uns:
1826 1602 3003 1677 zuuch-den Mund des letzteren die Antwort: „Sollt es Ihnen!
1839 1632 2984 1732 noch nicht aufgefallen sein, was für komplizierte Subjekte wir
1829 1672 2981 1763 Menschen im Grunde sind? So vieles hat zugleich Raum in
1838 1715 2931 1806 uns —! Liebe und Trug . . . Treue und Treulosigkeit ..
1832 1750 2979 1846 Anbetung für die eine und Verlangen nach einer andern,
1818 1768 2982 1890 oder nach mehreren. Wir versuchen wohl Ordnung in uns zu
1830 1838 2972 1931 schaffen, so gut es geht, aber diese Ordnung ist doch nur etwas
1818 1878 2066 1940 Künstliches
2084 1905 2135 1940 "*
2136 1899 2969 1972 das Natürliche ... ist das Chaos. Ja —
1820 1930 2974 2013 mein guter Hofreiter, die Seele ... ist ein weites Land, wie
1812 1965 2972 2064 sein Dichter es einmal ausdrückte“! Also ein Seelenkonflikt,
1813 2007 2964 2103 zin neues erotisches Problem, die bekannte Welt des emi¬
1809 2058 2962 2156 nenten Psychologen Schnitzler. Der Träger der unbe¬
1814 2098 2835 2190 deutenden Handlung ist das Ehepaar Hofreiter.
2850 2131 2959 2189 Die
1804 2139 2966 2227 seheliche Harmonie ist schon längst getrübt. Schon löst
1805 2178 2965 2274 der Gatte das Liebesverhältnis zu einer Bankiersfrau
1798 2228 2964 2313 und steht im Begriff, ein junges Mädchen zu erobern.
1797 2272 2957 2358 Seine Gattin ist bis dato scheinbar gleichgültig teil¬
1794 2303 2952 2397 inahislos. Ein Pianist hat sich wegen verschmähter Liebe er¬
1797 2342 2963 2436 schossen und das Geheimnis liegt bei Genia Hofreiter. Diese
1803 2388 2952 2491 süberreicht dem mißtrauenden Gatten den Abschiedsbrief des
1801 2441 2950 2528 Selbstmörders. Der Tugendhaftigkeit Genias und der
1795 2479 2948 2564 hieraus entstandene Selbstmord gehen Friedrich un¬
1794 2528 2938 2616 gemein auf die Nerven. Er sucht darum Erholung in
1791 2566 2937 2660 den Tolomiten, wo er auch mit Erna, dem eingangs
1789 2609 2937 2697 erwähnten Mädchen, wieder zusammentrifft. Die Herzen
1796 2641 2936 2721 finden sich und Friedrich findet des Nachts Ernas Tür offen.
1782 2703 2936 2788 Doch quält er sich mit einer seltsam erscheinenden Eisersucht
1779 2736 2934 2825 und reist schon am folgenden Morgen wieder ab. Seine Gattin
1782 2775 2933 2861 hat mittlerweile ihre Revanchegedanken zur Tat umgesetzt und
1776 2818 2934 2912 sich mit einem Fähnrich eingelassen. Friedrich ertappt den
1774 2857 2928 2940 Eindringling bei der Tat. Ein Duell ist die Folge. Der
1773 2901 2928 2993 Fähnrich fällt. Friedrich will sich selbst dem Gericht stellen
1779 2955 2928 3032 und nach verbüßter Strafe in die Welt ziehen als Einsamer.
1780 2979 2921 3077 Vorher begrüßt er noch herzlichst die aus England heimkehren¬
1773 3021 2930 3121 den beiden Kinder. Alter, Schuldbewußtsein und Einsamkeit
1776 3070 2928 3166 ermöglichen vielleicht doch noch ein glückliches Zusammenleben.
1778 3115 2916 3195 Vielleicht! — Mich dünkt, Schnitzlers dramatische Schöpfer¬
1773 3160 2914 3251 kraft hat ihren Kulminationspunkt bereits überschritten. Trotz
1769 3192 2914 3292 des feingeschliffenen, geistreichen Dialogs, der auch manche
1768 3237 2912 3336 bedenkliche Aenderungen aufzuweisen hat, und trotz einiger
1758 3285 2911 3384 Szenen von starkem Stimmungsausdruck, weist das Werk doch
1763 3322 2920 3414 große Mängel auf. Schnitzler analysiert nur seine Menschen,
1766 3373 2910 3441 anstatt sie zu entwickeln, dann ist das ganze ungemein in die
1763 3405 2926 3518 Breite gezogen, es fehlt der konsequente Aufbau, die drama¬
1764 3450 2912 3555 ische Spannkraft. Ein Dialog über psychologische Möglichkeiten,
1768 3503 2900 3589 die übliche schmerzlich-süße Welt Schnitzlers, durchzittert gegen
1755 3543 2903 3627 Schluß von leiser, einfacher Tragik, das ist „Das weite Land“.
1762 3578 2895 3649 Unter Emil Reiters Regie nahm die Aufführung einen be¬
1757 3633 2903 3715 riedigenden Verlauf. Die Konversationsszenen, namentlich
1757 3679 2900 3767 des dritten Aktes, hätten eine Beschleunigung noch vertragen
1756 3709 2890 3799 sönnen. Der szenische Rahmen konnte genügen. In die Haupt¬
1751 3756 2891 3824 rollen teilten sich die Damen Hummel, Feim, Wittels und
1752 3779 2890 3896 Sanden, sowie die Herren Koch, Rotmund, Köhler und Richter¬
1750 3837 2623 3918 Das Haus verhielt sich ziemlich zurückhaltend.
1786 3896 2226 3955 *   —
2642 4157 2790 4221 —.—
