3392 4256
338 162 1302 277 24. Das weite Land
449 1544 1283 1647 Mloit & Seiatr
475 1642 1255 1730 Bureau für Zeitungsausschnitte
465 1709 1266 1802 Berlin IO. 45, Georgenkirchplatz 21!
677 1836 1084 1954 Cermania
417 1936 681 2013 Zeitung: —
718 2001 1282 2136 Korlin
430 2034 801 2120 Ort: —
414 2149 1297 2250 Datum:  - 11—
895 2333 994 2384 —
541 2359 1458 2459 Das Residenztheater benutzt den Umstand, daß
535 2426 1451 2497 durch den Reigenprozeß das Interesse seines
541 2452 1453 2535 Theaterpublikums verstärkt auf Arthur Schnitzlers
537 2493 1450 2561 Werke gelerfkt wurde, zu einer Nruaufführung der
544 2537 1450 2612 etwa 20 Jahre glten Tragikomödie „Das weite
553 2576 1449 2651 Land.“ Es ist gemeint das weite Land der
545 2615 1443 2684 Wandlungen, die die menschliche Seele durchmachen
544 2652 1460 2730 kann und schildert das Eheleben eines Wiener
538 2698 1457 2761 Fabrikanken, der ##ei von moralischen Bedenken mit
538 2741 1454 2811 rasch sich ändernden philosophischen Grundsätzen
543 2777 1438 2833 alles für recht hält, was seine erotiiche Leiden¬
542 2814 1451 2892 schaft herbeiführt. Aus seiner eigenen Untreue
528 2855 1445 2928 leitet er für seine Frau das Recht her, sich zu
530 2899 1449 2968 revanchieren und als sie es schließlich tut, erschießt
530 2943 1442 3003 er den Mitschuldigen im Duell, nicht aus Eisersucht,
529 2966 1439 3048 sondern aus Haß, weil er der glückliche Jungere ist,
533 3013 1438 3072 der mehr Chancen als er bei der Frauenwelt hat.
520 3057 1432 3121 Ein Thema — ganz für das Residenztheater passend,
520 3100 1435 3163 in der Tendenz eine Verteidigung der freien Liebe
515 3119 1442 3194 in der Darstellung ohne Schwülstigkeit. Arnold
517 3176 1435 3245 Korff glänzte in der Rolle des vielliebenden Fabri¬
513 3207 1432 3287 kanten, während seine Frau Genia von Irene
535 3249 1430 3327 Triesch mit hingebendem Verständnis gespielt wurde.
520 3283 1422 3355 Neben diesen Größen spielte nur noch Gertrud
525 3329 1416 3409 Welker als jugendlich=leidenschaftliche Tochter einer
519 3377 1439 3455 Schauspielerin eine Rolle. Das Haus zollte de¬
507 3408 1076 3483 Darstellern stürmischen Beifak.
1452 172 1873 265 box 29/4
1984 445 2806 541 Kioie & Seider
2013 539 2788 627 Bureau für Zeitungsausschnitte
2002 627 2793 695 Berlin NO. 45, Georgenkirchplatz 21!
2459 756 2850 865 Tageblatt
1958 841 2256 918 Zeitung:—
2604 855 2824 922 —
2443 901 2742 994 erin
1961 944 2833 1028 Grr.
1958 1061 2848 1142 Datum: EA
2520 1115 2738 1183 v.194
2256 1226 2982 1371 Das weite Land.
2058 1312 3153 1452 (Tragikomödie von Arthur Schnitzler.
2388 1417 2855 1503 Restdenz=Theater.
2037 1458 3243 1561 ((Schnitzler nennt es „Das weite Land“. Das klingt poetisch.
1991 1528 3246 1617 Zeigt er wirklich ein weites Land? Oder zeigt er ein Land mit
2010 1576 2615 1634 „unbegrenzten Möglichkeiten“?
2076 1622 3234 1698 „Das weite Land“ wäre die menschliche Seele. Ein Be¬
1999 1620 3220 1747 griff adeliger Art, himmlisch durchleuchtet. —— Das Land „un¬
2001 1696 3233 1789 begrenzter Möglichkeit“ ist ein Innenleben, wie es der Arzt und
2004 1740 3213 1853 Jude sehen mag. In dem Ausdruck „unbegrenzte Möglichkeit“
1999 1783 2729 1861 liegt eine materialistische Begrenzung.
2069 1826 3217 1923 Die „Lust“ des arischen Geistes will „tiefe, tiefe Ewigkeit“.
1990 1855 3225 1979 Die Lust des Juden ist an die Potenz gebunden. Die Klitterung
1988 1919 3225 2013 in der ganz großartigen Darstellung Arnold Korffs war, daß
1990 1958 3162 2049 sein Friedrich Hofreiter ein durchaus arisches Aussehen hatte.
2064 2004 3215 2092 Innerhalb solcher Begrenzung ist die psychologische Linien¬
1987 2033 3221 2147 führung Schnitzlers musterhaft, und nur ein überaus befähigter
1990 2095 3228 2183 Kopf vermag die fabelhafte Fülle von Komplikationen und
1989 2126 3214 2241 Nuanzierungen zu einem so gewaltigen psychologischen Gemälde
1989 2177 2344 2240 zusammenzufassen.
2051 2232 3216 2319 Die Tragikomödie (eine Bezeichnung, die schwer, aber schließ¬
1982 2247 3226 2341 lich doch zu begreifen ist) spielt in einem ibeallosen, somit¬
1971 2306 3218 2401 amoralischen Gesellschaftskreis. Hofreiter, ein Mann, der skrupel¬
1980 2355 3213 2428 los die Ehe bricht, so es ihm paßt, wird in zwei Situationen ge¬
1983 2385 3213 2484 zeigt. Zunächst macht er seiner Frau Vorwürfe, weil sie einen
1979 2428 3211 2543 Pianisten, der sich aus unglücklicher Liebe erschoß, nicht erhörts
1984 2477 3210 2586 hatte. Dann aber, als sie sich einem jungen Marine=Fähnrich
1975 2522 3199 2616 gibt, provoziert er ein Duell und erschießt ihn. — Also doch ge¬
1979 2562 3198 2665 sunde Eifersucht? — Eifersucht, wie sie gekränktes Besitzbewußt¬
1977 2606 3195 2692 sein aufschießen läßt? Nun, so einfach ist die Sache nicht; als
1971 2656 3193 2773 Hofreiter die Jugend frech aus den Augen des Gegners leuchten
1969 2691 3200 2815 sah, da wurde aus einer konventionellen Komödie ein Kampf um
1963 2734 2310 2795 Leben und Tod!
2037 2789 3194 2895 Wir Deutschen haben eine besondere Liebe zur Jugend, wir
1952 2816 3184 2924 helfen und fördern, weil wir den Glauben haben, daß sie unser
1963 2865 3188 2971 Werk vollenden wird. — Schnitzlers Hofreiter hat kein Werk zu
1958 2915 3177 3007 vollenden. In dem Jungen, der ihm seine Frau nahm, sieht er
1950 2949 3176 3035 nur einen Menschen, der noch genießen kann, wenn ex schon im
1948 2990 3182 3104 Grabe modert. Neid treibt ihn und dem Neid entsprungene Rache!
1952 3038 3184 3141 Mit der Duldsamkeitstheorie ist es aus, sobald er der Tatsache
1952 3088 3173 3183 gegenübersteht, denn diese Theorie ist nicht durch Ideale gefestigt,
1942 3117 3177 3223 noch auch im Gesetze vom Kampf ums Dasein begründet, aber
1944 3173 3174 3250 auch sein Neid fußt nicht auf diesem Gesetze: Hofreiter ist besessen
1943 3216 3186 3306 von einem krankhaften Egoismus, der keine Hingabe an ein
1930 3257 3168 3350 Werk kennt. (Was mit dem „Werk“ gemeint ist, mögen Inter¬
1931 3308 3154 3410 essenten in Hans W. Fischers Buch „Der Dreißigjährige“ nach¬
1939 3340 2095 3394 lesen.)
2004 3389 3163 3482 Die ausgezeichnete Aufführung, die Korff inszenierte, wurde
1920 3439 3169 3520 der Schnitzlerschen Plauderkunst, wie auch seiner Kunst, durch
1929 3474 3156 3566 wenige Sätze Situationen unheimlich emporzuschrauben. Die
1931 3506 3168 3625 Provokation des Duells, das konventionelle Gespräch Hofreiters
1926 3556 3151 3661 mit der nichtsahnenden Mutter des soeben Getöteten, sind
1918 3604 2678 3684 Szenen von atemraubender Spannung.
2004 3644 3157 3731 Außer der bis ins kleinste durchgearbeiteten, grandiosen
1919 3689 3141 3787 Leistung Korffs braucht man nur die Namen Triesch,
1912 3722 3157 3830 Bertens, Gertrud Weller, Josef Klein, Heinrich
1925 3768 3140 3874 Schroth zu nennen, um die Qualität der Darstellung zu charak¬
1909 3802 3142 3929 terisieren. Aber auch Giesela Schneider=Nissen, Franz
1901 3854 3128 3957 [Schänfeld und Harry Hardt haben Anspruch dorauf, ge¬
1907 3893 2256 3966 nannt zu werden.
2902 3940 3104 4014 K H. B.
