3248 4384
141 187 1736 317 24. Das weite Land box 29/2
57 1520 154 1665 4
976 1580 1151 1681 ——
2903 1601 3000 1697 M
26 1629 3080 1752 nd mit den Deutschen Wiens, denen Da Frl. Bruckschewska sich dieses lieferte Frl. Schrattenbach als Erna. Sie“
26 1705 3087 1809 er die ehrlichen deutschen Namen für Drama zum Benefiz ausgewählt hatte, war das traf die Täuschung des Publikums, welche
29 1758 1470 1835 erseuchten Lumpencharaktere gestohlen Haus sehr gut besucht.
1455 1765 2007 1836 Aber etwas sonderbar
1984 1765 3096 1850 Schnitzler beabsichtigt, am besten: man glaubte
26 1797 937 1872 leutsche Direktoren deutscher Büh¬
920 1813 1997 1874 nahm es sich doch aus, daß sogenannte gut
1981 1808 3077 1896 wirklich, ein deutsches Mädchen vor sich zu
31 1848 934 1914 lten solche den deutschen Namen schän¬
923 1853 2001 1938 [deutsche Familien zu diesem Stücke
1997 1863 3083 1932 sehen, während doch diese Erna ein orientalisch¬
24 1890 939 1973 üdische Unmoral nicht zur Aufführung
932 1893 1991 1974 auch ihre jugendlichen Töchter und Söhne ge¬
1989 1919 3078 2005 sinnlicher Judenbackfisch ist, wie man ihn zum
31 1947 947 2018 en; wollen sie schon Judenstücke geben.
923 1955 2000 2025 führt hatten. Wollte man der heranwachsenden
1996 1972 3066 2041 Glück in deutschen Familien noch nicht findet.
25 2003 937 2071 en siie lieber zu Rößlers „Fünf Frank¬
923 2007 1997 2080 Jugend zeigen, wie man es als Backsisch Erna,
1991 2014 3072 2101 Für den berufsmäßigen Ehebrecher Hofreiter
53 2052 1992 2123 zu Nathansens „Hinter Mauern“ usw.] oder als junge Frau Natter, oder als Fähnrich,
1987 2062 3076 2148 ist Herr Miksch nicht jene robuste, rücksichtslose
52 2087 941 2164 Da sollen die Zuschauer auch über die
918 2109 3073 2191 oder als Ehemann anfangen muß Ehebrecherei Kraftnatur, welche Schnitzler sich gedacht hat.
24 2124 939 2229 getäuscht werden, indem diese als lauter
915 2146 3070 2238 zu treiben? Denn Artur Schnitzler ist im „Wei= Herr Miksch spielte ihn mehr als intriganten
31 2173 3077 2253 ge auftreten, aber sie wissen, hier schil- ten Land“ ein sehr kundiger Führer im Ehe: Bösewicht und blieb dabei in dem jüdischen
58 2245 3077 2321 Jude die Inden, und darum lassen sie bruch. Er übertrumpft selbst die Pariser Ko= Milien, aus dem Schnitzler sich seine Figuren
41 2280 303 2357 t täuschen.
920 2301 2005 2369 mödienschreiber, die sich doch mit einem
1980 2315 3069 2389 geholt hat. Die kleineren Rollen waren fast
25 2321 929 2400 hitzler hat schon im „Jungen Medardus“
933 2354 1991 2419 „Dreieck“ der Familie zu begnügen pflegen,
1976 2356 3072 2436 durchwegs recht gut gespielt: Frl. Lerach¬
22 2389 937 2456 fener beschimpft, wie der Wiedehopf, der
916 2399 3063 2489 während Schnitzler uns gleich drei ehebreche= Frau Meinhold, Frau Czernitz=Frau Wahl,
23 2442 927 2507 ene Nest macht; er stellte sie als treulos
923 2452 3066 2515 rische „Domen“ vorstellt und natürlich auch drei Frl. Krüger=Frau Natter, Herr Weyrich,
22 2491 3064 2575 nkelmütig hin. Im „Weiten Land“ schile ehebrecherische Männer. Schnitzlers Dialog, der der auch die Leitung der Aufführung besorgte,
33 2521 933 2597 sie als sittlich verfault bis ins innerste
924 2550 2005 2631 als so geistreich gerühmt wird, ergeht sich in
1978 2555 3063 2628 als Bankier Natter, Herr Czernitz= Dr. v.
17 2578 951 2643 Das würde nicht so viel bedeuten, wenn
925 2599 3065 2683 geistreichelnden Redensarten, die verblüffen Aigner (Christomanus), Herr Andersen¬
10 2634 1994 2705 ück nur auf österreichischen Bühnen, wol sollen, aber meist platt zur Erde fallen; es
1976 2639 3068 2735 Dr. Maurer, Herr Marr=Fähnrich Otto, Herr
17 2691 3063 2802 och die Wiener kennt, aufgeführt würde. herrschte deshalb im Publikum eine Unruhe die Dekner=Paul Kreindl, Herr Lauberer¬
4 2736 1988 2810 Schnitzler hat dafür gesorgt, daß eine sich immer einstellt, wenn auf der Bühne lang¬
1982 2757 2969 2831 Stanzibes und Herr v. Jank o=Senknitz.
16 2780 927 2842 Reklame es auf alle deutschen Bühnen
919 2791 1717 2862 weilige Gespräche geführt werden.
2046 2791 3056 2874 Am Schlusse des vierten und des letzten
18 2831 929 2907 die Uraufführung fand gleichzeitig auf
988 2847 3059 2928 Frl. Bruckschewska hatte in der Frau Aktes erscholl starker Beifall, der aber weniger
6 2876 929 2948 hhnen Deutschlands und Oesterreichs statt.
916 2890 3051 2955 Genia eine ihr sehr gut liegende Rolle, die sie der Schnitzlerschen Ehebruchsverherrlichung als
11 2936 918 2997 berall belügt er daher die Zuschauer über
920 2942 3066 3022 auch in jeder Hinsicht recht glücklich durchführte, der im allgemeinen guten Aufführung galt. Es
3 2982 922 3051 harakter der Wiener Der Kölner, der
918 2989 3053 3077 Nach dem zweiten Akte wurde sie mit einer groe ist ein erfreuliches Zeichen, daß an derartigen
-1 3023 929 3119 Er weiß ja nicht, daß Schnitzlers Wiener
926 3040 3061 3095 ßen Menge Geschenke und reichem Beifall ge# Tragikomödien“ das Publikum hier noch nicht
9 3085 483 3161 iener Juden sind.
925 3093 2395 3184 feiert. Eine wirklich schöne Leistung — gut durch= Geschmack findet.
2879 3105 3020 3179 —dt.
910 3122 1949 3197 dacht, gut gelernt, gut gespielt und gesprochen —
