3392 4448
1326 163 1792 268 box 28/2
217 176 1176 290 24. Das weite Land
2885 513 3112 580 Seits 33
2235 516 2659 584 15. Sktober TeIT
1783 518 1978 584 ——
387 638 974 728 Wiener Fremdenbial
2853 568 3057 737 2
1669 614 2504 810 n-Beilage.
2950 775 3104 866 2
727 787 1053 882 15 10. 1917
1665 793 1901 896 L
3095 842 3150 935 1
1747 917 3141 1006 wohl es nichts ist als eine lächerliche Eitelkeits= und Ehren¬
800 964 1242 1071 Burgtheater.
1747 993 3145 1067 komödie, wie wir ja alle wissen.“ Und schoß ihn nieder.
1740 1039 3128 1105 als er ihm gegenüberstand und des andern „Jugend“.
314 1043 1728 1120 („Das weite Land.“ Tragikomödie in fünf Akten von Artur
1750 1091 3126 1157 „glänzen gesehen und lachen in einem frechen und kalten Aug'“.
516 1112 1533 1164 Schnitzler. Erstaufführung am 14. Oktober 1911.)
1743 1151 3148 1199 Einen „grauenhaften Menschen“ nennt ihn seine Frau, da er, nach¬
449 1147 1719 1238 „Die Seele ist ein weites Land“, sagt Dr. v. Aigner, der eine
1745 1172 3144 1248 dem er den Sohn erschossen, dennoch imstande war, der ahnungs¬
319 1220 1714 1280 der zwei Damenlieblinge in Schnitzlers neuem Stück, einmal zu dem
1746 1229 3143 1297 losen Mutter die Hand zu drücken; da er den jungen Menschen
327 1274 1722 1333 anderen, und zur Vorbereitung und Erklärung dieses Ausspruches
1743 1281 3145 1355 „nicht einmal gehaßt und ihn doch umgebracht“ hat. Aber wie wahr
323 1314 1728 1380 hat er unmittelbar vorher seinem Partner gegenüber ausgeführt:
1745 1352 3156 1396 ist wieder, was der Gatte darauf erwidert! „So einfach ist das
331 1372 1719 1435 „Sollte es Ihnen noch nicht aufgefallen sein, was für komplizierte
1745 1385 3144 1446 nicht. Hineinschau'n in mich kannst du doch nicht. Kann keiner. Die
336 1414 1726 1477 Subjekte wir Menschen im Grunde sind? So vieles hat zugleich
1742 1434 3156 1488 arme Frau Meinhold tut mir leid. Auch mein guter, alter Herr
321 1458 1724 1527 Raum in uns —! Liebe und Trug ... Treue und Treulosigkeit...
1750 1476 3139 1553 v. Aigner. Aber ich kann ihm nicht helfen. Nein. Auch dir nicht.
332 1520 1716 1581 Anbetung für die eine und Verlangen nach einer anderen oder nach
1745 1529 2298 1602 Und ihm nicht. Und mir.“
330 1566 1727 1631 mehreren. Wir versuchen wohl Ordnung in uns zu schaffen, so gut
1855 1583 3147 1641 So wird „das weite Land“ vielleicht zur schärfsten Satire auf
333 1606 1711 1686 es geht, aber diese Ordnung ist doch nur etwas Künstliches ...
1744 1633 3146 1696 das Duell als soziale Institution, da der Dichter uns zeigt, wie
747 1656 1100 1720 ist das Chaos.“
326 1655 685 1733 Das Natürliche
1746 1675 3147 1732 wenig wir selbst die letzten Beweggründe unseres Handelns be¬
446 1701 1718 1771 Ja, ein weites Land ist die menschliche Seele. Und sie sind so
1747 1736 3164 1790 urteilen können; und daß es so oft nichts ist als eine Farce, sein
333 1748 1721 1818 kompliziert und verschieden die menschlichen Seelen. Verschiedene
1756 1775 3146 1847 Ausgang so oft nur eine Frage der Stimmung und Laune des
331 1793 1736 1858 solcher in ihren Seelen komplizierter Menschen führt uns der Dichter
1747 1837 3146 1891 Augenblicks. Ja, es ist ein weites Land, die Seele und das Herz
319 1862 1726 1909 vor. Der Fabrikant Friedrich Hofreiter ist ein Musterbild solcher
1742 1868 3157 1956 des Menschen. Duelle aber gehören oft wohl zum Engherzigsten, was
329 1897 1726 1956 Kompliziertheit. Besonders wo die Empfindungen für die Gattin
1754 1926 2236 2003 dort vorbereitet wird.
330 1941 1734 2009 und für andere weibliche Wesen sich begegnen. Er liebte seine Frau.
1856 1968 3148 2050 Das Publikum schien zu Beginn der Vorstellung noch ganz
335 1997 1735 2054 Ja. Aber er liebte auch Adele Natter, die Frau seines Bankiers, und
1749 2026 3147 2085 unter dem Banne des schrecklichen Verlustes zu stehen, den es dieser
324 2056 1735 2115 zuletzt liebt er Erna, ein reizendes Mädchen, das, nachdem er sie bei
1753 2063 3155 2147 Tage mit dem Burgtheater durch Hartmanns plötzlichen Hingang
325 2101 1722 2162 einer Dolomitentour umarmt und geküßt hat, auf seine Frage, ob
1758 2137 3146 2195 erlitten. Da die Woche anfing, stand er noch auf der Bühne
334 2146 1736 2204 sie seine Frau werden will, einfach sagt: „Frau — nein“, auf seine
1747 2167 3142 2237 und hatte bei den Proben eben sein Bestes daran gesetzt,
330 2186 1734 2251 andere Anfrage aber, ob sie heute Nacht die Türe für ihn offen halten
1760 2216 3159 2293 den Doktor Aigner zu gestalten. Und nun liegt er schon
333 2234 1010 2320 wolle, noch einfacher „Ja sagt.
1753 2268 3157 2339 draußen, bedeckt vom kühlen Rasen. Das ist eben das Leben
442 2282 1736 2354 Darum ist aber Erna nicht etwa keine komplizierte Natur. Das
3053 2313 3145 2386 sich
1858 2314 2995 2391 das Menschenschicksal. Beim Theater zeigt es
1746 2331 1860 2392 und
334 2338 1736 2396 Leben trägt eben die Kompliziertheit in uns hinein, und wenn wir
1758 2368 3153 2430 nur so recht, wie schrecklich trostlos das Verhältnis zwischen Tätig¬
337 2377 1736 2446 noch so einfach veranlagt wären. Da ist alles voll Formalitäten und
1759 2418 3152 2476 keit und Leben ist. Im Rahmen des Spieles tritt da an die
331 2437 1718 2498 Regeln und Begriffen und Gesetzen, und wenn die Sachen noch so
1761 2462 3157 2528 Stelle des einen gleich der andere. Einer fällt, wie in einer
327 2495 1726 2547 einfach sind. Erna liebt Friedrich, und darum ist es ihr so einfach,
1760 2513 3159 2573 Schlacht geht aber alles gleich weiter. Vor den Augen der
343 2532 1731 2586 daß sie ihm gehört. Vielleicht eben, weil sie wirklich anständig
1752 2570 3152 2634 Zuschauer. Ein anderer tritt vor, die Reihen schließen sich
425 2586 1731 2644 nämlich auf inneren Anstand hält. Sie weiß ja auch, daß
340 2578 425 2643 ist,
1759 2602 3163 2670 und alle gebaren sich in der Vorstellung, als wäre gar nichts
332 2615 1734 2689 Friedrich sie nicht ewig lieben wird. Aber was liegt daran, da sie
1757 2655 3170 2728 geschehen. Und es ist ja auch gar nichts geschehen, als daß ein
340 2670 695 2745 ihn eben liebt?
1759 2700 3155 2776 Mensch, ein Künstler starb. Was liegt dem Tode daran, der ihn
447 2696 1733 2789 Zu den Exempeln komplizierter Menschen, die der Dichter uns
1762 2753 3161 2821 Dienstag rief, daß er Samstag wichtig „beschäftigt“ gewesen wäre?
332 2765 1734 2823 vorführt, gehört auch Dr. v. Aigner, der gegenüber Friedrich Hof¬
1762 2827 3160 2873 „Aequo pede“ pocht der Tod ja an die Behausungen derer, die be¬
330 2819 1744 2872 reiter die oben angeführte Theorie von den komplizierten Menschen
1766 2864 3168 2915 schäftigt sind, und derer, die nach ihren Lebensaufgaben eingeschätzt,
340 2875 1739 2936 und dem weiten Lande der Seele aufstellt, um zu erklären, warum
1756 2897 3160 2967 immer Zeit hätten für ihn. Darin liegt ja die schauerliche Erhabenheit
330 2917 1730 2981 er seine Frau, von der er geschieden ist und die er geliebt und
1765 2959 3172 3023 des Todes, oder wenn man will, seine Torheit und aufreizende
341 2960 1745 3031 dennoch betrogen hatte, eben betrogen hat? Dr. v. Aianer, oder
1749 3000 1935 3070 Roheit.
336 3031 1745 3082 vielmehr das Original der Gestalt, das hier dem Dichter hand¬
1876 3063 3156 3119 Die Rolle Hartmanns, den Doktor v. Aigner, spielte Herr
337 3070 1735 3128 greiflich vorgeschwebt hat, ist freilich selbst ein Musterbeispiel der
1760 3109 3159 3176 Devrient. Er brachte nicht nur überraschend viel von der
349 3110 1742 3168 herrlichsten Einfachheit gewesen. Aber das ist ja eben auch das
1759 3173 3158 3214 inneren Liebenswürdigkeit und der ganzen sympathischen Art, die
340 3163 1737 3219 Musterbeispiel der Kompliziertheit, wenn zu ihren Elementen auch
1762 3216 3173 3276 dem Vorbild, das sich durch seine gewinnende Kraft dem Dichter für
337 3204 1736 3270 die Einfachheit gehört. Und das war ja auch bei jenem Muster¬
1772 3249 3174 3318 diese Gestalt aufgezwungen hatte, innewohnte, sondern er spielte
348 3258 1746 3306 beispiel von Dr. Aigner der Fall, das, als Schnitzler „Das weite
1775 3296 3171 3367 ihn auch mit wohltuender innerer Geschlossenheit. Wenn Herr Devrient:
349 3305 1744 3352 Land“ schuf, noch unter uns weilte und vor kurzem erst dieser engen
1758 3351 3170 3414 vermag, sich diesen schönen warmen Ton innerer Klarheit immer gegen¬
349 3352 1739 3412 Welt entrü#t wurde. Gerade um seiner herrlichen Einfachheit und
1764 3410 3167 3471 wärtig zu halten, wird es ihm vielleicht gelingen, manche der großen
340 3402 1740 3450 Geradheit willen waren ihm auch so viele Männer aufrichtig und
1764 3443 3171 3520 Aufgaben restlos zu lösen, an denen bisher seine Kraft und sein
339 3452 1746 3511 von Herzen zugetan. Aber wie viele Mädchen und Frauen erst liebten
1762 3491 3177 3557 Organ gelegentlich brüchig wurden. Die männliche Hauptrolle war
345 3509 1752 3567 ihn um dieser herrlichen Einfachheit und Geradheit willen! Und er
1772 3549 3176 3619 durch eine furchtbare Laune des Schicksals ebenfalls in andere Hände
355 3562 1740 3617 hatte so viele von ihnen (und nicht immer nur nach einander)
1765 3586 3171 3661 geraten, als die dessen, dem sie zuerst zugedacht worden war; wo
356 3599 1749 3666 wieder geliebt. Weil es ihm eben so einfach und natürlich erschien.
1763 3635 3173 3703 man früher Kainz im Sinne gehabt hatte, hatte sich ja längst
456 3648 1749 3702 Die Ergänzung zu den männigfachen Figuren, mit denen
1768 3687 3162 3760 Korff vor unser geistiges Auge geschoben. Auch hier aber wurde
354 3679 1757 3740 Schnitzler seine Theorie von dem weiten Lande der Seelen und der
1765 3756 3162 3799 uns eine freudige Ueberraschung zuteil. Denn Herr Korff, dem ja
350 3747 1740 3807 Kompliziertheit der Menschen oder, was dasselbe ist, des Lebens,
1768 3796 3163 3859 gewiß manche schon längst sehr Gutes zugetraut hatten, übertraf doch
357 3794 1743 3847 illustriert, bildet ein Duell, in das schrill das Drama ausklingt. Auch
1765 3837 3170 3900 noch aller Erwartungen. Hatte Schnitzler einen wunderbar einfachen
360 3845 1752 3904 Frau Genia Hofreiter ist eine komplizierte Seele. Auch sie hat ihren
1778 3890 3168 3952 und ungekünstelten Dialog geschrieben, so sprach Korff eben diesen
354 3890 1746 3941 Mann geliebt, und liebte ihn vielleicht noch, da sie ihn betrog.
1772 3924 3173 4003 Dialog wunderbar einfach und ungekünstelt, und nur sehr wenige
359 3945 1754 4003 Freilich, mit dem Pianisten Korsakow betrog sie ihn noch nicht. Der
1779 3981 3163 4059 Stellen waren es diesmal, wo er die Gestalt und die Rede für
355 3990 1752 4051 erschoß sich, weil sie ihn nicht erhört hatte. Aber mit dem jungen
1774 4029 3164 4098 einen kurzen Augenblick, und auch da nur kaum merklich, von dem
356 4038 1760 4095 Marinefähnrich Otto, dem Sohne von Aigner und von dessen geschiedener
1784 4083 3197 4146 Standpunkte gleiten ließ, wohin der Dichter sie gestellt hatte.
358 4092 1757 4152 Gattin, der Schauspielerin Meinhold, da ging es schon anders. Den
1780 4144 3184 4195 In der Liebesszene nach der Tour auf den Aignerturm schien er
357 4129 1763 4195 ließ sie bereits des Nachts zu ihrem Fenster hereinsteigen. Dabei
636 4181 716 4210 1
360 4181 433 4230 Ja
