3392 4320
279 232 410 283 Wahl
283 273 409 320 Kra
275 307 418 363 Versi
574 397 1089 490 Theater und Musik
353 462 1403 525 G.J. W. München. Am Samstag gab es zwei „Urauf¬
287 510 1403 570 führungen“zugleich — beide von literarischem Charakter, beide
291 547 1413 598 von bekannten Autoren, obschon recht unterschiedlich in
277 586 1417 638 Wert und Kaliber. Das Residenztheater brachte in der
295 632 1402 682 neuerdings so beliebten Form der „gemeinsamen Urauf¬
299 674 1402 725 führung" (mit der Wiener Hofburg und dem Berliner
280 705 1413 764 Lessingtheater) den neuesten Arthur Schnitzler heraus,
285 741 1419 803 die fünfaktige Tragikomödie „Das weite Land“; drüben
280 783 1411 842 aber im nachbarlichen Schauspielhaus, kanteis homo novus
285 826 1414 876 dramaticus, freilich auf anderen literarischen Aeckern längst
280 857 1397 907 anerkannter Autor, Karl Ettlinger (das „Karlchen“
296 895 1402 956 der „Jugend“), mit dem dreiaktigen Lustspiel „Die Hydra“
288 937 1419 985 zu Wort. Ich besuchte die Schnitzlersche Uraufführung, von
296 975 1415 1043 Ettlingers „Hydra“ sach ich die erste Wiederholung am Sonn¬
303 1014 1427 1065 tag. Während merkwürdigerweise das sehr sein konstruierte,
299 1072 1424 1105 prachtvoll geistreiche Werk Schnitzlers das Münchener Pu¬
299 1090 1428 1143 blikum nur zu lauem und flauem Beifall begeistern konnte,
303 1134 1422 1185 hatte der derber zugreifende, kecke Satiriker Ettlinger ent¬
293 1189 1420 1224 schieden mehr Glück bei der „Hydra“ — worunter das p. t.
298 1226 1429 1263 Poblikum zu verstehen ist —; man berichtet mir, daß ihn
303 1258 1418 1308 bei der Uraufführung wiederholt lebhaftester Applaus an
293 1286 1419 1334 die Rampe rief, und auch bei der ersten Wiederholung scholl
307 1328 1426 1387 der Beifall kraftig zur Bühne hinauf und rief auch diesmal
307 1367 1421 1413 Ettlinger vor sein Publikum. . .. Arthur Schnitzlers Tragi¬
305 1405 1421 1461 komödie trägt den stimmungsvollen und rätselhaften Titel
310 1463 1435 1503 „Das weite Land“. Das klingt wie Musik, und das klingt
304 1483 1428 1532 ein wenig verliebt und sehnsüchtig; man denkt an einen
321 1529 1426 1580 Hügel, den man im Abendrot erstiegen und der eine weite
310 1560 1426 1611 Schau gewährt über flaches Land zu unseren Füßen, von
315 1605 1425 1655 Flußzügen belebt, mit Bäumen beladen, mit Dörschen be¬
310 1635 1425 1691 sät Man träumt sich ein Haus mit weitem Blick und selt¬
322 1676 1441 1743 samen Menschen und fremden Schicksalen; Schnitzler aber
316 1738 1426 1776 meint etwas ganz anderes. „Das weite Land“ ist ihm die
314 1749 1430 1807 Menschenseele, und zwar — versteht sich — „die Seele, die
319 1807 1434 1848 liebt“. So ungefähr sagt das der alte Lebemann und Liebes¬
309 1852 1430 1886 philosoph Dr. von Aigner, der nach einem bunten Leben,
308 1873 1428 1933 das ganz den Frauen gehörte und das ihnen immer noch
322 1916 1426 1972 gehört, droben am Veldeser Weiher in den Dolomiten ein
323 1969 1426 2005 modernes Alpenhotel leitet. Er ist nur eine Episodenfigur,
321 1990 1433 2037 aber eine prachtvoll gesehene, und da er über die Liebe
318 2048 1443 2081 philosophiert, indessen die anderen Gestalten der Tragikomö¬
313 2067 1436 2114 die die Liebe leben, ist er sozusagen der programmatische
313 2122 1443 2157 Chorus des Stückes — er hat in der Oekonomie dieses Dra¬
322 2143 1436 2194 mas eine Sonderstellung, wie sie auf der anderen Seite
316 2191 1442 2239 der Dr. Franz Mauer, Arzt in Wien hat: der freilich in
325 2232 1438 2277 einem anderen Sinn — er ist der einzige unter den etlichen
326 2268 1444 2320 zwanzig Menschen, der durchaus „reinlich“ ist und von
323 2296 1435 2352 amourosen Neigungen und spinösen Schrullen frei. (Herr
321 2356 1436 2397 Ulmer, der diesen aufrechten Menschen zu verkörpern hatte,
331 2381 1441 2430 leitete sich aus diesem erfreulich = erfrischenden Umstand
327 2426 1445 2476 das Recht ab, ihn in der wohlgetroffenen Maske Schnitz¬
671 2459 1438 2505 es fehlte nicht einmal die studentische
322 2466 637 2519 lers zu spielen
325 2499 1433 2549 Schlägerschramme über dem linken Auge.) Episodensiguren
325 2540 1446 2593 sind diese beiden: Aigner und Mauer. Aber Episodenfiguren
337 2590 1440 2628 sind schließlich alle Schnitzlerschen Gestalten, die da über die
320 2610 1438 2657 Bretter gehen, im Garten einer Badener Villa Tennis
333 2661 1446 2707 spielen, flirten und ehebrechen, die in den Dolomiten auf
328 2707 1442 2745 kecke Türme kraxeln und — flirten und ehebrechen. Sie sind
337 2727 1443 2778 Episodenfiguren, wie ihre Taten und Schicksale Episoden
326 2770 1442 2824 sind. mehr novellistisch aneinandergereiht als dramatisch ge¬
332 2809 1454 2857 strafft, epische Erlebnisse, die schließlich nur in einem
326 2846 1450 2901 Fall sich zu einem tragischen Konflikt steigern, ohne daß zu
335 2909 1462 2941 einer Tragödie, wie sie schließlich aus dem Konflikt erwacht.
333 2926 1453 2976 gerade ein zwingender Grund vorläge. Schnitzler empfand
338 2965 1451 3020 das selbst und taufte sein Stück auf den Namen der Zwitter
331 3002 1451 3052 und Wechselbälge: „Tragikomödie“. Die eigentliche Tra¬
341 3056 1446 3097 gödie, d. h. die eigentliche Handlung, die zum Abschluß ge¬
329 3100 1463 3123 bracht wird, beginnt erst im vierten Akt; was voraus¬
333 3138 1458 3173 geht, das ist ein Konversationsstück, das beispielsweise ein
332 3159 1452 3215 Schalk wie Otto Erich Hartleben zweifellos zu einem er¬
1208 3193 1453 3248 Handlung?
335 3198 1205 3272 schütternd=komischen Ende gebracht hätte....
336 3243 1461 3288 Ja, auch ein wenig (oder, wenn man des reichen episodischen
334 3273 1451 3330 Nankenwerks gedenken will, auch viel) Handlung ist da. Sie
341 3323 1455 3367 knüpft sich an die problematische Ehe eines Wiener Fabri¬
347 3356 1454 3407 kantenpaares. Friedrich Hofreiter, etwa vierzig Jahre alt.
342 3393 1458 3449 ist seit mehr als einem Dutzend Jahren mit der schönen Frau
340 3436 1461 3485 Genia, die so um die fünfunddreißig sein mag, verheiratet.
341 3479 1461 3521 Die beiden haben einen Buben, der drüben in England zum
340 3519 1455 3566 jungen Gemtleman erzogen wird, und sie haben beide ihre
342 3566 1465 3609 Liebschaften. Sie sind nicht geradezu leichtsinnig, die zwei.
351 3587 1459 3648 aber Er ist nun einmal so „erotisch veranlagt", und Sie ist
341 3625 1467 3684 unter seinem Einfluß und Vorbild, und weil sie sich an dem
348 3662 1464 3722 eitlen Manne rächen will, „so“ geworden. Freilich ist Frau
352 3703 1467 3751 Genia in ihrer Liebe immer noch idealer als ihr Gemahl,
347 3743 1466 3806 sparsamer in der Quantität ihrer Liebschaften und wähle¬
351 3786 1459 3834 rischer in der Qualität. Einmal war es ein russischer Klat
350 3815 1436 3873 viervirtuose — den hat aber Hofreiter „zur Strecke gebracht“:
355 3843 1450 3915 ein amerikanisches Duell, bei dem eine gewonnene Billard¬
359 3901 1450 3950 partie den Ausschlag gab, ließ ihn verschwinden. Das ges
350 3933 1458 3989 hört zur Vorgeschichte und zur Charakteristik. Dann, im
362 3972 1462 4018 vorliegenden Fall, ist es ein Marinefähnrich, ein junger
361 4022 1477 4067 Mensch von beiläufig zwanzig Jahren, der die erblühte Frau
353 4050 1475 4129 erfolgreich liebt. Sie gibt sich dem seinen Burschen in
2209 768 2270 824 6
2292 740 3021 879 Haneh Münchener Tagblatt
1994 769 2297 861 P. W. 100
2039 843 2299 913 K
2495 845 2780 919 München
2680 894 2913 986 I
2223 910 2696 1009 „Das weite Land.“
2045 981 2889 1042 Tragikomödie von Arthur Schnitzler.
2066 1038 2703 1092 Uraufführung am Reside
2051 1068 2947 1115 Die Handlung dieser Tragitomodie ist kurz
1985 1115 2950 1154 gesagt folgende: Der Fabrikant Hofreiter betrügt
1976 1147 2955 1205 drei Akte lang seine Frau, im vierten Akt revan¬
1991 1187 2954 1246 chiert sich seine Frau mit einem Marinefähnrich
1978 1223 2962 1271 und im fünften schießt der Fabrikant den Fähn¬
1985 1269 2949 1316 rich tot. Also das übliche Ehebruchsdrama ungefähr
1988 1301 2952 1353 von der Sorte, wie es uns die Franzosen von Zeit
1986 1345 2954 1394 zu Zeit herüberschicken. Nur daß Herrn Schnitzler
1976 1386 2952 1434 das dramatische Geschick fehlt, mit dem uns die
1979 1422 2974 1495 Franzosen manchmal über die Frivolität ihrer raf¬
1976 1462 2689 1522 finierten Machwerke hinwegtäuschen.
2049 1502 2946 1554 Auch dieses Stück ist — wie so viele andere —
1975 1547 2964 1597 nichts weiter als eine ziemlich durchsichtige Speku¬
1979 1581 2952 1627 lation auf die erotischen Instinkte eines gewissen
1978 1621 2943 1660 Publikums. Und damit man die Absicht nicht so
1986 1659 2951 1712 merkt, wird der Sache ein psychologisches Mäntel¬
1985 1701 2954 1752 chen umgehängt. So wie gewisse Ansichtskarten¬
1985 1736 2950 1789 händler ihre Nudidäten auch immer als „Kunst¬
1981 1777 2949 1825 werke“ ausschreien, damit die Polizei sie nicht kon¬
1986 1814 2134 1873 sisziert.
2056 1861 2944 1905 An sich interessieren uns nämlich der Fabri¬
1973 1879 2951 1944 kant Hofreiter und seine außerehelichen Seiten¬
1980 1932 2945 1986 sprünge gar nicht. Aber da kommt Herr Schnitz¬
1967 1972 2941 2023 ler und sucht uns diesen seichten Genießer und
1973 2026 2949 2062 elelhaften Knallprotzen als einen komplizierten Cha¬
1985 2050 2951 2092 ratter, als eine dämonische Helden= und Kraftnatur
1982 2091 2946 2146 hinzustellen. Er erzählt uns, daß die Menschen¬
1984 2131 2955 2178 seele ein „weites Land“ sei, in dem das Gute
1986 2170 2952 2209 und das Schlechte, die Treue und Treulosigkeit und
1972 2219 2953 2259 hundert andere Gegensätze dicht neben einander hau¬
1984 2243 2951 2297 sen. Hilft ihm aber alles nichts. Sein Held ist
1977 2285 2953 2328 und bleibt ein unangenehmer widerwärtiger Patron.
1974 2331 2938 2370 Und das Stück wirkt abstoßend, roh, brutal. So
1973 2363 2949 2406 wie Schnitzler uns die Menschenseele schildert, gibt
1980 2399 2946 2449 es in diesem „weiten Land“ nirgends liebliche
1981 2442 2963 2490 Täler und prangende Fluren, die der strahlende
1976 2481 2951 2535 Sonnenschein vergoldet, sondern nur finstere Ab¬
1984 2519 2960 2579 gründe, schaurige Schluchten und gefährliche Sümpfe.
1974 2559 2962 2607 Ein nebelgrauer Pessimismus schwebt über dem
1976 2607 2965 2651 Drama und man atmet nach dem letzten Akt ordent¬
1983 2635 2959 2702 lich auf, wenn man aus dieser stickigen Atmosphäre
1983 2677 2619 2721 herauskommt an die frische Luft.
2062 2701 2951 2758 Auch sonst ist das Stück ziemlich kitschig ge¬
1972 2759 2948 2810 macht. Die Handlung ist breit und dünn ausge¬
1972 2797 2961 2847 waltt wie ein Nudelteig. Es wird schrecklich viel ge¬
1970 2837 2958 2882 redet in diesem Drama. Einmal wird uns eine
1971 2868 2950 2914 halbe Stunde lang einzig und allein das Leben
1969 2914 2953 2960 und Treiben in einem Hotelvestibule geschildert.
1968 2947 2967 3001 Wenn wir so was sehen wollen, brauchen wir #
1973 2987 2954 3035 aber doch nicht ins Theater zu gehen. Auch ein
1967 3020 2945 3085 paar „Witze“ kommen in dieser Tragikomödie vor.
1983 3068 2945 3116 Jeder von ihnen löste bei den Zuhörern halbunter¬
1976 3110 2950 3162 drückte „An!“=Rufe aus. Was der Antor sonst
1978 3141 2942 3204 für Witz und Humor hält, ist weiter nichts als
1971 3180 2810 3233 ein abstoßender, ividerwärtiger Zynismus.
2051 3209 2946 3273 Am Sonntag, da wir das Stück sahen, fanden
1971 3263 2947 3315 die ersten Atte ziemlichen Beifall, der Applaus nach
1973 3304 2953 3343 den späteren Aufzügen galt aber wohl nur mehr
1963 3354 2944 3401 den Darstellern, unter denen besonders Herr
1976 3389 2945 3430 Steinrück als „Hofreiter“ und Frau von Ha¬
1976 3419 2947 3468 gen als „Genia“ hervorragten. Auch die übrigen
1970 3468 2950 3515 Mitwirkenden — wir nennen nur die Damen Mi¬
1968 3494 2950 3548 chalek und Dandler, sowie die Herren von
1967 3537 2943 3585 Jakobi, Ulmer und Graumann — gaben
1968 3578 2946 3628 sich mit den oft recht sonderbaren Phantasiegestal¬
1974 3615 2953 3663 ten dieser furchtbar geschraubten und konstruierten
1975 3661 2944 3704 Tragikomödie alle Mühe. Eine Mühe, die aller¬
1972 3697 2944 3765 dings einer besseren Sache würdig gewesen Päre.
