3392 4352
544 106 653 172 Da
314 100 1269 221 24. —weite Land
1423 113 1872 220 box 29//6
1040 812 2434 895 Frau Meinhold: Danke. Schon so früh aus der Stadt zurück?
1054 850 2445 942 Friedrich: Aus der Stadt? Nein. Ich fahre jetzt erst hinein.
985 894 2434 970 Ich hab nur meinen Morgenspaziergang gemacht. Ein ... herrlicher
979 945 1115 1004 Tag
1037 1006 2229 1090 Frau Meinhold: Sie haben eine schöne Reise gehabt.
1032 1060 2424 1144 Friedrich: Ja, sehr schön. Sehr schön. Ich bin höchst befriedigt.
979 1083 2150 1180 Gutes Wetter, interessante Menschen, was will man mehr.
1031 1149 2433 1237 Frau Meinhold: Ja richtig, ich habe Ihnen einen Gruß zu be¬
973 1193 1151 1262 stellen.
1023 1227 1762 1319 Friedrich: Einen Gruß? Mir?
1032 1301 2433 1382 Frau Meinhold: Sie werden sich ein wenig wundern. Einen
985 1342 1590 1414 Gruß von Herrn von Aigner.
1030 1393 1668 1468 Genia: Von Ihrem tten?
1023 1446 2425 1533 Frau Meinhold: Ja, heute früh. Eh ich von Hause fort ging,
965 1494 2420 1589 ist nämlich ein Brief von ihm gekommen, nach vielen, sehr vielen Jahren
967 1548 2426 1629 der erste. Und in wenig Tagen kommt er selbst. Eine Konferenz mit
973 1587 1577 1675 dem Minister, wie er schreibt.
1015 1642 2417 1738 Friedrich: Ja, natürlich, wegen der neuen Bahn. Wird groß¬
972 1684 2423 1774 artig werden, die neue Bahn. Übrigens wird er auch noch-einmal
973 1737 2416 1827 Minister werden, Ihr Herr Gemahl. Aberhaupt ein merkwürdiger Mensch,
975 1797 2357 1882 ein höchst merkwürdiger Mensch. Er hat noch eine große Zukunft.
1010 1842 2028 1934 Frau Meinhold: Glauben Sie das wirklich?
1013 1900 1745 1966 Friedrich: Warum denn nicht?
1013 1953 2414 2040 Frau Meinhold: Er spricht nämlich in dem Brief auch von
958 1971 1630 2062 seiner schwachen Gesundheit ...
1012 2053 2409 2124 Friedrich: Schwache Gesundheit! ... Auf Felsen klettern kann
954 2107 2413 2172 er allerdings nicht mehr, aber Minister werden, das strengt ja weniger
967 2142 2418 2235 an. Und der Absturz ist weniger gefährlich. Er ist übrigens gar nicht
955 2204 2405 2273 krank. Er ist das Leben selbst. Der überlebt uns alle. Pardon, ich
960 2244 2405 2330 kann natürlich nur von mir sprechen, wir können ja alle immer nur von
961 2285 2404 2378 uns sprechen ... (Lacht.) Ein sehr interessanter Mensch .. wir haben
964 2346 2398 2417 viel miteinander geredet . . . in den paar Tagen ... Ich hab ihn gern.
1013 2386 2410 2485 Frau Meinhold: Er scheint Sie auch sehr ins Herz geschlossen zu
947 2444 2413 2534 haben. Ja, es ist ein sonderbarer Brief. Rührend beinah. Und ein
953 2485 2291 2572 bißchen affektiert. Das wird er sich wohl nicht mehr abgewöhnen.
1002 2542 1854 2610 Friedrich: Nein, das kaum mehr ...
1007 2595 1917 2668 Frau Meinhold: Also auf Wiedersehn.
1001 2636 2405 2735 Friedrich: Auf Wiedersehn, gnädige Frau. Und wenn Ihr Herr
954 2680 2032 2772 Gemahl hierherkommt, unser Haus ist natürlich ...
2029 2713 2399 2785 Les amis de nos
946 2745 2010 2825 amis ... und so weiter ... Adien, gnädige Frau.
995 2786 1823 2861 Genia (begleitet sie ein paar Schritte).
996 2845 2385 2934 Frau Meinhold: Bleiben Sie doch, bleiben Sie doch, liebe Frau
941 2884 1622 2961 Genia. Auf Wiedersehn. (Ab.)
992 2933 1475 3010 Genia (rasch zurück).
1410 2989 1927 3080 Genia. Friedrich.
988 3025 1663 3119 Iniedrich (stand regungslos).
995 3092 1832 3167 Genia: Nun? ... Ailles . gut —?
981 3135 1760 3214 Friedrich (sieht sie an): Na ...! —
983 3185 1977 3275 Genia: Er ist verwundet —?! Friedrich!.
974 3231 1530 3307 Friedrich: Tot ist er!
924 3288 1414 3416 2 Rovemberbest vu
2222 3321 2362 3415 20
