3296 4320
1278 104 1733 191 box 29/1
589 120 659 180 W
159 114 1118 221 24. bas—ite-Land
296 1056 1573 1096 Bühne stehenden Leutchen in pathetischem Aufschwung vergessen
1603 1075 2865 1150 griffen. Es scheint aber, als ob deren Behandlung besser im
304 1089 1562 1140 hat, da greift auch Goldmark mit ihnen wacker fehl, da läßt er
1600 1112 2860 1166 Roman als im Drama erfolgt wäre. Jedenfalls weist der Dialog,
305 1141 1564 1184 blühende, prächtige Farben spielen, da wird er emphatischer
1601 1158 2856 1229 trotz einiger Kürzungen, die die Regie vorgenommen hatte, er¬
301 1176 1465 1235 noch, als sein Dichter, um ihn nur nicht im Stich zu lassen.
1593 1200 2870 1276 müdende Längen auf, durch die der Zuschauer nur schwer den
373 1228 1563 1292 Goldmarks Musik ist nicht die notwendige Aeußerung
1604 1243 2855 1296 Weg zum Verständnis der Absichten des Dichters findet. Da die
294 1270 1564 1325 eines gebieterischen Schaffensdrangs — sie ist der Ueberschuß an
1601 1288 2873 1362 Vorstellung erst gegen Mitternacht ihr Ende fand, muß die ein¬
303 1320 1562 1365 Können und Wissen, den er in jahrelanger ernster Beschäftigung
1602 1344 2728 1407 gehende Besprechung auf Montag vorbehalten bleiben.
295 1367 1555 1412 mit der Kunst aufgespeichert hat, den er mit vollem Bewußtsein
2583 1392 2803 1466 C. M.-R.
304 1405 1559 1453 von dessen künstlerischem Wert, mit sicherer Vorausberechnung der
297 1440 987 1507 Wirkung weise abwägend spendet.
1665 1450 2856 1532 rs. Berlin, den 14. Oktober. (Privattelegramm.) Arthur
372 1497 1563 1562 Daß er sich in der Wirkung nicht oder doch fast nicht täuscht,
1600 1476 2864 1564 Schnitzlers fünfaktige Komödie „Das weite Land“ konnte
291 1538 1562 1611 spricht für die Meisterschaft seines Könnens, ohne darum die
1596 1542 2861 1624 trotz einer klassisch vollendeten Regie und Darstellung das Publi¬
300 1589 1412 1649 angewandten Mittel immer und überall zu rechtfertigen.
1601 1585 2852 1668 kum des Lessing=Theaters nicht erwärmen. Man ap¬
373 1631 1567 1699 Die gestrige Aufführung war unter Herrn Kapellmeister
1602 1631 2856 1704 plaudierte zwar ein wenig nach den Aktschlüssen aus Achtung vor
294 1667 1561 1740 Selberg vortrefflich vorbereitet. Die Regie des Herrn No¬
1592 1674 2861 1764 dem Dichter, aber die verworrenen Fäden, in denen sich das
295 1721 1557 1786 wack hatte für viel Leben gesorgt — in der Postszene des zweiten
1600 1726 2860 1802 Hauptproblem der Handlung abwickelte, ließen das Publikum
293 1767 1550 1812 Bildes fast zu viel Leben —, hatte für die plumpe Forderung der
1605 1765 2861 1851 über die Absichten des Dichters im Unklaren, sodaß das ganze
296 1796 1552 1879 einzelnen Feerien einen verhältnismäßig annehmbaren Rahmen
1607 1809 2579 1884 Werk mit seinem gewaltsamen Schluß verstimmte.
299 1867 1561 1921 geschaffen. Frau Fleischer=Edel gab ihrer Frau Dot viel
294 1900 1564 1962 Drolerie und Wärme, Herr vom Scheidt war ein prächtiger
1891 1907 2528 1998 Hltonaer Stadttheater.
298 1943 1551 2009 John, Fräulein Lehmann eine allerliebste May. Das
1664 1979 2855 2050 Lope Felix de Vega Corstio, der im Jahre 1562 ge¬
299 1984 1557 2037 „Heimchen“ fand in Frau Puritz=Schumann die denkbar
1579 2022 2852 2087 borene spanische Dichter, hat, wie behauptet wird, etwa 1500
301 2029 1547 2099 poetischste Verkörperung, Herr Lohfing stattete den Tackleton
1589 2058 2859 2141 Komödien geschrieben, von denen er einige sogar innerhalb eines
293 2080 1551 2119 mit der ganzen Fülle der nur ihm in dem Maße eigenen drastischen
1580 2106 2852 2171 Tages begann und beendete. Diese unglaubliche Produktivität
296 2118 1557 2181 Komik aus. Herr Hochheim sang den jungen Seemann mit
290 2158 508 2213 Bravour.
1580 2151 2850 2231 kann nur einem Menschen verliehen sein, auf den auch die Erleb¬
1583 2200 2847 2278 nisse in außerordentlicher Menge und Fülle einstürmen, und
368 2187 1549 2277 Das Ganze fand lebhaften Beifall. Dem einen gefiel mehr
1587 2242 2844 2315 darin hat allerdings de Vega zahllosen anderen viel voraus,
301 2255 1547 2316 die idealisierte Alltäglichkeit, dem andern mehr die verkörperte
1588 2291 2855 2356 denn ein so reich bewegtes Leben, wie ihm, ist selten einem
303 2293 1289 2368 Poosie. Es ist eben für jeden etwas in dieser Oper.
1350 2311 1507 2375 M. I.,
1599 2329 2850 2412 Sterblichen beschieden. Er war Soldat, studierte dann, mußte
1597 2372 2850 2453 später eines Liebeshandels wegen wieder Kriegsdienste nehmen,
548 2399 1259 2499 Deutsches Schauspielbaus.
1588 2422 2839 2481 segelte unter Medina Sidonia auf der Armada gegen England
1583 2474 2842 2535 und machte den Untergang der gewaltigen Flotte mit, kam nach
363 2484 1554 2560 Hamburg hatte gestern gleichzeitig mit Wien, Berlin, Leipzig
1586 2510 2854 2588 Madrid zurück, wo er beim Herzog Alba Sekretär wurde, war
291 2526 1552 2592 und einem Dutzend anderer Städte die Ur=Aufführung des neuesten
1579 2562 2842 2634 dann gezwungen, da er einen Gegner im Duell tötete, in die
300 2581 1542 2644 Stückes von Arthur Schnitzler, der Tragikomödie Das
1585 2600 2844 2682 Verbannung zu gehen und mit seiner Gattin, die den Strapazen
296 2622 1552 2682 weite Land. Der Erfolg war sehr stark und der Beifall so
1579 2648 2852 2701 erlag, sieben Jahre unstät herumzuschweifen, kehrte 1595 aber¬
287 2669 1543 2744 anhaltend, daß mit den Darstellern auch Dr. Hagemann, der
1581 2696 2837 2764 mals in die Heimat zurück und wurde schließlich aus Gram über
295 2716 1553 2789 die Regie besorgt hatte, wiederholt vor der Rampe erscheinen
1584 2731 2845 2814 den Tod seiner zweiten Frau und seines Kindes Priester.
287 2745 1554 2836 mußte. Ob freilich dieser Beifall nicht mehr den ausgezeichneten
1589 2778 2847 2834 Rechnet man zu diesem wechselvollen Dasein, das selbst eine fort¬
302 2803 1553 2877 schauspielerischen Leistungen von Fräulein Elsinger, Herrn
1585 2827 2847 2904 laufende Kette von Romanen, Komödien und Tragödien war,
288 2859 1551 2920 Nhil und den übrigen Mitwirkenden galt, als dem Stück selbst,
1581 2873 2839 2939 noch eine außerordentliche künstlerische und dichterische Be¬
288 2894 1550 2966 diese Frage darf wohl aufgeworfen werden. Schnitzler hat hier
1597 2912 2860 2976 gabung, so wird man immerhin begreifen, daß das Resultat der
290 2930 1565 3032 sehr merhwürdige Probleme aus dem modernen Leben aufge¬
1586 2954 2858 3046 Addition nicht alltäglich sein konnte. De Vega wurde in noch
333 3043 583 3199 2%
572 3127 1968 3245 Kareeah, chuen
1972 3147 3006 3271 70 W.7500-0)-O.
