3392 4352
669 187 767 253 WC
1370 175 1823 276 box 28/2
258 176 1217 290 24. DasiteLand
1383 669 1468 741 eton.
525 805 2246 863 täuschen, mit denen der kluge Dichter sie besten Vorstellungen gegeben. Unter den
522 865 1370 917 ausgestattet hat; das ist alles nur Garderobe,
1380 874 2236 928 Schauspielern muß obenan Herr Korff ge¬
524 911 1379 965 nicht etwa Fleisch und Blut. Darum treten
1390 919 2235 964 nannt werden, den wir als Darsteller mo¬
519 959 1367 1010 auch die Episoden, für die der Dichter Mo¬
1382 955 2242 1017 derner Saloncharaktere schon oft zu rühmen
525 990 1379 1042 delle benutzt hat (außer dem Christomanos
1384 1006 2240 1048 wußten, der aber in dieser Schnitzterischen
525 1046 1371 1106 auch den Portier vom Semmering), um so
1391 1049 2235 1091 Rolle weit mehr geleistet hat, als man ihm
523 1088 1377 1141 viel lebensvoller hervor. Indem er diese
1390 1092 2238 1152 zugetraut hätte; so daß es den Anschein hat,
525 1131 1377 1182 Modelle zum Greifen deutlich hinstellt, will
1395 1140 2242 1196 als ob von dieser Seite ein vollgiltiger Ersatz
514 1178 1372 1217 er uns suggerieren, als ob auch seine Helden
1384 1181 2236 1228 für Kainz im Burgtheater selber im Ausreifen
521 1224 1365 1278 aus dem Leben gegriffen wären; aber ge¬
1391 1229 2239 1280 wäre. An dem einzigen, was man an seinem
520 1273 1362 1329 rade durch sie fühlt man den Unterschied nur
1391 1274 2230 1317 Hofreiter noch vermissen möchte, ist freilich
523 1308 1020 1371 um so deutlicher heraus.
1381 1314 2242 1374 der Dichter sein Mitschuldiger, der den Helden
606 1342 1371 1407 Noch ein Wort über das Lokal des
1386 1366 2243 1420 mit so wenig sympathischen Zügen ausge¬
518 1401 1376 1457 dritten Aktes. Es hat mich an einen Aussatz
1388 1404 2238 1451 stattet und diese Züge noch in besonderen
519 1442 1376 1501 erinnert, in dem Wilde in seiner paradoxen
1380 1446 2231 1509 Anweisungen für den Darsteller unterstrichen
519 1485 1370 1540 Art den Nachweis zu führen sucht, daß es
1385 1494 2247 1538 hat, daß eigentlich niemand begreift, was
523 1538 1375 1591 nicht wahr sei, was man gewöhnlich sage:
1383 1534 2241 1585 diesen Mann den Frauen so gefährlich macht.
521 1578 1371 1620 daß die Dichtung dem Leben nachfolge, es
1376 1583 2238 1641 Herr Korff spielt nicht bloß einen innerlich,
519 1619 1364 1670 folge im Gegenteil immer das Leben der
1390 1625 2236 1677 sondern auch einen äußerlich unangenehmen
526 1660 1365 1724 Dichtung nach. Hier ist es einmal wirklich
1385 1674 2237 1730 Menschen, an dem eigentlich nichts gefallen
524 1706 1374 1758 so ergangen. Das Hotel am Völser Weiher,
1378 1712 2239 1778 kann als die Eleganz und die Tournure.
516 1753 1379 1816 das im vorigen Jahre, wo Schnitzler seine
1379 1763 2241 1817 Auch Fräulein Marberg hat als Genia be¬
520 1791 1370 1850 Tragikomödie vollendet hat, noch nicht ein¬
1380 1814 2243 1862 wiesen, welch wertvolles Mitglied das Burg¬
520 1841 1363 1901 mal in der Absicht bestanden hat, ist in aller¬
1387 1851 2245 1906 theater an ihr gewonnen hat, in dessen En¬
522 1889 1365 1931 dings kleineren Dimensionen während dieses
1376 1897 2236 1944 semble sie sich schon mit dieser zweiten Rolle
520 1936 1372 1976 Sommers schon unter Dach und Fach ge¬
1385 1939 2237 1987 ganz sicher eingespielt hat. Sehr vornehm,
522 1982 1374 2017 bracht; und die Bahn von Atzwang, von
1376 1981 2239 2030 wie eine, die überwunden hat, und darum das
511 2012 1365 2078 der die Rede ist, soll als Schwebebahn zwar
1374 2029 2236 2091 Leiden der anderen, die noch nicht über¬
519 2068 1367 2109 nicht über Völs, aber über Sankt Konstan¬
1386 2069 2236 2119 wunden haben, nachzufühlen versteht, hat
507 2108 1370 2167 tin zum Weiher hinauf führen. Einen Aigner¬
1379 2110 2248 2174 Frau Bleibtreu die Schauspielerin Aigner
517 2163 1369 2208 turm und eine Hofbrandhütte wird man zwar
1379 2157 2243 2217 gespielt, während Herr Devrient, der für sein
522 2193 1372 2254 am Völser Weiher vergebens suchen und die
1379 2205 2233 2255 rasches Einspringen unseren Dank verdient,
524 2246 1363 2299 „Alpenrose“ die zwischen Kastelruth und
1377 2249 2244 2305 in der schnell übernommenen Rolle des
520 2285 1366 2342 Seis eine so herrlich gelegene Jausenstation
1374 2297 2234 2354 Doktor Aigner die sich hier notwendig ein¬
522 2333 1370 2394 bildete, ist leider eingegangen; daß aber der
1372 2342 2238 2397 stellende Erinnerung an Hartmann nicht
520 2378 1363 2423 schneidige norddeutsche Gast, der über das
1382 2386 2230 2436 ganz zu verbannen verstand. Als Bankier
516 2421 1367 2465 lange Ausbleiben seiner Wäsche klagt, nicht
1379 2429 2229 2487 und scheinbar unwissender Gatte der unge¬
518 2469 1368 2517 so ganz unrecht hat, kann ich aus meiner
1376 2478 2230 2527 treuen Frau gab Herr Heine eine seiner
510 2513 1360 2565 Erfahrung bestätigen. Vielleicht könnte das
1379 2515 2227 2562 besten Episoden; in der nicht geringen Kunst,
510 2552 1364 2610 Leben der Dichtung auch darin nachkommen,
1373 2564 2227 2604 aus ein paar Worten einen ganzen Charakter
511 2600 1367 2647 daß man von dem phantastischen Gedanken
1388 2610 2223 2658 mit nachlässiger Sicherheit auf die Beine zu
503 2637 1363 2698 des weitgereisten Gustav Wahl Gebrauch
1376 2641 2232 2708 stellen, darf er sich mit Mitterwurzer ver¬
517 2676 1354 2733 machte und die elektrische Beheizung des
1376 2695 2234 2756 gleichen. Als Doktor Mauer war Herr
519 2733 1358 2780 Weihers zu Badezwecken versuchte. Das
1376 2741 2232 2798 Paulsen recht an seinem Ort, wie immer, mo
514 2777 1357 2837 Burgtheater hat übrigens im Hintergrund
1372 2779 2222 2827 ein treuherziger Ton verlangt wird und ge¬
514 2819 1355 2876 sowohl die Schlerngegend als auch das
1374 2831 2228 2875 nügt, und wo er mit den Extremitäten machen
509 2866 1350 2914 Badener Helenental herrlich vergegenwärtigt.
1374 2876 2226 2940 kann, was er will; der sehr begabte Herr
517 2909 1361 2968 Schon in dem letzten Stück von Wilbrandt,
1375 2916 2219 2962 Höbling aber, der neulich als Sigfrid be¬
513 2955 1363 3013 wo die durch den Eichenwald dringende
1376 2958 2228 3018 wiesen hat, wie unrecht die haben, die ihm
510 3001 1353 3057 Sonne durch gemaltes Licht prächtig zur
1374 3006 2224 3062 das Talent absprechen, ist für ein Gigerl
506 3042 1358 3096 Wirkung kam, haben wir die erfreuliche
1375 3044 2231 3091 wie den Paul Kreindl doch nicht leicht und
512 3083 1358 3147 Gewißheit erhalten, daß die Veränderungen,
1371 3094 2221 3155 leer genug, daher hat er denn auch mit
512 3130 1349 3189 die in der letzten Zeit in dem Dekorations¬
1365 3135 2230 3195 seiner mißglückten Überraschung in den Dolo¬
508 3180 1351 3233 wesen dieser Bühne vorgegangen sind, jeden¬
1370 3186 2220 3236 miten jede komische Wirkung verfehlt. Als
509 3223 1359 3293 falls keinen künstlerischen Nachteil be¬
1366 3222 2227 3290 Erna setzte Fräulein Hofteufel ihre ganze
511 3258 673 3326 deuten.
1364 3275 2216 3327 Kraft ein und im ganzen auch nicht ohne
589 3298 1350 3374 Von dem großen Erfolg der Tragikomödie
1365 3320 2223 3361 Erfolg; aber von dem Dämonischen einer
510 3343 1360 3414 darf sich das Burgtheater keinen geringen
1380 3358 2219 3409 willensstarken Natur gab sie doch nur eine
509 3404 1350 3455 Teil auf die eigene Rechnung setzen; denn
1373 3404 2227 3459 leise Andeutung und vielleicht wäre Frau
511 3450 1357 3520 es hat unter Thimigs Leitung eine seiner
1373 3459 2224 3526 Orloff hier besser am Platze gewesen. Um
1374 3523 2208 3640 ncht den ganzen Zeitel abgnschreiben, sagen
1374 3579 2203 3693 wir noch, daß Herr Valaithy ein sehr ver¬
1365 3625 2206 3747 kanenerweckender Bergführer war und das
1345 3665 2203 3792 den Thinig den Porter vom Senmering
1345 3707 2205 3840 we es heiht, getren nach dem Origtnal,
2231 3609 3068 3728 ensach und schlicht gespielt hat. Also hofen
2219 3654 3071 3765 wir auch, daß das Burgtheater von dem
2225 3694 3059 3807 nenen Schulßter wie vom Medarbns uicht
2222 3744 3061 3866 voh die ehre, fonden auch den Gewimn
2210 3784 2489 3862 haben möge.
