3296 4320
1317 106 1764 198 box 29/1
616 118 693 183 W
189 119 1162 219 24. Das Seite-Land
83 469 397 533 och jahrelang
409 463 1560 548 druck. Im ganzen errang die Tragikomödie einen Ach¬
413 511 779 568 tungserfolg. —
754 521 809 565 —
792 522 1561 580 Breslau: Schnitzlers „Das weite
83 520 394 600 ebt in dem
401 541 1554 617 Land“ errang heute im Lobetheater einen Achtungs¬
97 570 383 639 seiner Frau,
408 596 1553 656 erfolg. — München: Im Residenztheater wurden die
89 618 414 681 delt zu haben.
405 631 1550 699 beiden erstenz Akte der Tragikomödie „Das weite Land“
100 662 386 712 gleichen An¬
404 672 1550 734 von Artur Schnitzler mit lauem Beifall aufgenommen.
99 697 385 751 erschieden ge¬
399 702 1557 780 Nach dem dritten Akt setzte stärkerer Beifall ein, der sich
91 736 388 791 Schmerz ihrer
406 747 1559 811 zum Schlusse zu einem durchschlagenden Erfolg
96 772 391 827 rs trennt sich
398 771 1551 834 steigerte. — Wien: Im Burgtheater hatte die Schnitzler¬
96 809 385 868 finstlerin ihre
396 824 1544 887 sche Tragikomödie „Das weite Land“ bei einer verhältnis¬
103 848 389 903 Weh der er¬
403 867 1548 929 mäßig guten Aufführung starken äußeren Erfolg.
90 894 376 946 urchzuringen;
403 901 1554 969 Schnitzler wurde nach jedem Akt wiederholt gerufen
98 928 378 978 Nann dadurch
403 935 840 994 und warm begrüßt.
891 950 1553 1002 Prag: Im neuen Deutschen
89 966 386 1033 littene Unbill
404 978 1555 1041 Theater wurde Schnitzlers Tragikomödie mit respektvoller
398 1012 1549 1080 Achtung, die namentlich dem Autor galt, ausgenommen.
89 1019 383 1096 ler in seiner
397 1055 1551 1125 Im Publikum machte sich aber kein besonderer Bei¬
85 1078 377 1136 gen Menschen
407 1091 751 1162 fall bemerkbar.
88 1118 384 1173 en Personen,
813 1111 1102 1198 —
89 1159 383 1214 en immer die
110 1195 377 1259 hat er hier
91 1232 376 1283 8 Milieu er¬
90 1275 379 1335 ig der Hand¬
129 1304 384 1362 Und darin
92 1336 377 1407 burger Auf¬
986 1315 1844 1465 shauscher Csorier. Wiesbrde“
92 1388 372 1455 rektor Hage¬
105 1432 376 1481 nallzu lang¬
98 1462 375 1528 stungen Herr
95 1504 383 1559 ten. Ihrem
95 1532 384 1610 r in warmer
158 1577 296 1643 F. R.
1296 1594 1626 1692 16 10. 1911
112 1643 376 1722 Bühnen ge¬
90 1679 382 1760 ückes liegen
2010 1723 3276 1789 Regie ebensoviel Dank, wie die Herren Nhil, Lang,Frl. Schi
99 1746 374 1794 r Schnitzlers
3041 1776 3305 1844 (Erna), son
2025 1782 3046 1829 Gebhardt und die Damen Ellmenreich, Elsinger
90 1787 373 1836 essingtheater
1281 1760 1769 1856 Das weite Land.
2026 1818 3045 1892 und Otto=Körner für ihre vortrefflichen Leist¬
91 1827 374 1878 fgenommen;
1202 1836 1825 1923 Von Arthur Schnitzler.
2855 1856 3015 1924 M. B.
91 1868 379 1919 echen könnte.
2032 1860 2197 1921 ungen.
89 1901 377 1951 nnover fand
1481 1889 1998 1983 XX Hamburg, 15. Okt,
95 1930 376 1992 fall bei vor¬
3076 1938 3288 2010 Zu den
1061 1959 2022 2033 Der Großbetrieb ist heute auf allen Gebieten
95 1977 387 2042 thur Schnitz¬
3036 1994 3272 2052 komödie „D
2602 1977 3009 2070 □ Mainz, 15. Okt.
120 2018 374 2068 Schnitzlers
1000 2007 2021 2055 der menschlichen Tätigkeit zur Parole geworden.
3044 2039 3291 2094 Uraufführn
99 2048 369 2114 raufführung
2066 2038 3035 2104 Die hiesige, gleichzeitig mit anberen deutschen
1000 2052 2027 2116 Das Vorrecht einer Uraufführung bleibt daher
3041 2083 3256 2135 ziger S
95 2098 370 2162 farken Ein¬
1003 2104 2022 2150 nicht mehr einer Bühne überlassen, sondern es
2012 2097 3039 2147 Bühnen, am Samstag erfolgte Uraufführung von
3036 2118 3281 2176 Uraufführn
995 2140 2013 2188 können sich auch 13 zu gleicher Zeit darin teilen,
2026 2138 3033 2188 Arthur Schnitzler's sog. Tragikomödie: „Das
3043 2168 3281 2217 und viellei
988 2168 2007 2228 wie Arthur Schnitzler es soeben bewiesen hat
2027 2176 3038 2240 weite Land“ fand trotz der flotten Wiedergabe
3034 2203 3290 2261 bei verschiel
997 2217 1977 2274 mit seiner Tragikomödie „Das weite Land“
2011 2226 3041 2284 nur einen mäßigen Erfolg. Man wurde nicht warm
3032 2243 3293 2312 Niete gezog
2012 2269 3036 2328 dabei und trotz der spannenden Verwickelung nicht
3044 2287 3280 2348 deres Los.
1059 2266 2015 2346 Es handelt sich, wie meistens bei diesem Autor,
2016 2309 3026 2359 genug gefesselt und gepackt, ja von vornherein durch
3037 2329 3277 2381 keinen prof
999 2329 2017 2393 um einen gutgesehenen Ausschnitt aus der sog. gu¬
2022 2351 3030 2405 den Titel geradezu enttäuscht. Unter einer Tragi¬
3035 2373 3282 2429 seines neu
1003 2373 2005 2429 ten Gesellschaft mit den schlechten Sitten. Alle
2017 2391 3033 2432 komödie verstehen wir wenigstens eine zwar tra¬
3045 2410 3287 2463 an den Aktl
995 2408 2011 2458 außerehelichen Liebesaffären, die da krenz und
2025 2429 3032 2481 gisch geschürzte Handlung, aber mit einem über¬
3041 2449 3292 2505 liche Beifall
992 2458 2013 2510 quer auftauchen und sogar zum Selbstmord und
2019 2472 3027 2530 raschend heiteren Ausgang. Es waltet jedoch über
3030 2486 3280 2550 Darstellern
992 2499 2016 2553 zum tödlichen Duell führen, werden damit erklätt,
2015 2514 3037 2560 dem Ganzen eine schwüle, ja peinliche Stimmung,
3124 2539 3184 2586 Das
3222 2535 3293 2586 we
993 2534 2006 2581 daß die Seele des Menschen das weite Land unbe¬
2024 2539 3040 2610 deren Albdruck kaum durch ein paar bons mots
3026 2559 3111 2636 der
995 2572 2022 2649 rechenbarer Empfindungen und Entschließungen
2020 2594 3041 2649 und durch einige mit einem burlesken Anflug ge¬
999 2620 1221 2681 darstelle.
2022 2637 3029 2689 zeichnete Figuren gemildert wird. Am gelungen¬
2018 2677 3033 2732 sten ist wohl der dritte Aktin dem Dolomitenhotel;
1051 2660 2018 2734 Von einer Geschlossenheit der Handlung ist nicht
2022 2718 3037 2773 doch da buschen auch so viele Gestalten nur skizzen¬
992 2719 2013 2761 viel zu spüren, auch ermüdet die breite Exposition
2023 2763 3025 2813 haft über die Bühne, daß keine davon dauernd zu
998 2757 2014 2804 in einer umfassenden Personengruppe. Mit dem
2028 2803 3030 2863 fesseln mag, selbst der nicht mit köstlichem Humor¬
990 2797 2014 2865 Dialog steht Schnitzler hier nicht auf der Höhe,
2024 2847 2533 2910 gezeichnete Schriftsteller.
995 2844 2008 2907 wie in seinen kleinen, pikanten und formvollen¬
987 2883 2019 2930 deten Einaktern. Er ist aber auch in dieser Tragi¬
2072 2894 3033 2963 Nebelhaft und unklar, wie der Titel: „Das
984 2927 2011 2978 komödie geistreich und der gewandte Bildner
3042 2946 3193 3000 dem Be
2027 2942 3032 3002 weite Land“, so zieht sich auch in langen Dialogen
997 2961 2010 3031 lebensechter Gestalten. Dadurch gewinnt jede der
3026 2987 3276 3042 ter dieses
2023 2996 3031 3044 verschwommen und verworren eine doppelte Lie¬
991 3006 2020 3054 Episoden, und episodenhaft ist das Drama, einen
3045 3016 3287 3082 vor deren
2022 3036 3033 3096 besgeschichte, die Fäden krenzweise verschlingend,
984 3045 2008 3103 besondern Reiz. Die Bühnenkünstler haben ein rei¬
3044 3069 3292 3132 unsagbares
2013 3054 3046 3144 dahin und streut mysterlöse Hinweise auf ver¬
995 3090 2016 3139 ches Feld der Betätigung, und auch in der kleinen
3040 3113 3282 3162 den, wenn
2026 3120 3028 3169 gangene Katastrophen mit ein. Es ist eben das
986 3129 2018 3181 Rolle der Anna Meinhold=Aigner kann die vor¬
3039 3151 3278 3204 würde, wei
2018 3152 3031 3216 heutzutage, namentlich in Romanen, so beliebte
986 3176 2011 3228 nehme Seelenplastik der Frau Ellmenreich leuch¬
3035 3195 3285 3245 vor ihr das
2024 3203 3026 3254 Thema der „Eheirrungen“, und es sehlt an einem
984 3211 2011 3266 tend in die Erscheinung treten. Dank ihrem ver¬
3029 3230 3288 3287 schauer höch
2014 3238 3033 3297 einheitlichen rasch zum Ende zueilenden Konflikte.
983 3262 2007 3308 tieften, überaus feinen Spiel, in welchem die Tra¬
3036 3272 3308 3329 ken. Die ei
2023 3286 3031 3339 Kommen dazu noch sonst mißliche lokale Verhält¬
992 3294 2005 3346 gik des betrogenen Weibes und die überflutend
3030 3315 3291 3369 Hofleiter se
2012 3320 3030 3374 nisse, das leider trotz wiederholter Rügen in der
991 3339 2007 3383 warme Mütterlichkeit sich begegnen, werden meh¬
3035 3359 3286 3410 auch den ju
2019 3363 3032 3401 Presse immer noch übliche Zuspätkommen, Schwä¬
985 3381 2004 3448 rere der Personen zu einer besonderen Bedeutung
3043 3399 3285 3451 seine Frau
2012 3391 3028 3455 tzen, Räuspern und Husten des Publikums bei zu
981 3415 1196 3479 erhoben.
3031 3438 3284 3491 fernen Dolo
2015 3444 3040 3508 leisem und zu raschem Sprechen der Darsteller, so
3039 3476 3293 3544 neue Liebsch
1045 3457 2007 3531 Das Publikum, das sich sehr zahlreich eingesun¬
2016 3484 3029 3542 schwebt man lange über dem Kern der Handlung
983 3513 2010 3573 den hatte, war in der erwünschten Premièrenstim¬
2024 3531 3034 3573 im Dunkeln. Von den Darstellern taten sich lo¬
975 3556 2005 3615 mung und folgte mit lebhaftester Teilnahme den 5
2015 3572 3031 3616 benswert hervor die Herren Harnak (Hofreiter),
992 3592 2005 3651 Akten, die stets von Beifall begleitet waren. Am
2015 3607 3031 3653 Schröder (W. Aigner), Knauth (Natter), de
986 3627 2016 3695 Schlusse war ein großer Erfolg zu konstatieren, und
2009 3626 3289 3694 Vogt (Dr. Mauer) und Hüner (Rhon); von starke Szen
1055 3685 3276 3759 ektor Hagemann erntete für seine geschmackvollel den Damen besonders Frl. Hermann (Genia), hentschieden
