3392 4320
150 102 361 147 TENEE
137 108 1366 194 die von der unseren und im lnstigen pointenreichen
882 178 1014 236 UTT.
1510 163 1867 253 Allgemeine
1878 172 2155 260 Zeitung
2783 191 3018 268 Seite 721.
604 266 1822 343 des nicht eben tiefen, aber unterhaltsamen und — wie schon
1834 298 3060 356 herzlichen Erfolg gebracht. Das Werk zeigt gegen früher sehr
603 328 1810 386 im Titel angedeutet — sehr anständigen Ettlingerschen
1839 353 3056 418 zum Vorteil eine etwas knappere, präzisere Fassung. Wenn es
596 372 1811 439 Stückes, weniger in der Entwicklung der Charaktere und in
1834 401 3052 448 trotzdem auch jetzt der Text von Gg. Fuchs nicht zu fließender
609 420 1823 489 der Wahrscheinlichkeit der Lösung. Als nämlich durch eine
1837 434 3057 519 dramatischer Gesamtwirkung bringen will, so liegt das im
603 471 1807 525 lustige Intrige hinter dem Rücken des ideal gesinnten Dichter¬
1834 495 3062 563 Stoff begründet. Der Roman des Cervantes hat den Schwer¬
598 523 1809 584 Direktors in diesem „Goethe=Theater“ ein grausam blödsinni¬
1832 545 3065 612 punkt seiner künstlerischen Bedeutung und Anziehung in der
596 571 1821 642 ger Schwank aufgeführt wird und beim Publikum einschlägt,
1832 596 3056 646 detaillierten Charakter= und Milienschilderung. Dafür ist aber
597 614 1808 687 läßt Ettlinger seinen guten Hans Lindt so sehr vom Glanze des
1831 635 3058 708 in einer Bühnendichtung kein Raum: darum muß hier trotz
600 672 1816 732 nun eifrig zuströmenden Goldes verblendet werden, daß er
1824 692 3047 762 der im ganzen geschickten theatralischen Arbeit vieles farb¬
597 717 1815 764 alle seine bisherigen Ideale über den Haufen wirft und nun
1831 725 3050 813 und interesselos bleiben. Das gilt so ziemlich für die ganze
598 763 1809 820 weit ärger als sein nüchterner, praktischer Kompagnon das
1833 781 3053 861 Umgebung des Haupthelden; die Versuche aber zu dessen eige¬
596 804 1810 884 französische Schwankrepertoire protegiert. Das Stück schließt
1832 835 3055 908 ner intimerer Charakterisierung, die notwendig zu langatmi¬
592 862 1805 914 mit dem fünfjährigen (!) Jubiläum dieses Goethe=Theaters.
1833 887 3050 956 gen Monologen, Soloszenen und dergleichen führen müssen,
588 910 1805 978 Hans Lindt ist zu einem ein bißchen unwahrscheinlich eitlen,
1828 931 3059 998 sind dem Fortschreiten der Handlung nicht eben förderlich.
589 978 1804 1025 auf seine Orden eingebildeten, reichen Tropf geworden, der
1829 973 3055 1035 Unter diesen Verhältnissen mußte natürlich auch der Kompo¬
589 1004 1801 1069 im Gelde schwimmt, eine Villa und Automobil besitzt, seine
1829 1038 3056 1084 nist den Dramatiker verschiedenlich hinter den musikalischen
582 1055 1807 1124 Liebe vom Theater heiratet und sich selber eine lächerliche
1834 1081 3052 1137 Genremaler zurücktreten lassen. Im übrigen offenbart er sich
593 1106 1804 1167 Jubiläumskomödie vorspielt. Vielleicht kam diese Wandlung
1838 1124 3058 1200 als ein Musiker von abgeklärt reifem Können und Empfinden.
593 1156 1808 1212 auch deshalb etwas schief und unwahrscheinlich heraus, weil
1827 1176 3060 1252 Den ziemlich konservativen Stil kann man nach dem Spruch
585 1213 1802 1277 Herr Waldau, der Darsteller Lindts, zum Schluß des Guten
1835 1234 3054 1298 „Wie er mußt, so konnt' er's“ nur gutheißen; Beer will eben
578 1261 1808 1306 gar zu viel tat. Seinen Gegenspieler gab Herr Peppler, den
1828 1290 3054 1347 nicht durch geistreichelndes Modernistentum nach bewährten
576 1305 1802 1369 beiden steht an Bedeutung der Rollen zunächst Fräulein Woi¬
1827 1321 3044 1396 Mustern bestehen: — er will nur sich selbst geben, und das ver¬
576 1356 1808 1420 wode in der Rolle der Schauspielerin und Ludwig Heller als
1828 1380 3043 1433 leiht seiner Musik den so sympathischen Grundton des Wah¬
576 1406 1801 1472 jüdischer Theateragent und späterer Mitdirektor Julius
1827 1427 3050 1486 ren, Aufrichtigen, unmittelbar Empfundenen. Die Technik
582 1450 1802 1520 Rosenberg — eine sehr gelungen dem Leben abgelauschte
1824 1470 3043 1539 ist eminent feinädrig — zu feinädrig fast für die Welt der
580 1507 1808 1568 Figur. Die Leutchen sprechen überhaupt alle sehr natürlich,
1826 1520 3053 1595 Kulissen, die eines gewissen al fresco nie so ganz entbehren
581 1557 1808 1605 und es gibt keine Längen und Lücken. Ja dadurch, daß man
1834 1570 3049 1636 kann; und doch — an der reich polyphonen und trotzdem
576 1594 1803 1667 das an sich nicht lange dreiaktige Stück mit nur einer einzigen
1829 1615 3054 1697 dezent abgetönten Orchesterführung und den kontrapunktisch
572 1651 1797 1716 Pause rasch herunterspielte, vermied man gerade den Fehler,
1821 1674 3051 1736 meisterhaften Ensembles kann jeder Musiker aufrichtige
578 1702 1792 1765 auf den wir oben nicht zum ersten Male bedauernd aufmerk¬
1825 1716 3053 1791 Freude haben. Die groteske Charakteristik der Tonsprache,
580 1744 1799 1817 sam machten. Sagt es einem nicht schon die gesunde Vernunft,
1826 1769 3056 1832 die der Stoff nahe legt, hält sich von jeder Uebertreibung
569 1798 1796 1848 daß selbst einem schwachen Stück durch ein rasches und tem¬
1821 1817 3041 1882 fern; daneben kommt zur rechten Zeit auch ausdrucksvoll edle
572 1831 1794 1910 peramentvolles Spiel eher über Untiefen hinwegzuhelfen ist,
1825 1871 3048 1940 Lyrik zu Worte, so daß sich ein auch durch Gegensätze an¬
572 1895 1804 1965 als durch das Gegenteil? Karl Ettlinger könnte bei allem Witz
1821 1917 2677 1985 ziehendes musikalisches Gesamtbild ergibt.
569 1950 1803 2005 und Geist nicht der erfolgreiche Satiriker sein, der er ist,
1898 1967 3040 2012 Die Aufführung unter Röhrs sorgfältiger musikalischer
574 1995 1790 2046 wenn ihm nicht auch ein tieferbohrender Pessimismus eigen
1822 2011 3031 2072 Leitung verlief im allgemeinen recht befriedigend. Im Mit¬
566 2048 1789 2111 wäre. Bei aller Heiterkeit des Sujets und der Handlung liegt
1818 2066 3029 2139 telpunkt des Interesses stand natürlich der stimmlich glän¬
578 2075 1788 2145 seinem Lustspiel doch eine ebenso ernste wie bekannte Lebens¬
1818 2124 3028 2189 zende, prächtig charakterisierte Don Quijote des Herrn Fein¬
563 2136 1792 2206 erfahrung zugrunde: Mundus vult Schundus. Wir werden
1813 2162 3038 2239 hals, der in Herrn Sieglitz einen würdigen, köstlich humor¬
568 2179 1783 2256 das Publikum nicht ändern, aber mitunter ist es gut,
1817 2223 3052 2289 vollen Sancho zur Seite hatte. Frau Tordek und Herr Buys¬
574 2240 1787 2297 wenn ihm, sei es ernst, sei es scherzhaft, ein bißchen
1815 2265 3040 2320 son als Liebespaar schienen stimmlich nicht sonderlich dispo¬
566 2286 1783 2356 die Wahrheit gesagt wird. Die Gerechtigkeit erfordert
1821 2319 3030 2384 niert; besser fanden sich Frau Kuhn=Brunner, Frl. Höfer und
567 2344 1792 2406 übrigens ausdrücklich zu bemerken, daß der Beifall, den
1818 2353 3032 2433 die Herren Bauberger, Gillmann und Lohfing mit den klei¬
571 2376 1784 2454 Schnitzler drüben im ausverkauften Residenztheater am
1808 2408 2274 2467 neren Füllpartien ab.
2272 2408 3032 2473 Die Chöre lösten ihre schwierige Auf¬
570 2439 1788 2491 zweiten Abend fand, zwar minder heiter, aber kaum weni¬
1819 2452 2271 2516 gabe ziemlich korrekt.
2293 2464 3025 2532 Wirks lebensvolle Regie wäre im
562 2483 1788 2536 ger stark war, als herüben im Schauspielhause bei Ettlingers
1813 2513 3027 2582 einzelnen etwas stärkere Betonung des grotesk Satirischen zu
561 2543 1784 2602 Hydra. Unbegreiflicherweise, aber wer lernt je das Publikum
1808 2557 2278 2619 zu wünschen gewesen.
2300 2560 3035 2636 Für den starken herzlichen Beifall
558 2593 1778 2652 aus? Ettlinger nennt es eine Hydra, also ein vielköpfiges Un¬
1819 2609 2624 2674 konnte der Komponist persönlich danken.
564 2636 1796 2707 geheuer. Es müssen also doch bei Schnitzler gerade die rechten
2338 2656 2977 2737 I. V.: Dr. Eugen Schmitz.
571 2684 1205 2740 Köpfe anwesend gewesen sein.
645 2740 1796 2799 Der Sekretär der Vereinigten Theater hat wieder seinen
567 2778 1782 2850 Almanach herausgegeben, in dem neben den herkömmlichen
553 2840 1792 2901 Porträten und Inseraten — die letzteren sind für den Leser
564 2879 1777 2946 eine ebenso wenig erwünschte Zugabe wie die höchst mangel¬
558 2921 1785 2989 hafte drucktechnische Ausstattung — das Resultat der vorigen
558 2976 1787 3046 Spielzeit gezogen wird. Daraus ist unschwer zu ersehen, daß
561 3025 1778 3097 im Schauspielhause wie im Gärtnertheater sehr fleißig ge¬
549 3081 1784 3146 arbeitet worden ist. Freilich des Bleibenden, das wir in die
560 3118 1785 3191 kommende Saison oder vielleicht gar noch weiter auf unseren
550 3165 1783 3229 Lebensweg mitnehmen, ist auch diesmal nicht eben viel.
556 3226 1772 3282 Eigentlich hat das Schauspielhaus nur ein einziges Stück her¬
551 3267 1776 3340 ausgebracht, das von Dauer sein wird. Es ist das Beste, das
557 3324 1765 3388 überhaupt die letzten zehn bis zwanzig Jahre gebracht haben:
549 3367 1771 3432 Korl Schönherrs Glaube und Heimat. Daneben nehmen wir
547 3422 1766 3476 in weltenfernem Abstand nur Schnitzlers Anatol und — das
542 3475 1777 3517 kleine Schokoladenmädchen in diesen Jahrgang hinüber. Noch
547 3523 1779 3559 viel trauriger freilich steht es bei der Operette, wo zwar immer
554 3563 1774 3636 noch einzelne der im vorigen Jahre zum erstenmal vorgeführ¬
540 3618 1775 3671 ten Operetten zur Darstellung gelangen, aber wohl nur einzig
543 3664 1771 3733 deshalb, weil nichts besseres Neues auf den Markt gekom¬
544 3704 732 3771 men ist.
1107 3743 1731 3834 Alfred Frhr. v. Mensi.
634 3831 1764 3922 Im Hoftheater ist am 14. Oktober nach dreijähriger Pause
549 3897 1769 3967 Beer=Walbrunns „Don=Quijote"=Oper zu neuem
546 3950 1768 4017 Leben erstanden und hat es abermals zu einem warmen,
