3296 4384
654 258 708 318 10
222 250 552 332 24. Da
509 253 1187 360 1te Land
132 974 950 1059 in es im stillen doch. Sie kennen ihre
130 1041 941 1116 bren, aber einander nicht festhalten zu kön¬
139 1096 948 1171 dieses Glückes nicht finden, beschmutzen
119 1122 950 1194 z nicht haben will, zersplittern sie sich.
134 1192 941 1251 es den Andern. Durch das Stück dröhnt
119 1254 949 1309 Ert nicht sentimental, sondern spricht bald
129 1295 940 1348 heln, bald hinter Scherzen verborgen ein
124 1337 943 1411 ächerheit aller menschlichen und gar aller
124 1390 938 1460 r die furchtbare Einsamkeit jeder bessern
128 1437 932 1509 losigkeit jedes Kampfes gegen diesen trau¬
125 1489 914 1550 nMenschen sind mindestens elf unglück¬
126 1542 770 1606 chlecht und recht auf der goldener
777 1547 890 1600 Mitte
119 1585 811 1660 ieben sind, womöglich noch unglück
838 1597 875 1649 ch
117 1634 731 1704 ntasie und des Fleisches, die
117 1679 716 1753 er ihre höchst erdhaften Genü
116 1728 707 1800 ehn sind glücklich, und das si
141 1790 756 1852 Land“ genau so gut „Der einsar
145 1830 704 1900 Dichtungen lautet nicht allei
130 1882 723 1948 mung und Umständen überein.
133 1931 641 1996 dem alternden Sala bedin
130 1977 705 2046 edingungslos zu dem alternde
145 2030 685 2089 liebe dich!“. Aber der „Eir
141 2087 673 2140 da zu sein, war auch volle
143 2126 723 2190 „Jahr der Bühne“ historisch
127 2177 700 2249 re Existenz als Herr Friedrich
119 2227 749 2297 ichterfabrikation oder seine Disfe
118 2283 739 2337 Eh nicht um die Brauche: aber
122 2322 719 2393 einschauen in mich kannst du
122 2370 773 2441 ert er seiner Frau. Bis auf den
123 2419 905 2495 er es leider unterlassen hat. Wir wollen
118 2474 919 2541 ls ein weites Land fast gar nicht kennen
118 2525 914 2587 ins mehr die mäßig komplizierten Men¬
121 2563 930 2630 ltet werden. Es konunt nämlich wirklich
117 2616 928 2674 e Menschen, sondern mit wie scharfen
117 2678 916 2749 schen hineinsieht. An Hofreiter ist viel¬
123 2722 924 2784 lügt, mit wie feinem Bewußtsein er lügt,
125 2769 930 2841 t nicht belügt — nur dieser eine Zug ist
117 2822 933 2887 um ihn lebt es. Das Theater hat Arbeit.
110 2867 926 2932 at sie sich nicht so leicht gemacht wie
111 2933 925 2977 chte ich in der Dunkelheit auf dem Zettel
133 2976 929 3036 weder Alfred noch Fritz Rotter sein
119 3026 921 3088 Arnold Korii, der genügend Oesterreicher
140 3076 920 3137 Geistigkeit bodenständigen — Komödie
132 3127 912 3181 süßer Stimmnung, von lächelnder Senti¬
113 3172 926 3233 er Heiterkeit zuzuwenden. Aber freilich
126 3219 920 3281 eHaus auch unerbittlich zutage bringen,
128 3261 935 3340 Hlotte Lustspieler Korff für ernste An¬
1352 253 1797 342 box 29/4
1353 987 2699 1057 wandlungen nichts in sich vorfindet, daß da sein Ton theatralisch
1350 1042 2698 1107 und vulgär wird. Seine Umgebung ... Man hat einige vaterlän¬
1344 1087 2704 1173 dische Altertümer ausgegraben und nicht durchweg an die richtige
1348 1135 2703 1202 Stelle gesetzt. Hingegen zeigt die hübsche Mademoiselle Annelise Halbe
1346 1193 2695 1279 in ihrer Jugend schon so wenig Talent für die Bühne, wie ihr Vater
1343 1244 2693 1314 Max erst nach seiner Jugend gezeigt hat. Ich halte mich an ein
1344 1282 2696 1366 Quarteit, das seine Lehrzeit bei Reinhardt und Brahm nicht verleugnet.
1335 1340 2689 1414 Heinrich Schroth bewährt sich von neuem als Spezialist für den ele¬
1344 1389 2688 1466 ganten Hahnrei, der aus Liebe nöligenfalls zum Salonstrizzi werden
1338 1433 2697 1510 würde. Josef Klein blickt mit der Klarheit anständiger Herzen in
1345 1481 2699 1560 eine einsame Zukunft ohne Erna Wahl, als die Gertrud Welker die
1340 1536 2690 1611 Verheißungen ihrer Anfänge in dem Grade erfüllt, daß nur die Gleich¬
1336 1593 2681 1658 gültigkeit des Publikums gegen schauspielerische Finessen mich hin¬
1328 1631 2689 1715 derte, nach ihrer dreiwortigen Liebeserklärung an Hofreiter, worin
1337 1686 2682 1744 Scham, Stolz, Ueberschwang, Leichtsinn und Kindlichkeit durchein¬
1333 1735 2693 1796 anderwirbelten, daraufloszuapplaudieren. Und zuletzt und zuerst die
1332 1780 2692 1837 Triesch. Welche Freude, sie nach so vielen Jahren — und in einer
1333 1835 2683 1904 passenden Rolle — wiederzusehen! Ihr Schicksal beklenunt, selbst wenn
1334 1882 2684 1946 sie nicht redet. Sie ist, als diese gequälte Frau, von Schmerzen umilos¬
1336 1922 2681 1995 sen. In ihren Augen, in ihrem Gang, im Krampf und in der müden
1328 1983 2681 2051 Abwehr der Hände — darin liegt, was Schnitzler mit seiner Dich¬
1334 2014 2693 2102 tung hat sagen wollen: daß die Verschmelzung von Seele und Seele
1325 2069 2486 2150 niemals gelingt, daß wir immer, inuner, immer allein sind.
1397 2211 2683 2306 Nachdem also hiermit bewiesen ist, daß man sogär die Koners
1331 2283 2677 2346 nicht zu beschimpfen braucht, sobald sie ihre Tätigkeit darauf be¬
1330 2333 2681 2408 schränken, den reichen Ertrag ihrer schön illustrierten Kundgebung
1321 2378 2675 2439 an die Annoncenleser der „Weltspiegels“: daß Schnitzlers „gewaltiges
1326 2429 2680 2495 Stück“ bei ihnen „congenial wiedergegeben“ wird, hinterm Kassen¬
1327 2477 2680 2539 schalter anonym und bescheiden einzustreichen — danach ist für
1328 2521 2671 2586 Herrn Saltenburg auch der dritte Mißerfolg nicht unbedingt ein Grund
1317 2580 2680 2648 zur Verzweillung. Die Muse Thalia hat ihm ins Säuglingskörbchen
1324 2632 2675 2674 die Gabe gesenkt, für schlechte Operetten so geschickt Lärm zu schla¬
1320 2668 2677 2743 gen, daß nicht einmal seine Unfähigkeit, sie erträglich zu inszenieren,
1327 2716 2672 2792 ihre Anziehungskraft vermindert. Ihn aber reißts unwiderstehlich
1324 2778 2665 2823 zu einem Mittelding zwischen Thalia und Melpomene, in höhere Re¬
1320 2821 2664 2879 gionen. Der Einwand wäre ihm zuzutrauen, daß es unter allen Um¬
1326 2874 2671 2929 ständen dankenswerter ist, Heinrich Lautensack darzustellen als die
1320 2914 2669 2994 Dioskuren Presber und Stein oder Neal und Bach oder Sturm und
1310 2967 2667 3026 Frehsee. Nur ist es nicht wahr. Einen harmlosen Schwank angemessen
1316 3014 2670 3090 wiederzugeben, ist wenigstens eine geschäftlich reelle Leistung. Ver¬
1310 3076 2669 3137 sündigung dagegen an einem Dichtergrab und Unfug in jedem Falle
1319 3115 2674 3175 ist es, zu einem „Hahnenkampf“ zu laden, nachdem man die wehrlosen
1317 3166 2672 3244 Hähne bis zur Erbarmungslosigkeit verschimpfiert: nachdem man
1316 3211 2660 3287 ihnen die Sporen abgetrennt, die Federn ausgerupft, die Augen ausge¬
1317 3246 2663 3335 stochen, die Schnäbel abgestumpft und die Nägel kurzgeschnitten hat.
2500 3321 2619 3390 555
