3392 4608
1307 311 1770 414 box 28/4
214 337 1222 429 24. Das weiteLand
830 1019 1681 1141 Märkische Volkszeitand., BA#□
1002 1274 1327 1372 917 10 1911
2168 1372 2309 1455 N
1710 1419 2813 1489 wenn man sich gegenseitig nichts vorzuwerfen hätte. Schließ¬
1704 1478 2835 1557 lich kommt Frau Genia dann auf eine Art von
705 1461 1545 1570 Theater und Konzerte.
1709 1514 2837 1590 Revanchegelüst. Sie setzt sich gleichfalls hinweg
1210 1537 1659 1610 Berlin, 16. Oktober.
1704 1568 2841 1640 über die Schranken des Rechts und der Sitte, und
591 1581 1682 1658 Im Lessingtheater fand am Sonnabend die Erst¬
1716 1609 2838 1682 Hofreiter bleibt bei dieser Entdeckung auch im Grunde recht
540 1629 1677 1693 aufführung von Arthur Schnitzlers Tragikomödie
1714 1664 2839 1713 kühl ohne Eifersucht, ohne Haß und Liebe. Aber er
560 1680 1693 1739 „Das weite Land“ statt. Ein eigenartiges Werk, ab¬
1710 1693 2838 1769 fordert den Begünstigten, er schießt ihn nieder, er drückt
547 1720 1695 1789 gefaßt mit einem besondern Geschick, die Menschen wie
1715 1744 2835 1805 nebenbei der nichtsahnenden Mutter des Getöteten bei seiner
552 1756 1691 1837 Schachfiguren hierhin und dorthin zu stellen, immer neue
1708 1794 2839 1851 Rückkehr vom Schreckensort die Hand, als ob nichts vor¬
554 1809 1702 1864 Gruppierungen zu finden, durch das Nebeneinander und
1707 1831 2840 1896 gefallen, er weist das junge Mädchen von sich, das sich an
562 1847 1696 1908 Durcheinander Kreiz und Quer des Auftretens und Abgehens,
1711 1874 2834 1936 ihn weggeworsen und das ihm jetzt folgen will, stellt sich
562 1892 1696 1944 der einander ablösenden und begleitenden Dialoge, der einander
1710 1916 2846 1978 dem Gericht und zieht dann vermutlich in die weite Welt
562 1935 1702 2008 durchschlingenden Geschehnisse den Eindruck des Lebens hervor¬
1706 1957 2345 2033 hinaus. Er konnte nicht anders.
553 1974 1701 2047 zuzaubern. Wenn dazu noch eine so geradezu glänzende
1751 2003 2848 2078 Wir fragen nach der inneren Mechanik nach der
559 2024 1687 2077 Inszenierung kommt, wie es im Lessingtheater der Fall war,
1720 2056 2837 2107 Psychologie dieser Seelen. Und Schnitzler belehrt uns:
561 2069 1698 2130 so scheint die realistische Lebenswahrheit perfekt. Im dritten
1709 2093 2860 2169 Die Seele ist ein weites Land, in dem es ganz wunderlich
560 2116 1697 2166 Akt beispielsweise ist das Vestibül eines Gebirgshotels auf
1710 2158 2830 2213 zugeht, und in dem sehr viel zu erforschen und zu ent¬
571 2155 1685 2210 der Bühne mit dem ganzen Betrieb der konkretesten Wirklich¬
1719 2191 2844 2247 decken ist. Das ist im allgemeinen sehr richtig, nur schade,
561 2204 1698 2274 keit, bis herab zu dem Liftboy, der klein und stumm und
1708 2236 2842 2310 daß bei diesen Entdeckungsfahrten in den psychologischen
567 2247 1698 2309 gerade vor seinem Fahrstuhl steht und ihn bald mit diesen,
1711 2276 2749 2343 Jagdgründen nicht etwas Besseres herausgekommen ist.
562 2295 1698 2360 bald mit jenen Gästen hinauf= und herabschweben läßt.
1759 2311 2851 2381 Ein weites Land ist aber auch das Drama selbst. Man
611 2335 1700 2397 Also ein Bild des Lebens? Es könnte einem Taub¬
1711 2368 2845 2439 sucht im Anfang vergeblich nach einem ruhenden Pol in
560 2368 1697 2439 stummen, der nur die Bilder in ihrer bunten Fülle sieht,
1711 2409 2840 2480 der Erscheinungen Flucht, nach der eigentlichen
570 2424 1696 2488 so scheinen, aber ein hörender, jedenfalls ein denkender
2290 2453 2848 2532 man sucht vergebens
1715 2456 2303 2534 Hauptperson des Stückes,
562 2467 1702 2537 Zuschauer muß es verneinen. Freilich, es gibt ja merk¬
1719 2488 2845 2562 nach einem leitenden Ariadnefaden aus einem Laby¬“
570 2512 1696 2584 würdige Menschen genug auf Erden, und unser Herrgott
2579 2535 2843 2607 in einem
2253 2545 2572 2604 man ertrinkt
1720 2549 1967 2610 rinth der
1954 2551 2259 2607 Situationen,
568 2550 1693 2618 hat die absonderlichsten Kostgänger. Auch sorgt von Zeit
1719 2580 2746 2648 Ozean von homerisch sprudelndem Wortreichtum,
557 2600 1700 2684 zu Zeit ein Prozeß à la Wolff=Metternich noch für die
1709 2631 2838 2693 Dialogen, in Pointen, scherzhaften und traurigen Erörte¬
567 2639 1703 2702 nötige Aufklärung. Aber immerhin: Wenn die Welt
1715 2676 2840 2735 rungen, die oft sehr gut beobachtet und fein herausgearbeitet,
556 2687 1699 2742 einfach so wäre, wie Arthur Schnitzler sie hier in einem
1720 2729 2848 2777 die einem aber doch die Frage aufdrängen, ob sich da ein
556 2720 1701 2796 bemerkenswerten Ausschnitt vor Augen stellt, dann könnte
1714 2766 2853 2837 Drama begibt, oder ob ein Roman die dramatische Jacke
557 2762 1705 2841 man Appent bekommen, jenem andern Arthur, Schopen¬
1720 2809 2532 2894 angezogen und auf die Bühne gestiegen ist.
566 2822 1697 2878 hauer nämlich, dem grimmen Frankfurter Pessimisten recht¬
1766 2847 2838 2916 Der Erfolg, soweit man das Fazit des Abends so sormu¬
566 2848 1700 2927 zugeben, wenn er meint, daß die Welt eben die Hölle und
1711 2904 2842 2964 lieren kann, gilt mehr dem früheren vielgerühmten und
571 2913 1702 2968 die Menschen einerseits die gequälten Seelen und anderer¬
1722 2944 2847 3006 viel bewunderten Schnitzler als dem gegenwärtigen, er gilt
553 2956 1116 3033 seits die Teufel darin sind.
1722 2997 2842 3048 auch in besonderer Weise der Darstellung. Irene Triesch
610 2984 1703 3071 Da ist ein gewisser Friedrich Hofreiter, der ein schönes,
1725 3041 2845 3094 spielte die Genia mit viel äußerer Hoheit und Haltung und
560 3032 1700 3099 freundliches Heim und eine sehr nette, liebe und brave
1720 3064 2854 3139 viel halbverschleiertem Seelenleid, Heinz Monnard gab den
564 3081 1703 3147 Frau besitzt, gegen die er selber aber nicht sehr lieb und
1726 3115 2851 3173 Hofreiter mit seinem seltamen Innenleben glaubhaft und ent¬
829 3131 1703 3185 rsturzt sich, von keinen Gewissensfragen und
566 3136 793 3198 brav ist.
1728 3156 2837 3227 schieden, ohne überflüssige Aeußerlichkeiten. Emanuel Reicher
576 3168 1713 3233 Skrupeln behindert, als rechter Don Juan von
1717 3191 2845 3262 agierte mit der Ruhe und Vornehmheit, die man auch sonst
562 3205 1713 3279 einem Abenteuer ins andere, macht aber seiner Frau gegen¬
1724 3252 2846 3305 bei ihm bewundern kann. Hilde Herterich bot eine
577 3254 1702 3335 über, die durch ihre Festigkeit Anlaß geworden ist, dab ein
1716 3295 2853 3355 bemerkenswerte schauspielerische Leistung in ihrer freilich
573 3289 1715 3368 junger russischer Klaviervirtnose Hand an sich legte, den peinlichen
1721 3334 2846 3398 nicht sehr erfreulichen Rolle als das Mädchen mit den
585 3353 1710 3406 Inquizitor und Herzenserforscher. Später sickert so etwas
1717 3388 2831 3436 ungezügelten Instinkten. Auch Carl Forest als Scheift¬
580 3384 1702 3461 durch, als ob Hofreiter am Ende in einer Art von ameri¬
1714 3411 2839 3495 steller, Kurt Stieler als Marine Fähnrich und Illa
583 3427 1706 3497 kanischem Duell selber den Selbstmord herbeigeführt. Die
578 3472 2845 3545 Schuldlosigkeit seiner Frau befriedigt ihn im Grunde gerade! Grüning (Frau Wahl) verdienen eine anerkennende Er¬
2442 3503 2845 3582 Joh. Mayrhofer.
590 3529 1945 3607 o wenig, wie alles andere. Es wäre vielleicht ganz nett, 1 wähnng.
