3344 4608
475 80 1632 135 flächliches Interesse an
396 124 1620 163 der Entwicklung der Schaubühne nehmen. In Reinhardt ist das
395 169 1633 211 Bedürfnis nach einer mächtigen Resonanz immer dringender ge¬
392 202 1638 239 worden, und es ist gar nicht so unbegreiflich, daß er nach der Episode
394 238 1630 292 der intimsten Kammerspielkunst in das Extrem des Volkstheaters
394 277 1628 328 der großen Massen verfiel. So rückhaltlos und ausschließlich hat er
403 325 1636 371 sich diesem Gedanken hingegeben, daß man in der Tat derzeit im
404 355 1631 395 Deutschen Theater und in den Kammerspielen seines reichen
397 396 1640 451 Künstlergeistes kaum noch einen Hauch verspürt. Er ist ganz der
398 440 1635 490 Mann der Zirkusaufführungen geworden und reist als eifrigster
392 471 1638 513 Propagandist seines neuen Glaubens unermüdlich durch die Lande.
406 520 1640 556 Das Dogma dieses neuen Glaubens aber hat kürzlich einer seiner
397 551 1644 593 Apostel also formuliert: „Bewegungen, die zwischen den Einzelnen,
401 600 1643 641 den Spielern, entstanden sind, werden von den Hunderten, dem
406 631 1649 680 Chor, aufgenommen; die Linien werden größer, der Rhythmus
407 671 1651 720 klarer, die Erregungen des Individuums erhöhen sich zu Mensch¬
397 706 1644 747 heitsgefühlen. Zuletzt ergreifen sie die Tausende, den stummen
403 759 1635 797 Chor, das Volk — die Zuschauer. Aber lugt nicht schon durch
399 788 1647 836 diese Formulierung hindurch das Gespenst der Schablonisierung?
399 835 1658 857 Wir haben Reinhardts „Odipus“ in der Arena erlebt und waren
410 863 1653 901 größtenteils verblüfft durch die Kühnheit des Gedankens und die
408 901 1645 982 Neuartigkeit seiner praktischen Ausführung. Jetzt, 100 wir =
440 952 1672 1025 zuvem mit erheblicher Verspätung nach München — auch des
437 1023 1665 1069 Aschylos' „Orestie“ in die Manege verpflanzt sehen, fällt für
450 1058 1662 1103 uns der Reiz sensationeller Neuheit weg, und die Möglichkeit der
442 1079 1665 1142 Vergleiche mit jenem ersten Zirkusbedüt schärft den Blick für die
432 1135 1672 1182 kritische Unterscheidung. Und da machte es nun der Freitagabend
441 1167 1678 1228 im Zirkus Schumann klar, daß für Reinhardts Schritt von der
442 1210 1671 1254 Bühne zur Arena im letzten Grunde nur etwas ganz Außerliches
431 1253 1666 1284 bestimmend gewesen sein wird: die Überzeugung, auf diesem Boden
440 1293 1669 1343 von seiner hervorragenden choreographischen Begabung einen viel
433 1334 1663 1370 ausgedehnteren Gebrauch machen zu können. Es ist eine nicht weg¬
437 1382 1683 1423 zuleugnende, durch die Zwiespältigkeit der Darstellung unwider¬
440 1412 1664 1459 leglich erwiesene Tatsache, daß der Chor und seine rhyihmische Ab¬
440 1440 1664 1506 könung in Sprache und Bewegung für Reinhardt den Angelpunkt
428 1491 1669 1523 seiner Regietätigkeit bedeuten, daß ihm diese reflektierende Bei¬
433 1526 1667 1577 läufigkeit mehr gilt als das Drama selbst. Es ist im Grunde
431 1566 1663 1625 herzlich gleichgültig, ob er den Aschylos in einer übersetzung von
422 1599 1669 1662 Vollmoeller oder von irgend einem gelehrten altklassischen Philo¬
421 1653 1664 1704 logen spielt: der Geist der Dichtung gibt ihm keine bestimmenden
427 1683 1670 1735 Momente für den Charakter der Inszenierung, — es ist nur das
432 1720 1672 1772 äußere Zubehör, das er mit effektvoller Opernhaftigkeit heraus¬
425 1770 1663 1819 arbeitet. So bleiben in der Erinnerung einige höchst raffinierte
427 1807 1663 1854 optische und akustische Wirkungen haften, aber von einem er¬
426 1845 1666 1901 schütternden Gesamteindruck kann keine Rede sein. Fast könnte
430 1882 1665 1926 man vermuten, daß Reinhardt die Nebensächlichkeiten absichtlich
421 1923 1671 1964 so prinzipiell zur Hauptsache macht, weil er fühlt, daß er den
424 1961 1676 2012 dramatischen Gehalt der Dichtung mit seinen Darstellern doch nicht
434 2001 1668 2069 ausschöpfen kann. In der Besetzung wenigstens, in der er hier die
425 2038 1671 2080 „Orestie aufführte, wurden außer dem Orestes (Herr Moissi) und
421 2081 1656 2126 der Kassandra (Fräulein Dietrich) Leistungen geboten, die dem
426 2119 1660 2166 Aschylos bald mit einer beinahe parodistischen Pathetik, bald mit
422 2155 1663 2202 den simpelsten Konversationstönen beizukommen trachteten und
428 2181 1669 2268 nirgends auch nur bescheidene Anzeichen von einer einheitlichen
416 2239 1224 2300 Stilabsicht des Regisseurs erkennen ließen.
505 2284 1659 2338 Wie verständnisvoll und innig war dagegen das Regisseur¬
414 2328 1654 2363 bemühen um Arthur Schnitzlers neues Werk „Das weite
426 2363 1663 2415 Land“, das Sonnabend abend im Lessing=Theater, zugleich mit
425 2415 1663 2454 einer Reihe auswärtiger Bühnen, die erste Aufführung erlebte. Da
430 2442 1654 2495 zu ihnen auch das Hamburger Deutsche Schauspielhaus gehört,
421 2483 1656 2525 braucht hier über den Inhalt des Stückes nichts gesagt zu werden.
415 2527 1660 2577 Das viele Ungreifbare und Unbegreifbare, das die langen fünf
421 2560 1649 2611 Akte bergen, bringt die schauspielerische Interpretation oftmals in
423 2579 1661 2656 arge Verlegenheit. Da es dem Dichter nicht gelang, die seelische
425 2632 1661 2685 Kompliziertheit seines Helden, die auch das Wesensmerkmal der
420 2694 1655 2733 Gattin ist, künstlerisch zu klären, erwächst den beiden Darstellern
422 2730 1658 2772 die wieder einmal von der eigenschöpferischen Bedeutung der Schau¬
425 2752 1648 2815 spielkunst Zeugnis gebende Aufgabe, von der Notwendigkeit und
431 2793 1654 2842 inneren Wahrhaftigkeit der Charaktere, von der Zuverlässigkeit der
429 2838 1654 2885 Psychologie zu überzeugen. Was hier in dieser Hinsicht Herr
424 2876 1658 2922 Monnard und Frau Triesch leisteten, scheint kaum überboten
424 2914 1653 2962 werden zu können. Durch eine unendlich feine und graziöse
425 2965 1658 3011 Nuancenkunst erhellten sie immer neue, dunkle und geheimnisvolle
422 2993 1655 3033 Abgründe des weiten Landes der Seele, fanden da, wo der Dichter
425 3032 1655 3086 gewissermaßen nur geistreiche Erklärungen über die Geographie der
428 3073 1660 3121 Liebe gab, echte Laute unmittelbaren Erlebens und zwangen so
416 3107 1664 3158 die Hörer, den überraschenden Schritt von der plaudernden Komödie
417 3144 1659 3193 zur urplötzlich aufgepfropften, der überkommenen Requisiten sich
422 3192 1657 3242 bedienenden Tragödie in fast nachtwandlerischer Willenlosigkeit mit¬
420 3231 1649 3276 zutun. So wurde geradezu eine Spannung auf die Entwicklung
426 3266 1649 3316 der Handlung erzeugt. Gewiß nichts Geringes bei diesem Dichter
418 3305 1662 3365 der Handlungslosigkeit. Aber wie sein innerer Reichtum es ihm
419 3352 1648 3396 vergönnt, in fünf Akten ohne Handlung auszukommen, so vermag
421 3378 1655 3435 die ganz auf innere Wirkungen gerichtete Schauspielkunst des
427 3419 1679 3494 Leisina=Theaters auch solchem. des feiten dramatischen Gerüstes
459 3694 1695 3777 entbehrenden Werke die Glaubhaftigkeit realer Existenzmöglichkeit
477 3743 1704 3807 zu geben. Es ist eine innere Verwandtschaft, die Brahm immer
470 3768 1725 3849 wieder zu Schnitzler hinzieht. Sie begegnen sich irgendwo im
452 3823 976 3905 weiten Lande der Seele.
2214 96 2994 195 Vanziger neueste Nachrichten.
2399 267 2713 359 M7 10 1911
2271 416 2854 485 Der neue Schnitzler.
2088 467 3093 551 Man schreibt uns aus Berlin: „Die Seele ist
2048 522 3103 578 ein weites Land. Unter diesem Motto vereinigt
2046 568 3100 630 [Schnitzler in seinem neuen Drama, der fünf¬
2048 591 3099 647 aktigen Tragikomödie „Das weite Land“, die
2047 649 3096 687 lam Sonnabend ihre Erstausführung im Lessing¬
2043 678 3101 743 [Theater erlebte, die Lebenswege und Seelenschick¬
2050 725 3098 769 sale einer ganzen Reihe von Menschen. Ein Aus¬
2058 755 3098 812 schnitt aus der modernen österreichischen Gesellschaft,
2049 796 3096 852 bald im Sommeraufenthalt zu Baden bei Wien, bald
2049 847 3103 887 in einem fashionablen Tiroler Hotel am Völser
2053 874 3109 925 Weiher, spiegelt sich in einem bunten Kranz
2057 909 3095 987 von psychologischen Auseinandersetzungen und an¬
2057 963 3095 1011 mutigen Causerien, in denen der Schöpfer des
2055 990 3106 1063 „Anatol“ heute der unerreichte Meister ist. Diese
2048 1036 3109 1087 Kunst der feinen, innerlich belebten Dialogführung,
2054 1093 3109 1138 getragen von einer resignierten, tiefsinnig plaudern¬
2054 1119 3097 1170 den Lebensweisheit, muß nun hinweghelfen über
2054 1151 3096 1212 die mancherlei Schwächen und Rätsel in Handlung
2047 1198 3103 1248 und Charakterzeichnung des neuen Werkes. So viel
2052 1239 3101 1295 man auch noch von dem Feminismus Schnitzlers
2058 1279 3106 1330 und seinem Kult des „süßen Mädels“ reden mag, so
2047 1319 3106 1386 zist doch längst das eigentliche Problam seines Schaf¬
2061 1363 3114 1417 fens der Mann geworden, den ## seinem „ein¬
2060 1400 3118 1462 ssamen Weg“ und dem „Ruf des Levens“ in allen
2062 1449 3106 1502 schwankenden Zwielichtdämmerungen des „weite#
2048 1474 3099 1531 Landes“ dargestellt. Diesmal hat er nun noch tie:
2053 1518 3111 1576 sin das Wesen des stärkeren Geschlechtes sich hinein¬
2048 1559 3108 1616 fühlen wollen; es war sein Ziel, bis zu jenem Uner¬
2056 1597 3118 1663 gründlichen, triebhaft Dämonischen der männlichen
2047 1639 3113 1700 Psyche vorzudringen, wo die Urkräfte primitiver
2048 1685 3114 1736 Leidenschaft noch ungebrochen walten. „Du verstehst
2059 1717 3111 1788 mich nicht“, ruft der Held, Friedrich Hofreiter, im
2059 1756 3107 1812 Schlußakt seiner Frau zu, „in mich sieht keiner hin¬
2057 1797 3119 1855 ein, keiner!“ Er hat sie betrogen, seit Jahren, diese
2055 1844 3117 1905 gute und kluge Frau, die ihn liebt und darum einen
2047 1892 3105 1953 Verehrer in den Tod gehen läßt; nun steht für ihn,
2049 1915 3112 1992 den Anbeter des Lebens und Genusses, der Totef
2064 1962 3107 2020 zwischen ihnen; er begreift nicht, warum seine Fraus#
2066 2011 3112 2053 ihm streu blieb und jener sterben mußte. Weiter
2057 2045 3109 2100 stürmt er auf seiner Bahn des gierigen Zugreifens
2072 2081 3110 2140 und Festhaltens, verführt ein frühreif unreifes
2062 2115 3114 2180 Mädel, das sein bester Freund sich zur Gattin er¬
2064 2163 3121 2212 sehnt. Aber als seine Frau nun die ihr so oft frei¬
2055 2202 3115 2274 gestellte „Revanche“ nimmt und einen jungen Fähn¬
2055 2239 3122 2297 rich mit ihrer Liebe bealückt, erträgt er es doch nicht,
2068 2287 3114 2338 sondern schießt den Liebhaber über den Haufen.]
2060 2328 3113 2385 Warum? Aus einem Rückfall in die alte Konven¬
2060 2365 3120 2433 tion, von der er sich losgesagt, aus großer Liebe zu
2067 2415 3109 2465 seiner Frau, die plötzlich mit Macht durchbricht, aus
2057 2449 3118 2502 Eitelkeit, um nicht „der Dumme“ zu sein, aus einer
2056 2480 3110 2548 Laune, die das Raubtier=Element des Ewig=Männ¬
2064 2538 3110 2583 lichen erweckt? Von allem diesem wird etwas ange¬
2054 2568 3121 2619 deutet und eben dieses schillernde Zwiespältige haftet
2055 2619 3112 2681 überhaupt dem Charakter und dem Stil des ganzen
2070 2661 3119 2707 Dramas an. Die Gestalt eines Mannes, in dem
2062 2683 3125 2733 die alten Instinkte des Geschlechts die Schranken
2068 2725 3119 2779 seiner Kultur zertrümmern, ist gewiß eine tief¬
2066 2764 3114 2821 tragische Erscheinung. Schnitzler aber nennt= sein
2073 2805 3111 2872 Stück „Tragikomödie“ und rückt dadurch die Gestal¬
3075 2846 3122 2913 8
2068 2868 3013 2898 #ten in eine ungewiß spielerische Beleuchtung.
2066 2896 3117 2953 sist nun einmal Untreue und rücksichtslose Genuß¬
2069 2922 3118 2987 sucht das Wesen des Mannes, Polygamie sein Ele¬
2067 2969 3125 3020 ment, seine Tugend Ausleben seiner Kraft; das sagt
2259 3011 3117 3070 Episodengestalt eines anderen „Unge¬
2067 3016 2203 3079 auch
2072 3047 3114 3099 treuen“. Aber wenn der Vertreter dieses Nietzsche¬
2073 3080 3118 3145 schen Uebermenschentums seine Ueberlegenheit im
2071 3129 3119 3189 Stück stets nur dadurch beweist, daß er im Tennis
2070 3170 3126 3239 siegt, so kommt ein komisch ironischer Zug hinein,
2072 3209 3115 3272 der durch die satirische Schilderung der Episoden¬
2072 3247 3115 3300 figuren noch verstärkt wird. Die Frauen, die Gat¬
2067 3296 3119 3339 tin Hofreiters, das junge Mädchen, das er verführt,
2062 3334 3108 3383 die Mutter des im Duell getöteten Liebhabers, sie
2080 3375 3123 3428 stehen diesmal alle im Schatten und dienen nur da¬
2077 3410 3115 3468 zu, das Wesen der Männer in einem gebrochenen
2064 3446 3135 3503 Lichte wiederzuspiegeln. So tragen Form wie In¬
2077 3495 3111 3546 halt dieses Werkes etwas unsicher Schwankendes,
2080 3535 3122 3586 und lassen nur leise jene Schnitzler eigentümliche
2073 3565 3114 3623 Stimmung anklingen, die aus Ironie und Wehmut
2066 3606 3113 3656 gemischt ist, die äußerlich kalt berechnet und innerlich
2074 3643 3120 3706 so leidenschaftlich heiß ist. Die Aufführung war
2075 3686 3116 3748 sehr aut, die Aufnahme aber ziemlich kühl, da das
2081 3729 3127 3783 Publikum keine Klarheit über das Wesen des Hel¬,
2081 3749 3149 3824 den gewinnen konnte. An dieser Unzulänglichkeit!“
2079 3791 3125 3868 in der Zeichnung der Hauptrolle scheiterte auch ihr
2096 3878 3164 3964 Darsteller, Heinz Monnard, der mit Irene Triesch
2100 3939 3158 4014 zusammen die stärkste schauspielerische Leistung des,
2862 3976 3096 4038 Dr. P. L.
2102 3999 2364 4054 Abends bot.
3017 4018 3094 4087 K
