3344 4320
1988 44 3037 124 seh en v. mn Mielier, Kelsen in ii
1993 106 3032 172 ziehen in die neue Welt. Die Zärtlichkeit, mit der
1324 99 1790 186 box 28/4
208 116 1179 210 24. Das weiteLand
1982 130 3023 205 er indes beim Schlußwort dem kleinen Sohn ent¬
1990 185 3026 231 gegeneilt, der eben aus England heimkehrt, läßt
1999 229 3038 293 fast die Vermutung zu, daß vielleicht doch noch
1990 265 3026 328 eine Vereinigung, eine Versöhnung möglich ist. Wer
1992 305 3036 355 will sich so sicher auskennen im weiten Land der
1994 349 3038 404 Menschenseele! Vollends sinds, wie gesagt, so viele
2004 389 3035 451 „weite Länder“ die mit gleichem Anspruch auf Durch¬
1987 427 3036 494 lquerung und Erforschung vor uns erscheinen. Da ist
1997 476 3028 525 neben dem überlegen=rücksichtslosen Helden die kompli¬
1986 511 3030 576 zierte und ungewöhnlich feinnervige Gattin, die zwischen
2001 557 3024 610 fortdauernder Liebe, Resignation, Stolz und Rache¬
1989 599 2395 661 gelüst oder wie
2386 601 2485 651 sie
2498 596 3037 663 lieber sagt, Revanchelust
2291 642 2393 701 ist
2381 637 2493 697 das
1993 634 2175 699 pendelt,
2692 639 3041 693 Mädchen von
2534 643 2678 700 junge
1995 674 3036 734 stolzem Charakter= und klarem Verantwortlichkeitge¬
1993 718 3040 772 fühl, das sich der leisaufdämmernden stillen Neigung
1988 760 3024 825 entreißt, um sich einem wilderen Liebesrausch hinzu¬
1994 785 3035 874 geben, da ist die rührendste Gestalt, die Schauspielerin
1995 847 2344 896 Meinhold=Aigner,
2342 854 3027 900 die ihren Gatten verließ, als er
1995 881 3026 935 aus seinen Liebeswirren sich nicht recht zu ihr zurück¬
1994 927 3033 989 finden konnte, die nun in ihrem Sohn, dem blühenden
1988 963 2910 1034 Marinefähnrich ihr Glück, ihre Welt,
1991 988 3040 1071 alles sieht, und doch immer wieder erkennt,
2093 1039 3030 1088 nur die Eltern den Kindern gehören,
1981 1047 2099 1105 daß
1093 1068 1964 1174 Berlige Dörsen Courier, Berlin
1977 1080 3021 1140 nicht die Kinder den Eltern. Rührend ist sie im Kampf
1985 1135 3021 1182 mit sich selbst als sie die Liebesbeziehungen ihres
1317 1134 1767 1232 Metgenausgabe
922 1161 987 1225 —
2005 1162 3040 1232 Sohnes zur Freundin erkennt und noch nicht recht
1991 1213 3035 1262 weiß soll sie Genia dafür lieben oder hassen. Da!
2152 1244 3037 1307 Doch wozu die allzureiche Galerie auch hier
1455 1262 1538 1351 *
1994 1272 3040 1345 vorbeidesilieren lassen? Genug, das Stück hat
1996 1338 3032 1409 keine Hauptperson auf die unser Interesse sich richten
2922 1378 3043 1428 hat,
2476 1370 2913 1439 viel Hauptpersonen
1956 1367 2266 1432 fkann, weil
1159 1357 1795 1452 Vor den Kulissen.
2063 1402 3028 1480 hat keine Handlung, die unsere Aufmerksam¬
1021 1428 1990 1496 Im Lessing=Theater und zu gleicher Stunde an
1999 1454 3040 1509 keit fesselt, weil es zu vielerlei Handlungen hat.
969 1491 1984 1538 einem guten Dutzend anderer Bühnen ist gestern abend
2000 1493 3042 1552 Eine Sprache von feinem und edlem Schliff und
968 1531 1984 1575 Arthur Schnitzlers Tragikomödie in Szene ge¬
1996 1540 3045 1592 originellen, aufrührerischen Gedanken darf man von
963 1570 1993 1629 gangen— eine ganze, bunte Musterkarte von Erfolgs¬
2589 1576 3045 1641 aber auch an zu viel
1997 1583 2528 1642 Schnitzler immer erwarten
962 1601 1998 1664 berichten liegt heute dem glücklichen Verfasser
1998 1614 3042 1663 Sprache leidet das Stück. Die Gespräche sind zu
970 1650 3040 1720 vor, der die ganze Skala der Autorfreuden breit, die psychologischen Erörterungen zu redselig und
959 1690 1997 1739 durchkosten kann, vom freudigen Triumph bis
2000 1706 3028 1759 neben originellen Einfällen laufen auch banale mit
957 1729 1996 1795 zum lauwarmen Achtungserfolg. Unter diesen
1995 1748 3033 1797 unter oder bedenkliche Wendungen wie etwa „auch
966 1778 2002 1840 immerhin noch nicht unbehaglichen Temperaturgrad
2008 1791 3031 1862 Söhne werden einmal Männer“ — ja wer denn
955 1820 2006 1877 wird die Aufnahme sicherlich nirgends sinken. Nicht
2001 1834 2148 1899 sonst?
969 1852 2013 1912 um des Werkes, aber doch um des Verfassers willen.
2047 1851 3041 1919 Das Lessingtheater hatte dem Werke eine über¬
960 1896 2006 1951 Auch im Lessing=Theater hatten wir es gestern Abend
1995 1909 3046 1967 raschend reiche und geschmackvolle Ausstattung gewid¬“
958 1944 1991 1993 zuerst nicht mit einem Erfolg der Tragikomödie,
2003 1948 3036 2003 met. Besonders war das prächtige Hotel=Vestibül ein
965 1983 2014 2030 sondern mit einem Schnitzler=Erfolg zu tun. Der
2001 1995 3032 2050 kleines Dekorationswunder und Emil Lessings
964 2031 3054 2088 Beifall galt zunächst nicht der Novität, sondern den Regie belebte dieses Bild, das zur Begrüßung des
964 2060 2000 2114 älteren Werken, galt nicht der neuen Dichtung sondern,
2932 2080 3024 2133 ge¬
2759 2077 2941 2139 Berlin
2652 2076 2753 2128 in
2339 2068 2643 2139 Gastwirtstags
1999 2076 2314 2134 internationalen
967 2111 1990 2153 trotz der neuen Dichtung dem Verfasser und seinem
2796 2114 3033 2169 Uns fiel
2014 2124 2758 2185 schaffen schien, überaus wirksam.
958 2142 1994 2191 hoch in verdientem Ansehen stehenden bisherigen
2784 2146 3046 2218 wichtigeren
2008 2148 2776 2209 nur auf, daß die Darsteller in
965 2198 3042 2268 Schaffen. Man klatichte Literaturgeschichte. Erst Gruppenszenen allzu opernhaft die volle Front nach
967 2226 3046 2296 vom dritten Akte an brach die Teilnahme auch für dem Zuschauerraum richteten. Wie Irene Triesch,
956 2269 2010 2323 das neue Werk, für die Tragikomödie und ihre Helden
2002 2280 3036 2333 die das Haus froh wieder begrüßt hat, eine kompli¬
964 2316 1997 2365 durch, und der Schlußbeifall, für den Doktor Brahm
2007 2317 3039 2382 ziente Frauennatur zu gestalten, zu durchleuchten ver¬
966 2356 1996 2403 mit wenigen Worten im Namen des Verfassers
2007 2361 3046 2429 mag, wie niobidenhaft Blick und Miene uns ihre
963 2391 2004 2451 dankte, galt schon gleichermaßen dem Verfasser, dem
2002 2404 3046 2458 Gemütswirrnis oder Pein fühlbar machen kann,
960 2433 1533 2504 Stück und der Aufführung.
1995 2447 3047 2494 wieviel Seele ihren Ton durchwehen kann, indes ihre
1021 2480 3035 2532 Die Tragikomödie leidet zunächst stark unter ihrer Haltung die volle Ruhe bewahrt, das zeigte sich gestern
961 2525 3045 2584 Fünfaltigkeit. Allem Anschein nach ursprünglich als wieder. Herr Monnard wußte die stillgebändigte
967 2563 3041 2620 Roman, als Erzählung gedacht oder gar entworfen Kraftnatur des Hofreiter ohne zu großen Aufwand
965 2610 2008 2662 und später erst der dramatischen Form zugeführt, ist
1995 2607 3047 2675 an Mitteln glaubhaft zu machen. Emanuel Reicher
1703 2648 2008 2709 angetan, die
969 2648 1703 2718 dieses „weite Land“ ganz dazu
2001 2647 3047 2717 gab eine verwandte Herrennatur mit vornehmer,
1334 2689 1712 2763 verwirren und
1710 2693 1997 2744 verirren zu
1196 2685 1299 2756 sich
966 2684 1195 2757 Besucher
2005 2693 3044 2755 ruhiger Ueberlegenheit. Frl. Sussin traf den
1293 2708 1709 2787 breit angelegres,
969 2727 1275 2793 lassen. Ein
1734 2731 3041 2794 sigurenreiches Ton abgeklärter Resignation als geschiedene
972 2774 2003 2822 Bild rollt Schnitzler hier vor uns auf, in
2004 2774 3040 2831 Schauspielerin, Hans Marr bewährte sich auch in
970 2809 3046 2872 dem nur die Mittelgruppe lange zu fehlen der Rolle eines schüchternen Liebhabers, Fräulein
969 2854 3038 2908 scheint, der Punkt, auf den die ganze Aufmerksamkeit| Herterich erhob sich zu kühner Leidenschaft in der
968 2897 3042 2959 sich richten kann. Die Seele ist das weite Land, Liebesszene, Herr Forest, Frl. Grüning, Fro¬
961 2939 3048 2983 durch das Schnitzler uns führt, aber zu vielerlei böse boten feinausgeführte Chargen — die zu vielen
972 2973 3041 3038 Seelen scheinen sich erschließen zu wollen, und sof guten Rollen zeigen wieder die Mängel des Stücks.
973 3022 3034 3069 können wir uns in keinem „weiten Land“ recht um= Das Haus, kühl achtungsvoll erst, dann sehr un¬
957 3060 3034 3126 schauen. Ueberdies ist der Dichter mehr Erklärer als, geduldig und unruhig, erwärmte sich schließlich doch
957 3113 1998 3168 Bildner, er sagt uns in allzuwortreichen Dialogen,
2012 3101 2999 3165 und bereitete dem Stück ein warmes Willkommen.
969 3143 1721 3214 was er uns lebendig zeigen sollte.
2829 3140 2997 3211 J. L.
1041 3172 2017 3254 In der milden Sonne, im Waldhauch von Baden
2053 3209 3047 3293 Die gleichzeitige Aufführung des Werkes in Wien
960 3229 2014 3292 bei Wien spielt die tragische Geschichte. Friedrich
967 3272 3052 3332 Hofreiter, der reiche Fabrikant, in dessen Park und brachte, im starkfesselnden Schlußakte besonders ties¬
966 3302 3061 3369 Villa die bewegte Handlung spielt, ist ein Herren= wirkend, Schnitzler wiederholte lebhafte Hervorrufe.
966 3344 2018 3412 mensch, eine Art Röcknitz Natur, der für sich jede reifef
2065 3337 3067 3418 Auch in München, Hamburg und Han¬
961 3396 3066 3461 lockende Frucht vom Lebensbaume pflückt, der aber mover hatte das Stück, nach etwas zurückhaltender
969 3437 3069 3497 scharfen Auges wacht, daß niemand in seiner (Anhörung der ersten Akte, einen lebhaften Erfolg.
967 3480 1958 3528 Garten bricht. Ein russischer Klaviervirtnose
2002 3478 3072 3545 [Prag und Leipzig bereiteten dem Werke ehen
964 3518 2965 3591 gerade zu Grabe getragen worden, als die Hand ffalls eine respektvolle und freundliche Aufnahme“
1327 3553 1934 3621 Bald erfahren wir, daß
962 3558 1283 3623 lung einsetzt
967 3587 2021 3660 sich selbst den Tod gab, weil er Genia
959 3634 2026 3701 die Frau unseres Herrenmenschen, unglücklich liebt
965 3686 2019 3740 und später wird uns von fern die Möglichkeit ode
970 3718 2022 3781 Wahrscheinlichkeit gezeigt, daß Hofreiter, unser Groß
977 3756 2021 3823 stadt=Röcknitz, in einer Art von amerikanischem Duel
977 3811 2021 3880 Anlaß dieses Selbstmordes war. Während er eber
