3436 4352
700 147 782 215 W
1402 147 1857 248 box 28/2
268 140 1254 262 24. Das seite Land
623 1165 726 1245 S
392 1228 1525 1301 entrinnbare Zaubergewalt seiner übermächtigen Persönlich¬
390 1272 1526 1351 keit. Der Mann, den sich Herr Korff zurechtgelegt, ist der
390 1323 1519 1398 erfolgreiche Geschäftsmensch, der seine harte Tatkraft auch
392 1365 1511 1435 in Sport und Erotik bewährt, ihm fehlt jeder dämonische
385 1404 1513 1483 Zug und am empfindlichsten fühlen wir dies, wenn wir
1503 1404 2628 1486 die die Bahnberechnung des Kometen 1884 III bereits im
2622 1417 3370 1504 unsere Breiten schon einen zu tiefen
384 1454 1516 1509 sein Charaktergebilde an der vom Dichter nur mit leisen
1510 1461 2624 1539 vorigen Jahre ausgeführt hat, gibt jetzt unter Berücksichti¬
2621 1466 3347 1542 noch beobachtet werden zu können.
389 1506 1507 1565 Strichen angedeuteten Gestalt eines bereits gescheiterten
1507 1507 2632 1576 gung der diesjährigen Beobachtungen eine genaue Ephe¬
2618 1514 3369 1579 langt erst am 28. Oktober in seine So
397 1540 1508 1603 Uebermenschen messen, die Herr Devrient mit feinem
1513 1549 2621 1612 meride des Kometen Wolf, 1911 a (1884 III). Mitte Okto¬
2614 1547 3361 1636 einem Abstande von 73.28 Millionen
388 1585 1513 1655 Verständnis erfaßt hat. Diesem zu verzichtender Ruhe und
1505 1586 2616 1652 ber tritt demnach das Gestirn aus dem Bilde der „Schlange“
2623 1608 3341 1669 schreitet; gegenwärtig, Mitte Oktober,
387 1628 1515 1689 Selbstzucht gelangten Manne fühlen wir es nach, welches
1501 1640 2619 1699 in das des „Adlers“, im Dezember aus diesem in das des
2617 1638 3353 1719 und am 16. November wird er schon
386 1668 1507 1740 Feuer einst ihm in der Seele geloht. Wie störend sich Herr
1505 1679 2616 1744 „Wassermannes“ über. Sein Abstand von der Sonne be¬
2616 1699 3363 1753 lionen Kilomeier von der Sonne entfe
382 1715 1507 1783 Korff vergriffen, wird auch an der Frau Geikia des Fräu¬
1503 1728 2610 1788 läuft sich am 20. Oktober auf 301 und am 31. Dezember
2613 1740 3342 1808 war er bereits am 17. September
390 1762 1511 1829 leins Marberg offenbar, ein Porträt, in rührend zarten
1502 1783 2620 1837 auf 251 Millionen Kilometer, während sein Erdabstand an
2610 1776 3372 1852 Millionen Kilometer; am 15. Oktobe
391 1812 1506 1867 Farbentönen ausgeführt. Welch' eine beredte Klage des
1509 1819 2616 1878 denselben Tagen 293 respektive 328 Millionen Kilometer be¬
2611 1813 3372 1905 abstand 98.27 und am 16. Novembe#
383 1848 1508 1919 tötlich getroffenen Herzens im zweiten Akte! Fräulein
1510 1851 2613 1924 trägt; der erste nimmt also ab, der zweite zu. Gegenwärtig
2609 1861 2848 1935 Kilometer.
396 1893 1499 1956 Hofteufel hat die Rolle des hochgemnten Mädchens,
1498 1892 2620 1984 ist die Helligkeit des Gestirns, die bei seiner Entdeckung
2685 1886 3361 1974 Als vierter Komet wurde der Ko
385 1935 1503 2013 das auf das Ziel seiner heißen Liebessehnsucht losstürmt,
1502 1953 2480 2018 14. Größe war, auf die 16. Größe herabgegangen.
2611 1934 3361 2017 kurze Zeit auf der Südhalbkugel beoh
395 1979 1505 2042 allzusehr der Auffassung des Herrn Korff angepaßt. Ganz
1559 1978 2609 2060 Mur für die Sternwarten auf der südlichen Halbkugel
2605 1980 3362 2063 nur teleskopisch. H. E. Wood in Johc
386 2025 1504 2091 vorzüglich spielte sie die Werbeszene im zweiten Akt. Die
1507 2014 2611 2103 isteer am 5. Juli von Moravansky in Gaya und am
2616 2044 3355 2103 am 3. September, Ristenpart in San
390 2068 1511 2122 Damen Römpler=Bleibtren und Reinhold¬
1504 2079 2608 2139 7 Juli von Kieß auf dem Lick=Observatorium entdeckte
2607 2079 3355 2151 den 20. September. Er stand zuerst
389 2101 1514 2177 Devrient und die Herren Heine, Gerasch,
1501 2116 2616 2180 Komei 1911 b noch sichtbar. Er durchwandert im Oktober
2616 2122 3302 2194 „Wage“, zuletzt (24. September)
384 2140 2612 2229 Thimig. v. Zeska, Pauls=en widmeten sich, guter lund November langsam das Bild der „Südlichen Krone“;
2613 2171 3357 2232 „Jungfrau“, besaß aber nur die Größe
384 2187 2627 2275 Burgtheatertradition gemäß, liebevoll ihren kleinen, Auf= seine Helligkeit beträgt Mitte d. M. 10.7 und Mitte No¬
2680 2223 3358 2293 Abermals viel günstiger gestalten
378 2244 550 2320 gaben.
1493 2252 2611 2311 vember 11.7. Sein Perihel hat er schon am 30. Juni d. J.
1263 2242 1480 2320 F. Zw.
2609 2250 3364 2334 keitsverhältnisse bei dem am 20. Se
1498 2291 2613 2356 durchlaufen, und er entfernt sich auch schon seit längerer
2610 2310 3331 2379 Shaw in Helwan aufgefundenen
1511 2332 2608 2402 Zeit von der Erde. Mitte Ottober ist er 303.7 und Mitte
2601 2346 3358 2413 1905 II oder 1911 6. Er hatte dama
383 2348 1141 2452 Von den sieben Kometen.
1504 2365 2611 2446 November 364.6 Millionen Kilometer von der Sonne und
2610 2385 3361 2475 des „Ofens“ nur die Größe 13, er #
1498 2427 2616 2508 zu denselben Zeiten 316.0 respektive 447.1 Millionen Kilo¬
2604 2423 3348 2507 deutend heller und kann vielleicht im
467 2437 1509 2510 Nachdem fast die ganze erste Jahreshälfte — es fehlen
1506 2452 2058 2533 meter von der Erde entfernt.
2607 2478 3365 2559 Auge gesehen werden. Vorläufig beweg
376 2480 1505 2564 darau nur 11 Tage — frei vol Kometenentdeckungen ge¬
1582 2498 2609 2579 Wesentlich günstiger lagen die Beobachtungsverhält¬
2609 2520 3364 2596 Sternbilder des südlichen Himmels, ge
380 2530 1502 2601 blieben ist, sind in der kurzen Zeit von einem Vierteljahre
1505 2553 2605 2609 nisse bei dem am 20. Juli von Broots in Geneva ent¬
2606 2568 3335 2640 zember nördlich des Aequators und
399 2575 1491 2629 7 Kometen aufgefunden worden. In der „Astrosk. Korr.“
1498 2588 2605 2662 deckten und seinen Namen tragenden Kometen 1911 c.
2595 2600 3357 2666 Bilder „Walfisch“, „Widder“ und „Perst
386 2629 1504 2684 ist über diese Entdeckungen und die Sichtbarkeitsverhältnisse
1502 2641 2602 2693 Er hat sich seitdem vom „Pegasus“ durch die Bilder des
2600 2651 3354 2732 Entfernungen hat die „Astronom. Kor#
376 2669 1504 2734 der einzelnen Kometen fortlaufend berichtet worden, es er¬
1510 2681 2606 2736 „Schwans", „Drachens“, „Bootes“ und der „Jagdhunde“
2595 2688 3342 2760 Mitteilung gemacht, es sei aber hier
377 2715 1502 2768 scheint daher angebracht, nun ein zusammenfassendes Re¬
1493 2720 2615 2792 in das des „Haares der Berenice" bewegt, aus dem er
2602 2745 3348 2795 wegen wiederholt, daß der Komet am
380 2761 1516 2822 ferat über sämtliche Kometen zu geben. Wie bisher sind
1489 2773 2600 2831 am 22. Oktober in das Bild der „Jungfrau“ gelangen
2609 2782 3359 2851 Berihel in einem Sonnenabstande von
375 2787 1500 2854 auch hier die von der Zeutralstelle für astronomische Tele¬
1495 2810 2620 2894 wird, um darauf in fast genau südwärts gerichtetem Lause
2602 2815 3368 2900 Kilometer durchlaufen, sowie daß er
386 2839 1507 2906 gramme in den „Astron. Nachr.“ mitgekeilten Ephemeriden
1493 2854 2607 2917 am 10. November in den „Raben“ überzutreten. Ta die
2603 2864 3354 2942 Millionen Kilometer von der Sonne un
388 2891 1502 2959 zugrunde gelegt. Ueber den am 20. Juni von M. Wolf
1500 2895 2603 2960 Helligkeit des Gestirns schon im September zur 4. Größe
2605 2909 3345 2980 Kilometer von der Erde entfernt sein
384 2942 2619 3016 am Königstuhl=Observatorium wiedergefundenen, von ihm anwuchs, und in der ersten Oktoberhälfte bis auf 2.8 kam,
2598 2948 3352 3034 er auch erst im Dezember bei einem Ab
376 2974 3293 3084 selbst im Jahre 1884 entdeckten sehr lichtschwachen Kometen] war es während dieser ganzen Zeit mit bloßem Auge zu lionen Kilometer am nächsten steht.
3146 4082 3219 4146 D S
2962 4069 3080 4156 K
