3344 4448
1306 203 1771 311 box 28/2
196 215 547 327 24. Da:
487 224 1178 339 as weite Land
93 882 513 983 en, benist, —
1488 930 1543 978 *
117 950 1979 1032 Abgeordneten her sind, die halten bemüht ist, ernstlich bitten, die Staatsanwaltschaft Muten¬
127 1015 2882 1108 ritterlicher Weise genügten vom Richterstande definitiv zu trennen und in einem handeln und etwaige Landesabtretungen nur im Aus¬
105 1102 692 1173 the selber sehr leicht, seiner
687 1108 1776 1185 Kleinigkeit wegen (!) nicht in den Tod treiben. Fried¬
1765 1134 2879 1194 gewesen wäre, vor seine Waffe gefordert. Ein Wider¬
106 1155 684 1222 er desto schwerer gemacht hat.
680 1162 1772 1233 rich (ihr Mann) wird zufrieden mit mir sein. Morgen,
1762 1175 2881 1245 spruch besteht nur zwischen dem Freisinn der modernen
101 1201 696 1273 eten des Stückes sind weniger
679 1210 2877 1279 wenn mein Geliebter fort ist, werd' ich ihm die ganze Moral und dem Zwang des alten Herkommens. Dieser
100 1251 2874 1345 trotz kundbaren Ehebruches, Geschichte selbst erzählen." Aber Friedrich ist schon macht aus der sonst etwas frivolen, wenngleich geist¬
110 1306 2888 1416 lissische Pianist Alexei Kow= allein auf die Bescherung gekommen, und Genia staunt, vollen und lebenswahren Komödie eine Tragödie oder,
111 1351 1770 1428 vor Beginn des ersten Aktes daß er diese nicht so ruhig hinnimmt, sondern den
1760 1360 2654 1445 wie Schnitzler es nennt, eine Tragikomödie.
112 1402 1775 1474 sgattin Genia Hofreiter, die Jüngling totschießt. „Warum?“ fragt sie „wenn dir
1850 1389 2870 1500 Diese strotzt von realistischer Lebensfrische und
105 1450 1771 1522 kr nicht erhört. Das letztere an mir noch das geringste läge, wenn es Haß wäre, Wut,
1766 1441 2865 1539 hält sich ersichtlich treu an bestimmte Vorbilder. Es sind
114 1494 674 1565 kann, der eben ein Verhält¬
679 1497 1099 1559 Eifersucht, Liebe ..
1155 1507 1766 1573 „Na ja,“ antwortet Friedrich,
1761 1511 2875 1593 Wiener Typen nach der Natur gezeichnet, und Mancher,
105 1545 679 1616 n gelöst hat, um ein solches
668 1555 2870 1644 „von all' dem verspür' ich allerdings verdammt wenig. dem die Sommerfrischler Badens und die Hotelgäste
109 1605 673 1647 inaus guter Familie anzu¬
671 1596 1763 1669 Aber man will doch nicht der Hopf sein.“ Also banale
1757 1608 2868 1688 des Karersees geläufiger sind, als dem ergebenst Ge¬
117 1643 666 1710 er auf ein paar Wochen ins
672 1647 1777 1730 gekränkte Eitelkeit führt zum tragischen Schluß des
1758 1657 2872 1739 fertigten, wird leicht die eine und die andere Figur
123 1691 676 1760 s wohlerzogene junge Mäd¬
670 1694 2875 1777 Dramas, das sonst wirklich nur eine bittere Sitten= mit ihrem wahren Namen bezeichnen können. Wer es
107 1736 677 1805 ner offen stehen läßt. Da¬
664 1744 2866 1840 komödie wäre. Denn derselbe Mann, der nur nicht der nicht sonst wüßte, könnte hier sehen, was die Sozial¬
107 1790 681 1853 Zwischenzeit sein Recht durch
666 1794 2860 1863 Hopf“ sein will, sagt zu seiner Frau, nachdem sich ihr demokraten so sehr gegen das Außenleben der Bour¬
104 1825 674 1902 on Aigner, den er dafür im
669 1825 2863 1920 früherer Liebhaber umgebracht: „Ein Anderer als ich geoisie aufreizt. Ja, wenn es nur solche Wiener gäbe,
117 1887 674 1955 eite Land“ gestattet ver¬
661 1884 2860 1973 würde vielleicht vor dir auf den Knien liegen, dich an= das wäre freilich schlimm! Aber das ist nur eine be¬
108 1941 2859 2000 lben Dinge. Dieser Schuß beten, wie eine Heilige, gerade deswegen! Ich bin halt stimmte, wenig zahlreiche Klasse, die schließlich immer
120 1986 2861 2075 en Ordnung, die sich nicht nicht so. Mir bist du gerade dadurch“ — durch die Be=so war; und vor dem Kehraus stehen wir darum noch
117 2030 674 2099 n läßt. Er zerstört all das
667 2044 2855 2125 wahrung der ehelichen Treue! — „gleichsam fremder lange nicht, obwohl etwas wie Weltuntergangsstim¬
110 2085 667 2148 re Ruhe dieser lasterhaften
660 2085 2854 2167 geworden.“ Er autorisiert sie förmlich zum Ehebruch: mung dieser dramatischen Schilderung zugrunde liegt
118 2134 2852 2182 h trifft er doch die schuldlose „Ja, wenn du mir gegenüber zu der sogenannten Treue oder sich aus ihr auf unsere Seele legen will. Der
117 2182 2854 2233 Das Schicksal ist im Ganzen verpflichtet gewesen wärst! Aber ich hab' doch wirklich ältere Mensch bemerkt die schnelle Veränderung, der
121 2225 657 2310 n oft ungerecht; aber wir
661 2235 2855 2322 kein Recht gehabt. Und verstehst du, dieser Gedanke, unsere Lebensansichten und die ganze Welt umher unter¬
122 2274 271 2340 ischen.
643 2280 2852 2367 daß irgend etwas, das doch in Wirklichkeit gar nicht ist, liegt. Er beginnt die Jugend zu hassen, wie dieser
111 2300 668 2399 den von ihr geliebten, aber
650 2337 1763 2403 ein Schemen, ein Phantom, ein Nichts, wenigstens
1749 2333 2851 2404 Fabrikant, der sie vor dem Lauf seiner Duellpistole
123 2374 2856 2447 sen ruhig sich eine Kugel einem so furchtbaren Ding gegenüber, einem so irrepa= aus frechen kalten Augen glänzen und lachen sieht. Jetzt
119 2429 2856 2514 neint nach ihrem Ehebruch rablen wie der Tod, daß deine Tugend einen weiß er erst, was Jugend ist; aber man kann doch nicht
120 2474 1751 2547 ich leichthin: „Er — mein Menschen in den Tod getrieben hat, das ist mir einfach
1735 2487 2855 2557 jeden jungen Menschen totschießen. Jetzt erst erkennt
125 2522 1746 2602 ht übel nehmen. Vielleicht unheimlich.“ Es ist gar kein Widerspruch zwischen dem
1735 2525 2848 2608 er, daß Alles im Flusse ist; aber eben darum hört noch
118 2570 2849 2625 cht, wie jener Andere. Und] Denken und dem Handeln dieses Mannes; denn er lange nicht Alles auf, und sein Ende ist verzweifelte Re¬
150 2625 2860 2728 Menschen einer solchen hätte wohl auch den Anderen, wenn dieser glücklicher signation. So war es immer und so wird es immer sein.
