3344 4320
669 163 734 240 W
488 164 593 240 a
1359 165 1830 260 box 28/2
252 167 1210 289 24. uneite Land
1502 1109 3337 1189 #huer Mran durf ruhig annehmen, daß die Regierung sehr Augenblick mit allem Nachdruch
330 1212 1512 1286 schwärmerischen Jüngling. Sie hat sich ihm gewährt,
1514 1213 3332 1280 seine Figuren just immer in der Sekunde auftreten zu tötet, auch wenn kein Blut ver
333 1270 1511 1318 weil er morgen schon auf das weite Weltmeer hinaus¬
2686 1269 3319 1340 Schauer des Grabes, die uns
1510 1269 2700 1323 lassen, in welcher er sie braucht. Dieses Kind und sein
312 1298 1508 1378 fahren, weil er ihr dann nicht mehr vor ihr Angesicht
2684 1316 3336 1382 am Schluß nicht wieder umwe
1521 1320 2685 1379 Rufen ist außerdem sorgfältig vorbereitet. Fünf Akte lang
323 1366 1516 1430 treten, weil er dann nicht mehr zwischen ihr und ihrem
2692 1368 3320 1436 mehr schwebende, mehr echte,
1525 1371 2691 1424 ist von diesem Kind die Rede. Fünf Akte lang ist es
335 1402 1504 1474 Manne stehen wird. Denn auch dies hat sie nur in ihrer
2686 1402 3328 1491 Und wir könnten freier atmen
1524 1418 2696 1469 unterwegs von England nach Baden bei Wien. Dennoch:
330 1461 1509 1531 Liebe zu ihrem Manne getan. Sie ist von ihm ver¬
2777 1456 3324 1527 Wir würden nicht erst w
1516 1461 2700 1529 dieser Ausweg, daß ein im Irrgarten der Liebe ver¬
332 1502 1513 1580 schmäht worden, weil sie treu gewesen. Vielleicht wird er
1519 1517 2688 1570 laufener Mann, eine ebendaselbst verlorene Frau von einer
2689 1505 3341 1576 auch gar nicht recht dahinter ge
331 1563 1509 1628 sie nicht mehr verschmähen, wenn sie zu ihm herab¬
2690 1563 3333 1619 eigentlich ein nichtiger, wertloser
1517 1557 2690 1632 Kinderstimme zurückgerufen, an den höheren Sinn dieses
330 1595 1514 1669 gestiegen, wenn nun auch sie untreu geworden ist. Sie
2695 1587 3337 1674 loser Mensch ist. Seines Dasei
1528 1612 2695 1671 Lebens erinnert und gerettet wird ... in wie vielen
332 1656 1514 1721 wird ihm sagen können — wenn der andere schon weit
2701 1661 3320 1726 Angst: ob noch ein Mädchen
1523 1661 2690 1723 Volksstücken, in wie vielen Rührstücken, in wie vielen
322 1706 1518 1757 fort ist —: Du hast mich nicht wollen, weil ich rein
1518 1708 2690 1764 Gesellschaftskomödien haben wir's schon erlebt, haben wir
2693 1708 3285 1774 Und was für Weiber. Was f
325 1740 1518 1810 war, vielleicht willst Du mich jetzt, da ich befleckt bin
2695 1756 3320 1822 verflossene Geliebte; eine lä
1514 1761 2606 1818 den Ruf schon vernommen: Vater... Mutter ..
330 1804 1517 1852 gleich Dir? Allein sie gelangt gar nicht erst dazu, ihr
2688 1799 3307 1869 Salondame. Wir sehen seinej
1522 1803 2691 1868 und den schluchzenden Aufschrei, der ihm unweigerlich
324 1849 1520 1905 Geständnis abzulegen. Hofreiter hat, des Nachts heimlich
2693 1841 3315 1923 wird einst solch ein Püppchen
1523 1857 2695 1931 folgt: „Mein Kind!!“ Wie oft . : wie sehr oft! Es ist
325 1911 1519 1966 zurückgekehrt, den Liebhaber seiner Frau aus dem Fen¬
2694 1899 3326 1971 Blütenstaub von ihr abgestreift
1516 1897 2686 1965 eine Banalität. Eine rührende, an die einfachen und ewig
334 1946 1509 2005 ster steigen sehen. Er hat bei diesem Anblick nur gedacht,
2683 1943 3329 2019 Ehemann, der aber ein brutale
1515 1952 2690 2017 wahren Instinkte greifende, eine wirksame Banalität.
329 1996 1516 2057 daß nun alles gut sei. Nun habe ich mein Recht und
2688 1995 3330 2063 Mut des Herrn Hofreiter, wei
1516 2002 2694 2057 Aber doch eine Banalität. Und das wesentliche an ihrer
333 2048 1514 2104 meine Frau hat ihr Recht. Aber was helfen Programme?
1508 2055 2699 2115 Anwendung in eben dieser Komödie ist es, daß sie gar
2695 2049 3334 2112 Den Jüngling jedoch, der sich
328 2094 1510 2164 Irgendein Mann, dem Hofreiter die Frau verführt hat,
2695 2101 3326 2164 schießt er nieder. Täte er's do
1511 2095 2698 2158 nicht überzeugend hieher gehört. Daß es zweifelhaft bleibt,
330 2140 1508 2203 gibt ihms zu schmecken, daß er jetzt auch nichts anderes
2684 2141 3335 2227 Bühne hat sein eigenes Gesetz
1520 2136 2683 2200 ob Hofreiter das Einfache und ewig Wahre in der nächsten
331 2197 1515 2261 mehr ist als die übrigen. Kein unantastbarer Verführer
1521 2200 2685 2256 Sekunde noch als einfach und als ewig wahr gelten läßt.
2691 2193 3310 2267 Wir müssen glauben, daß
335 2246 1513 2293 und Eroberer, sondern ein Hahnrei, wie andere, gewöhn¬
1513 2240 2685 2296 Er hat uns fünf Akte lang gezeigt, wie sehr seine Skepsis
2690 2237 3315 2320 nicht versucht sein, an ihn zu
333 2292 1514 2348 liche Männer. Nun tut Hofreiter, was er nicht tun
1511 2287 2698 2352 immer darauf aus ist, die Dinge zu wenden und um ihre
2687 2278 3333 2367 nicht notwendig. Und nur de
335 2338 1513 2390 wollte. Er fordert den schönen, jungen Liebsten seiner
1508 2346 2686 2397 Kehrseite zu befragen. Wir haben ihn die Treue, die
2688 2338 3325 2405 reiter, kommen nur deshalb z
335 2384 1516 2455 Frau. Dann tut er wieder, was er nicht tun wollte. Er
1512 2389 2693 2441 Wahrheit, die Güte, die Hingabe, alles, alles entlarven
2691 2376 3326 2455 sei zu gering für so große
334 2432 1515 2505 schießt den armen Jüngling tot. Weil seine „freche
1511 2443 2689 2494 und bezweifeln hören. Sollen wir glauben, daß er, der
2692 2452 3317 2504 einen anderen Ausgang, wir
329 2479 1516 2550 Jugend“ ihn verhöhnte. Und jetzt ist der Zusammenbruch
1509 2493 2690 2555 soeben einer Mutter einzigen Sohn getötet, der eine ge¬
2692 2493 3328 2552 Wir würden es hinnehmen, m
329 2543 1505 2596 da. Seine Frau wendet sich von ihm ab. Die verführte
2695 2544 3326 2603 Schnitzlers reife Meisterkunst u
1513 2539 2688 2604 hässige Feindseligkeit gegen aufblühende Jugend begangen
328 2585 1512 2639 Erna schickt er fort. „Niemandem gehöre ich . . .“ Da ruft
2690 2585 3327 2669 der das Ende seiner Jugend
1524 2590 2688 2647 hat, der bis zu dieser Stunde Weiber betört, Mädchen
340 2637 1507 2693 von draußen die Stimme seines Söhnchens: „Vater!“
1504 2637 2688 2702 verführt und verdorben, Freunde verraten und belogen,
2691 2634 3073 2707 Es hätte genügt.
330 2676 1514 2749 Und dieser Stimme folgt er. Der kleine Junge ist gerade
1517 2689 2698 2748 und die eigene Frau zerstört hat, von nun ab ein braver
2778 2665 3329 2759 Diese fünf Akte, die vol
328 2727 1513 2792 in diesem Augenblick aus England zurückgekehrt. Er ruft
1509 2737 2688 2813 Kindesvater wird, weil ein kleiner Bub im Garten
2702 2727 3276 2807 belebt sind, den Schnitzler
332 2778 1514 2858 vom Garten her: „Vater ...!“ Und bringt den letzten
1513 2780 1833 2860 draußen ruft?
2703 2786 3328 2861 Burgtheater vortrefflich gespiel
347 2816 581 2901 Aktschluß.
1593 2812 2692 2896 Die ganze Persönlichkeit des Herrn Hofreiter, so mei¬
2697 2822 3354 2909 den Hofreiter, von Fräulein
1515 2872 2696 2953 sterhaft sie der Dichter auch gezeichnet hat, wird fragwürdig.
2697 2881 3328 2952 Genia, und von Fräulein H o
408 2867 1512 2944 Da sind Dinge, die den schönen, kunstvollen Bau
1515 2933 2702 2999 Nicht in ihrem Wert als Gestalt eines Künstlers, nicht in
2700 2935 3324 3003 Erna gibt. Für den Hofreiter
322 2921 1510 3004 dieses Werkes erschüttern, wenn man sie ein wenig nur
1519 2980 2685 3050 ihrer Existenz auf der Bühne. Aber in ihrer Existenz als
2700 2976 3306 3044 Persönlichkeit gebraucht. Nur
331 2979 1518 3047 überdenkt. Was für einen letzten Ausgang hätte das
1510 3024 2688 3086 Träger einer vom Tod besiegelten Tragikomödie. Ein
2682 3025 3330 3099 keiten am Burgtheater abgesto
330 3030 1526 3101 Stück, wenn das Kind des Hofreiters nicht mit solch fahr¬
1512 3084 2694 3146 Mann, der das Ende seiner Jugend erlebt, widerstrebend,
2686 3087 3310 3146 es noch immer, wie: kaum
333 3080 1520 3146 planmäßiger Promptheit geradewegs aus England zum
1523 3132 2689 3180 verzweifelnd, schmerzdurchzuckt, der es ganz genau so er¬
331 3129 1524 3187 Aktschluß käme? Was für ein letztes Wort bliebe dann
2692 3128 3328 3202 Thimig, Devrient... die müs
319 3179 2693 3225 der Komödie? Oder wenn der Kleine früher eingetroffen! lebt, wie es von Hofreiter erlebt wird, wäre einer Tragi¬
2691 3180 3339 3258 wieder eine große Persönlichkeit
3170 3236 3324 3310 ——
322 3215 2717 3312 wäre? Ach, ganz gewiß hat der Theaterdichter das Recht, komödie Mittelpunkt und Held, auch wenn er niemanden!
