<?xml version="1.0" encoding="UTF-8" standalone="yes"?>
<PcGts xmlns="http://schema.primaresearch.org/PAGE/gts/pagecontent/2013-07-15" xmlns:xsi="http://www.w3.org/2001/XMLSchema-instance" xsi:schemaLocation="http://schema.primaresearch.org/PAGE/gts/pagecontent/2013-07-15 http://schema.primaresearch.org/PAGE/gts/pagecontent/2013-07-15/pagecontent.xsd">
    <Metadata>
        <Creator>prov=University of Rostock/Institute of Mathematics/CITlab/Gundram Leifert/gundram.leifert@uni-rostock.de:name=ONB_Newseye_GT_M1+(htr_id=10810)::::v=2.4.2
prov=University of Rostock/Institute of Mathematics/CITlab/Tobias Gruening/tobias.gruening@uni-rostock.de:name=de.uros.citlab.module.baseline2polygon.B2PSeamMultiOriented:v=2.4.2
prov=University of Rostock/Institute of Mathematics/CITlab/Tobias Gruening/tobias.gruening@uni-rostock.de:name=/mnt/transkribus/LA/DEA/URO/LA_news_onb_att.pb:de.uros.citlab.segmentation.CITlab_LA_ML:v=2.4.2
Transkribus</Creator>
        <Created>2019-10-07T11:12:54.812+02:00</Created>
        <LastChange>2019-10-07T23:30:55.793+02:00</LastChange>
        <TranskribusMetadata docId="223964" pageId="9495623" pageNr="202" tsid="16487939" status="IN_PROGRESS" userId="40391" imgUrl="https://files.transkribus.eu/Get?id=HRZISYELVPGEIKHITMVEIFRI&amp;fileType=view" xmlUrl="https://files.transkribus.eu/Get?id=YITHKVSFUVWGAYFIZONHXFOV" imageId="6185850"/>
    </Metadata>
    <Page imageFilename="223964_0202.jpeg" imageWidth="3392" imageHeight="4608">
        <ReadingOrder>
            <OrderedGroup id="ro_1711441631730" caption="Regions reading order">
                <RegionRefIndexed index="0" regionRef="r1"/>
                <RegionRefIndexed index="1" regionRef="r2"/>
            </OrderedGroup>
        </ReadingOrder>
        <TextRegion orientation="0.0" id="r1" custom="readingOrder {index:0;}">
            <Coords points="169,186 169,3324 1736,3324 1736,186"/>
            <TextLine id="r1l1" custom="readingOrder {index:0;}">
                <Coords points="1265,244 1414,234 1443,219 1544,242 1665,216 1696,223 1695,154 1661,162 1644,150 1616,165 1587,154 1544,171 1519,157 1457,183 1431,168 1357,179 1302,151 1264,172"/>
                <Baseline points="1273,215 1298,214 1324,214 1350,214 1376,214 1402,213 1428,213 1454,213 1480,212 1506,212 1532,211 1558,210 1584,210 1610,209 1636,208 1662,207 1688,206"/>
                <TextEquiv>
                    <Unicode>box 28/4</Unicode>
                </TextEquiv>
            </TextLine>
            <TextLine id="r1l2" custom="readingOrder {index:1;}">
                <Coords points="871,223 881,223 895,231 929,229 926,178 918,179 914,174 911,176 890,165 884,171 879,170 869,174"/>
                <Baseline points="879,223 921,221"/>
                <TextEquiv>
                    <Unicode>I.</Unicode>
                </TextEquiv>
            </TextLine>
            <TextLine id="r1l3" custom="readingOrder {index:2;}">
                <Coords points="560,229 573,226 589,236 620,236 631,231 657,235 656,190 646,190 629,182 619,190 609,190 603,195 586,189 583,193 558,192"/>
                <Baseline points="567,227 594,225 621,225 649,223"/>
                <TextEquiv>
                    <Unicode>WC</Unicode>
                </TextEquiv>
            </TextLine>
            <TextLine id="r1l4" custom="readingOrder {index:3;}">
                <Coords points="161,251 750,275 1141,240 1073,169 957,183 904,228 755,176 648,235 510,183 377,179 306,220 249,179 161,195"/>
                <Baseline points="169,231 217,235 265,238 313,240 361,242 410,244 458,246 506,247 554,247 602,248 651,248 699,247 747,247 795,246 843,245 892,243 940,242 988,240 1036,238 1084,236 1133,234"/>
                <TextEquiv>
                    <Unicode>24. Das iteand</Unicode>
                </TextEquiv>
            </TextLine>
            <TextLine id="r1l5" custom="readingOrder {index:4;}">
                <Coords points="1226,1503 1280,1493 1300,1510 1340,1507 1357,1521 1427,1509 1448,1522 1461,1512 1479,1517 1496,1511 1497,1428 1423,1429 1409,1441 1347,1428 1314,1451 1271,1432 1226,1450"/>
                <Baseline points="1233,1492 1258,1491 1284,1491 1309,1491 1335,1491 1361,1491 1386,1491 1412,1491 1437,1492 1463,1493 1489,1494"/>
                <TextEquiv>
                    <Unicode></Unicode>
                </TextEquiv>
            </TextLine>
            <TextLine id="r1l6" custom="readingOrder {index:5;}">
                <Coords points="494,1547 1737,1561 1544,1510 494,1510"/>
                <Baseline points="501,1549 562,1549 623,1549 685,1549 746,1549 808,1550 869,1550 930,1551 992,1552 1053,1553 1115,1554 1176,1555 1237,1557 1299,1558 1360,1559 1422,1560 1483,1561 1544,1562 1606,1563 1667,1564 1729,1564"/>
                <TextEquiv>
                    <Unicode>Reicher blieb daher nicht viel anderes übrig, als seine Nutzanwen¬</Unicode>
                </TextEquiv>
            </TextLine>
            <TextLine id="r1l7" custom="readingOrder {index:6;}">
                <Coords points="492,1597 1744,1640 1745,1561 493,1563"/>
                <Baseline points="500,1586 561,1588 623,1590 685,1591 747,1593 809,1594 870,1595 932,1596 994,1598 1056,1598 1118,1599 1179,1600 1241,1601 1303,1602 1365,1603 1427,1604 1488,1605 1550,1606 1612,1607 1674,1608 1736,1609"/>
                <TextEquiv>
                    <Unicode>dungen vom weiten Land vorsichtig in einen langen, schönen Bart</Unicode>
                </TextEquiv>
            </TextLine>
            <TextLine id="r1l8" custom="readingOrder {index:7;}">
                <Coords points="491,1627 1737,1650 1617,1609 491,1600"/>
                <Baseline points="498,1627 559,1629 621,1631 682,1632 744,1634 805,1635 867,1637 928,1638 990,1639 1051,1640 1113,1641 1175,1642 1236,1643 1298,1644 1359,1644 1421,1645 1482,1646 1544,1647 1605,1647 1667,1648 1729,1649"/>
                <TextEquiv>
                    <Unicode>hineinzureden. Ebenso hatte Fräulein Sussin nur einen Fall und</Unicode>
                </TextEquiv>
            </TextLine>
            <TextLine id="r1l9" custom="readingOrder {index:8;}">
                <Coords points="488,1687 1735,1706 1736,1664 489,1648"/>
                <Baseline points="496,1669 557,1671 619,1672 680,1673 742,1675 803,1676 865,1678 926,1680 988,1681 1049,1683 1111,1685 1173,1686 1234,1687 1296,1689 1357,1690 1419,1690 1480,1691 1542,1692 1603,1693 1665,1693 1727,1693"/>
                <TextEquiv>
                    <Unicode>keinen Menschen darzustellen, und da sie weniger bühnensicher ist</Unicode>
                </TextEquiv>
            </TextLine>
            <TextLine id="r1l10" custom="readingOrder {index:9;}">
                <Coords points="489,1703 1727,1749 1716,1696 490,1683"/>
                <Baseline points="496,1714 557,1715 618,1716 679,1717 740,1718 802,1719 863,1720 924,1722 985,1723 1046,1724 1108,1725 1169,1727 1230,1728 1291,1729 1352,1731 1414,1732 1475,1733 1536,1734 1597,1735 1658,1736 1720,1737"/>
                <TextEquiv>
                    <Unicode>als Herr Reicher, so wirkte sie als Temonstrationspuppe beinahe</Unicode>
                </TextEquiv>
            </TextLine>
            <TextLine id="r1l11" custom="readingOrder {index:10;}">
                <Coords points="495,1764 505,1762 520,1771 532,1771 538,1764 544,1770 561,1770 583,1761 632,1768 663,1760 662,1731 633,1721 602,1725 586,1716 574,1725 563,1719 493,1724"/>
                <Baseline points="502,1760 527,1759 553,1758 579,1758 604,1756 630,1755 656,1756"/>
                <TextEquiv>
                    <Unicode>peinlich.</Unicode>
                </TextEquiv>
            </TextLine>
            <TextLine id="r1l12" custom="readingOrder {index:11;}">
                <Coords points="557,1804 1724,1822 1689,1770 557,1768"/>
                <Baseline points="564,1796 621,1798 679,1799 736,1801 794,1802 852,1803 909,1804 967,1806 1024,1807 1082,1809 1140,1810 1197,1811 1255,1812 1312,1813 1370,1813 1428,1814 1485,1815 1543,1815 1600,1816 1658,1816 1716,1816"/>
                <TextEquiv>
                    <Unicode>Auch die beiden Hauptdarsteller, Herr Monnard und Frau Triesch,</Unicode>
                </TextEquiv>
            </TextLine>
            <TextLine id="r1l13" custom="readingOrder {index:12;}">
                <Coords points="494,1846 1661,1874 1733,1832 494,1799"/>
                <Baseline points="502,1838 563,1840 624,1841 685,1843 746,1844 807,1845 868,1847 930,1848 991,1849 1052,1850 1113,1851 1174,1852 1235,1853 1296,1854 1358,1855 1419,1856 1480,1857 1541,1858 1602,1858 1663,1859 1725,1860"/>
                <TextEquiv>
                    <Unicode>hatten keinen leichten Stand, denn auch sie sind von Dichters wegen</Unicode>
                </TextEquiv>
            </TextLine>
            <TextLine id="r1l14" custom="readingOrder {index:13;}">
                <Coords points="493,1891 1726,1904 1689,1865 494,1846"/>
                <Baseline points="501,1882 561,1883 622,1885 683,1886 744,1888 805,1889 866,1891 926,1892 987,1894 1048,1896 1109,1897 1170,1899 1231,1900 1292,1901 1352,1902 1413,1902 1474,1903 1535,1902 1596,1902 1657,1901 1718,1899"/>
                <TextEquiv>
                    <Unicode>mehr ein Fall, als zwei Individuen. Der Fall Friedrich Hofreiter</Unicode>
                </TextEquiv>
            </TextLine>
            <TextLine id="r1l15" custom="readingOrder {index:14;}">
                <Coords points="491,1928 1725,1953 1709,1909 492,1895"/>
                <Baseline points="499,1924 563,1925 627,1926 691,1927 755,1928 819,1930 883,1931 948,1933 1012,1935 1076,1936 1140,1938 1204,1939 1268,1940 1333,1942 1397,1942 1461,1943 1525,1943 1589,1943 1653,1942 1718,1941"/>
                <TextEquiv>
                    <Unicode>und Frau! Quod erat demonstrandum! Nehmt ein Exempel dran!</Unicode>
                </TextEquiv>
            </TextLine>
            <TextLine id="r1l16" custom="readingOrder {index:15;}">
                <Coords points="486,1973 1722,1981 1634,1946 487,1927"/>
                <Baseline points="494,1967 555,1968 616,1969 677,1970 738,1972 799,1973 860,1975 921,1976 982,1978 1043,1980 1104,1981 1165,1982 1226,1983 1287,1984 1348,1985 1409,1985 1470,1985 1531,1984 1592,1984 1653,1982 1714,1980"/>
                <TextEquiv>
                    <Unicode>Frau Triesch konnte nichts Besseres tun, als wie die leibhaftige</Unicode>
                </TextEquiv>
            </TextLine>
            <TextLine id="r1l17" custom="readingOrder {index:16;}">
                <Coords points="485,2008 1734,2033 1614,1989 485,1981"/>
                <Baseline points="492,2008 553,2009 615,2010 677,2010 738,2012 800,2013 862,2015 923,2016 985,2018 1047,2019 1109,2021 1170,2022 1232,2023 1294,2024 1355,2025 1417,2026 1479,2026 1540,2026 1602,2026 1664,2025 1726,2023"/>
                <TextEquiv>
                    <Unicode>Melancholeia durch die Akte zu gehen. Auch ihr Lächeln und Lachen</Unicode>
                </TextEquiv>
            </TextLine>
            <TextLine id="r1l18" custom="readingOrder {index:17;}">
                <Coords points="487,2057 1720,2069 1680,2031 488,2017"/>
                <Baseline points="495,2049 555,2049 616,2050 677,2051 738,2052 799,2054 859,2055 920,2056 981,2058 1042,2059 1103,2061 1163,2062 1224,2063 1285,2065 1346,2066 1407,2067 1467,2068 1528,2068 1589,2069 1650,2069 1711,2069"/>
                <TextEquiv>
                    <Unicode>war in Trauer getaucht. So kam doch immerhin eine Persönlich¬</Unicode>
                </TextEquiv>
            </TextLine>
            <TextLine id="r1l19" custom="readingOrder {index:18;}">
                <Coords points="485,2089 1675,2125 1728,2114 1729,2061 1202,2090 485,2055"/>
                <Baseline points="493,2089 554,2091 615,2093 677,2095 738,2096 799,2098 861,2099 922,2100 983,2101 1045,2102 1106,2102 1167,2103 1229,2104 1290,2105 1351,2105 1413,2106 1474,2107 1535,2108 1597,2109 1658,2110 1720,2111"/>
                <TextEquiv>
                    <Unicode>keit heraus, und am Schluß kamen zwingende schauspielerische</Unicode>
                </TextEquiv>
            </TextLine>
            <TextLine id="r1l20" custom="readingOrder {index:19;}">
                <Coords points="480,2133 1624,2173 1727,2154 1728,2114 480,2104"/>
                <Baseline points="488,2134 549,2135 611,2137 672,2138 734,2139 795,2140 857,2141 918,2141 980,2142 1041,2143 1103,2144 1165,2144 1226,2145 1288,2146 1349,2147 1411,2148 1472,2148 1534,2150 1595,2151 1657,2152 1719,2154"/>
                <TextEquiv>
                    <Unicode>Momente. Herr Monnard schien mir nicht ganz aus sich selbst</Unicode>
                </TextEquiv>
            </TextLine>
            <TextLine id="r1l21" custom="readingOrder {index:20;}">
                <Coords points="482,2180 1612,2206 1694,2203 1726,2155 483,2142"/>
                <Baseline points="489,2176 550,2176 611,2177 673,2178 734,2179 796,2180 857,2181 918,2182 980,2183 1041,2184 1103,2185 1164,2186 1225,2187 1287,2188 1348,2189 1410,2190 1471,2191 1532,2192 1594,2192 1655,2194 1717,2194"/>
                <TextEquiv>
                    <Unicode>heraus zu schaffen. Vielleicht hat er Rittner nie gesehen, aber mir</Unicode>
                </TextEquiv>
            </TextLine>
            <TextLine id="r1l22" custom="readingOrder {index:21;}">
                <Coords points="477,2209 1723,2241 1686,2200 477,2182"/>
                <Baseline points="484,2217 545,2218 607,2219 668,2219 730,2220 791,2221 853,2221 914,2222 976,2223 1037,2224 1099,2225 1161,2226 1222,2226 1284,2228 1345,2229 1407,2230 1468,2231 1530,2232 1591,2233 1653,2235 1715,2237"/>
                <TextEquiv>
                    <Unicode>kam vor, als kopiere er Rittner. Ist aber ein echter Monnard nicht</Unicode>
                </TextEquiv>
            </TextLine>
            <TextLine id="r1l23" custom="readingOrder {index:22;}">
                <Coords points="478,2266 1711,2285 1668,2239 479,2221"/>
                <Baseline points="487,2256 547,2257 608,2258 669,2259 730,2260 791,2261 851,2262 912,2263 973,2264 1034,2265 1095,2266 1155,2267 1216,2268 1277,2270 1338,2271 1399,2272 1459,2273 1520,2274 1581,2275 1642,2276 1703,2276"/>
                <TextEquiv>
                    <Unicode>doch immer noch besser als ein falscher Rittner? Das Unechte nutzt</Unicode>
                </TextEquiv>
            </TextLine>
            <TextLine id="r1l24" custom="readingOrder {index:23;}">
                <Coords points="479,2306 1091,2307 1187,2330 1326,2295 1197,2265 479,2271"/>
                <Baseline points="486,2302 527,2302 569,2302 610,2303 652,2303 694,2304 735,2304 777,2305 818,2305 860,2306 902,2306 943,2307 985,2307 1026,2308 1068,2309 1110,2309 1151,2310 1193,2311 1234,2312 1276,2312 1318,2313"/>
                <TextEquiv>
                    <Unicode>sich zu rasch ab und wird dann überflüssig.</Unicode>
                </TextEquiv>
            </TextLine>
            <TextLine id="r1l25" custom="readingOrder {index:24;}">
                <Coords points="530,2347 1581,2374 1720,2364 1721,2312 530,2321"/>
                <Baseline points="537,2345 595,2344 654,2343 713,2342 772,2343 830,2343 889,2344 948,2346 1007,2347 1065,2349 1124,2351 1183,2353 1242,2354 1300,2356 1359,2357 1418,2359 1477,2360 1535,2360 1594,2361 1653,2360 1712,2359"/>
                <TextEquiv>
                    <Unicode>Noch habe ich von Fräulein Herterich als dem männerfreund¬</Unicode>
                </TextEquiv>
            </TextLine>
            <TextLine id="r1l26" custom="readingOrder {index:25;}">
                <Coords points="475,2382 1612,2423 1719,2402 1720,2365 475,2337"/>
                <Baseline points="483,2382 544,2383 605,2384 667,2385 728,2386 790,2387 851,2388 913,2389 974,2390 1036,2391 1097,2392 1158,2393 1220,2394 1281,2395 1343,2396 1404,2397 1466,2398 1527,2399 1589,2400 1650,2401 1712,2402"/>
                <TextEquiv>
                    <Unicode>lichen Mädchen, von Herrn Stieler als dem Liebhaber der Frau</Unicode>
                </TextEquiv>
            </TextLine>
            <TextLine id="r1l27" custom="readingOrder {index:26;}">
                <Coords points="479,2419 1526,2460 1689,2454 1715,2407 479,2393"/>
                <Baseline points="487,2428 548,2425 609,2424 670,2423 731,2423 792,2424 853,2425 914,2427 975,2429 1036,2431 1097,2433 1158,2436 1219,2438 1280,2440 1341,2442 1402,2443 1463,2445 1524,2445 1585,2445 1646,2444 1707,2443"/>
                <TextEquiv>
                    <Unicode>und Herrn Marr als dem beistehenden Hausarzt zu sprechen. Wie</Unicode>
                </TextEquiv>
            </TextLine>
            <TextLine id="r1l28" custom="readingOrder {index:27;}">
                <Coords points="480,2463 1719,2482 1719,2451 1599,2444 481,2426"/>
                <Baseline points="488,2465 549,2466 610,2467 671,2468 732,2469 793,2471 854,2472 916,2474 977,2475 1038,2477 1099,2479 1160,2480 1221,2481 1282,2482 1344,2484 1405,2484 1466,2484 1527,2484 1588,2484 1649,2483 1711,2482"/>
                <TextEquiv>
                    <Unicode>immer fügten sie sich nach dem Maße ihrer Aufgaben in das aus¬</Unicode>
                </TextEquiv>
            </TextLine>
            <TextLine id="r1l29" custom="readingOrder {index:28;}">
                <Coords points="471,2509 1590,2547 1691,2537 1721,2483 471,2481"/>
                <Baseline points="479,2510 540,2509 602,2509 663,2509 725,2509 787,2510 848,2511 910,2513 972,2514 1033,2516 1095,2518 1157,2520 1218,2521 1280,2523 1342,2524 1403,2525 1465,2526 1527,2526 1588,2525 1650,2524 1712,2523"/>
                <TextEquiv>
                    <Unicode>gezeichnete Zusammenspiel, das für dieses schwierige Werk unent¬</Unicode>
                </TextEquiv>
            </TextLine>
            <TextLine id="r1l30" custom="readingOrder {index:29;}">
                <Coords points="475,2566 498,2574 530,2560 560,2566 589,2556 619,2570 631,2562 670,2572 716,2558 716,2527 699,2528 679,2511 640,2523 620,2513 602,2522 591,2511 475,2517"/>
                <Baseline points="482,2547 507,2549 532,2551 557,2551 582,2551 607,2551 632,2551 657,2550 682,2550 708,2550"/>
                <TextEquiv>
                    <Unicode>behrlich ist.</Unicode>
                </TextEquiv>
            </TextLine>
            <TextLine id="r1l31" custom="readingOrder {index:30;}">
                <Coords points="995,2617 1017,2615 1041,2631 1064,2620 1084,2637 1112,2636 1118,2643 1132,2636 1144,2641 1187,2624 1189,2577 1157,2569 1146,2576 1119,2572 1086,2586 1047,2560 998,2553"/>
                <Baseline points="1004,2605 1029,2608 1054,2611 1079,2614 1104,2616 1129,2616 1154,2615 1180,2611"/>
                <TextEquiv>
                    <Unicode>* * *</Unicode>
                </TextEquiv>
            </TextLine>
            <TextLine id="r1l32" custom="readingOrder {index:31;}">
                <Coords points="521,2660 1717,2699 1718,2654 521,2633"/>
                <Baseline points="529,2663 588,2665 647,2666 706,2668 765,2669 824,2670 883,2672 942,2673 1001,2674 1060,2676 1119,2677 1178,2678 1237,2679 1296,2680 1355,2681 1414,2682 1473,2683 1532,2684 1591,2685 1650,2686 1710,2687"/>
                <TextEquiv>
                    <Unicode>Gleichzeitig fand gestern in einer Anzahl von anderen Städten die</Unicode>
                </TextEquiv>
            </TextLine>
            <TextLine id="r1l33" custom="readingOrder {index:32;}">
                <Coords points="469,2711 1713,2728 1644,2690 470,2667"/>
                <Baseline points="478,2707 539,2708 600,2709 662,2710 723,2712 784,2713 846,2714 907,2715 968,2716 1030,2717 1091,2719 1152,2719 1214,2721 1275,2722 1336,2723 1398,2724 1459,2726 1520,2727 1582,2728 1643,2729 1705,2730"/>
                <TextEquiv>
                    <Unicode>Premiere des Schnitzlerschen Stückes statt. Wir erhalten darüber sol¬</Unicode>
                </TextEquiv>
            </TextLine>
            <TextLine id="r1l34" custom="readingOrder {index:33;}">
                <Coords points="467,2763 550,2765 573,2779 669,2760 691,2771 731,2760 784,2769 793,2767 793,2725 618,2714 541,2723 516,2711 467,2734"/>
                <Baseline points="474,2756 499,2754 525,2753 551,2751 577,2751 603,2751 629,2751 655,2752 681,2752 707,2752 733,2753 759,2753 785,2752"/>
                <TextEquiv>
                    <Unicode>gende Depeschen:</Unicode>
                </TextEquiv>
            </TextLine>
            <TextLine id="r1l35" custom="readingOrder {index:34;}">
                <Coords points="730,2825 1489,2839 1666,2813 1666,2779 1482,2793 1431,2759 1360,2788 731,2760"/>
                <Baseline points="738,2806 784,2808 830,2810 876,2812 922,2813 968,2815 1014,2816 1060,2817 1106,2818 1152,2818 1198,2819 1244,2820 1290,2821 1336,2821 1382,2822 1428,2822 1474,2823 1520,2823 1566,2824 1612,2825 1658,2825"/>
                <TextEquiv>
                    <Unicode>□ München, 14. Oktober. (Privat=Telegramm.)</Unicode>
                </TextEquiv>
            </TextLine>
            <TextLine id="r1l36" custom="readingOrder {index:35;}">
                <Coords points="520,2857 1705,2873 1571,2826 521,2811"/>
                <Baseline points="528,2849 586,2850 644,2851 703,2853 761,2854 820,2855 878,2856 937,2857 995,2859 1054,2860 1112,2860 1170,2861 1229,2862 1287,2863 1346,2864 1404,2865 1463,2866 1521,2867 1580,2867 1638,2868 1697,2869"/>
                <TextEquiv>
                    <Unicode>Im Residenztheater wurden die beiden ersten Akte der Tragi¬</Unicode>
                </TextEquiv>
            </TextLine>
            <TextLine id="r1l37" custom="readingOrder {index:36;}">
                <Coords points="460,2893 1544,2930 1706,2890 461,2863"/>
                <Baseline points="469,2890 530,2890 591,2891 653,2892 714,2894 776,2895 837,2897 899,2899 960,2900 1022,2903 1083,2904 1144,2906 1206,2908 1267,2909 1329,2910 1390,2911 1452,2912 1513,2912 1575,2912 1636,2911 1698,2910"/>
                <TextEquiv>
                    <Unicode>komödie „Das weite Land“ von Arthur Schnitzler mit lauem Beifall</Unicode>
                </TextEquiv>
            </TextLine>
            <TextLine id="r1l38" custom="readingOrder {index:37;}">
                <Coords points="455,2920 544,2953 1704,2950 1619,2915 455,2903"/>
                <Baseline points="462,2931 523,2933 585,2934 647,2936 708,2938 770,2940 832,2942 893,2943 955,2945 1017,2947 1079,2948 1140,2950 1202,2951 1264,2952 1325,2953 1387,2953 1449,2954 1510,2954 1572,2954 1634,2954 1696,2953"/>
                <TextEquiv>
                    <Unicode>ausgenommen. Nach dem dritten Akt setzte stärkerer Beifall ein, der</Unicode>
                </TextEquiv>
            </TextLine>
            <TextLine id="r1l39" custom="readingOrder {index:38;}">
                <Coords points="463,2989 1484,3016 1577,2964 463,2950"/>
                <Baseline points="470,2979 524,2978 579,2978 634,2978 689,2978 744,2979 799,2981 854,2983 909,2984 964,2986 1019,2988 1073,2990 1128,2992 1183,2994 1238,2994 1293,2996 1348,2996 1403,2996 1458,2996 1513,2994 1568,2992"/>
                <TextEquiv>
                    <Unicode>sich zum Schlusse zu einem durchschlagenden Erfolg steigerte.</Unicode>
                </TextEquiv>
            </TextLine>
            <TextLine id="r1l40" custom="readingOrder {index:39;}">
                <Coords points="742,3026 1617,3061 1655,3013 742,3000"/>
                <Baseline points="750,3034 794,3035 839,3035 884,3037 929,3037 974,3038 1018,3039 1063,3040 1108,3041 1153,3042 1198,3042 1242,3043 1287,3044 1332,3045 1377,3045 1422,3046 1466,3046 1511,3047 1556,3047 1601,3047 1646,3047"/>
                <TextEquiv>
                    <Unicode>=Leipzig, 14. Oktober. (Privat=Telegramm.)</Unicode>
                </TextEquiv>
            </TextLine>
            <TextLine id="r1l41" custom="readingOrder {index:40;}">
                <Coords points="516,3075 1644,3106 1698,3056 516,3049"/>
                <Baseline points="524,3069 582,3072 640,3074 698,3076 757,3078 815,3079 873,3081 931,3082 990,3083 1048,3084 1106,3085 1164,3086 1223,3087 1281,3087 1339,3088 1397,3089 1456,3090 1514,3091 1572,3092 1630,3093 1689,3094"/>
                <TextEquiv>
                    <Unicode>Schnitzlers „Das weite Land“ machte bei seiner heutigen Urauf¬</Unicode>
                </TextEquiv>
            </TextLine>
            <TextLine id="r1l42" custom="readingOrder {index:41;}">
                <Coords points="462,3122 1644,3152 1698,3103 463,3075"/>
                <Baseline points="470,3113 531,3114 592,3116 653,3117 714,3118 775,3120 836,3122 897,3123 958,3125 1019,3126 1080,3128 1141,3129 1202,3131 1263,3132 1324,3133 1385,3134 1446,3135 1507,3136 1568,3136 1629,3137 1690,3137"/>
                <TextEquiv>
                    <Unicode>führung im Neuen Stadttheater in einigen Szenen starken Eindruck.</Unicode>
                </TextEquiv>
            </TextLine>
            <TextLine id="r1l43" custom="readingOrder {index:42;}">
                <Coords points="452,3169 1551,3192 1552,3149 1495,3138 453,3127"/>
                <Baseline points="460,3158 514,3157 568,3157 622,3157 676,3157 731,3158 785,3159 839,3160 893,3162 947,3164 1002,3165 1056,3167 1110,3169 1164,3170 1218,3172 1273,3173 1327,3175 1381,3176 1435,3176 1489,3176 1544,3176"/>
                <TextEquiv>
                    <Unicode>Im ganzen errang die Tragikomödie einen Achtungserfolg.</Unicode>
                </TextEquiv>
            </TextLine>
            <TextLine id="r1l44" custom="readingOrder {index:43;}">
                <Coords points="715,3223 1639,3252 1640,3206 1606,3197 1345,3186 1233,3214 1124,3185 987,3207 716,3180"/>
                <Baseline points="722,3222 767,3222 813,3222 858,3223 904,3223 949,3224 995,3225 1040,3226 1086,3228 1131,3229 1177,3230 1222,3231 1268,3233 1313,3233 1359,3235 1404,3235 1450,3236 1495,3237 1541,3238 1586,3238 1632,3238"/>
                <TextEquiv>
                    <Unicode>X Breslau, 14. Oktober. (Privat=Telegramm.)</Unicode>
                </TextEquiv>
            </TextLine>
            <TextLine id="r1l45" custom="readingOrder {index:44;}">
                <Coords points="519,3260 1156,3308 1597,3305 1713,3255 729,3251 520,3215"/>
                <Baseline points="527,3258 585,3261 644,3263 703,3265 762,3267 821,3269 880,3271 938,3273 997,3274 1056,3276 1115,3277 1174,3279 1233,3280 1292,3281 1350,3282 1409,3283 1468,3284 1527,3285 1586,3287 1645,3288 1704,3289"/>
                <TextEquiv>
                    <Unicode>Schnitzlers „Das weite Land“ errang heute im Lobetheater einen!</Unicode>
                </TextEquiv>
            </TextLine>
            <TextLine id="r1l46" custom="readingOrder {index:45;}">
                <Coords points="444,3312 495,3310 514,3323 553,3310 603,3326 672,3320 707,3336 775,3317 775,3290 744,3293 712,3267 565,3274 533,3259 445,3273"/>
                <Baseline points="452,3307 478,3305 504,3305 530,3304 557,3304 583,3305 609,3306 635,3306 662,3308 688,3310 714,3311 740,3312 767,3314"/>
                <TextEquiv>
                    <Unicode>Achtungserfalg.</Unicode>
                </TextEquiv>
            </TextLine>
            <TextEquiv>
                <Unicode>box 28/4
I.
WC
24. Das iteand

Reicher blieb daher nicht viel anderes übrig, als seine Nutzanwen¬
dungen vom weiten Land vorsichtig in einen langen, schönen Bart
hineinzureden. Ebenso hatte Fräulein Sussin nur einen Fall und
keinen Menschen darzustellen, und da sie weniger bühnensicher ist
als Herr Reicher, so wirkte sie als Temonstrationspuppe beinahe
peinlich.
Auch die beiden Hauptdarsteller, Herr Monnard und Frau Triesch,
hatten keinen leichten Stand, denn auch sie sind von Dichters wegen
mehr ein Fall, als zwei Individuen. Der Fall Friedrich Hofreiter
und Frau! Quod erat demonstrandum! Nehmt ein Exempel dran!
Frau Triesch konnte nichts Besseres tun, als wie die leibhaftige
Melancholeia durch die Akte zu gehen. Auch ihr Lächeln und Lachen
war in Trauer getaucht. So kam doch immerhin eine Persönlich¬
keit heraus, und am Schluß kamen zwingende schauspielerische
Momente. Herr Monnard schien mir nicht ganz aus sich selbst
heraus zu schaffen. Vielleicht hat er Rittner nie gesehen, aber mir
kam vor, als kopiere er Rittner. Ist aber ein echter Monnard nicht
doch immer noch besser als ein falscher Rittner? Das Unechte nutzt
sich zu rasch ab und wird dann überflüssig.
Noch habe ich von Fräulein Herterich als dem männerfreund¬
lichen Mädchen, von Herrn Stieler als dem Liebhaber der Frau
und Herrn Marr als dem beistehenden Hausarzt zu sprechen. Wie
immer fügten sie sich nach dem Maße ihrer Aufgaben in das aus¬
gezeichnete Zusammenspiel, das für dieses schwierige Werk unent¬
behrlich ist.
* * *
Gleichzeitig fand gestern in einer Anzahl von anderen Städten die
Premiere des Schnitzlerschen Stückes statt. Wir erhalten darüber sol¬
gende Depeschen:
□ München, 14. Oktober. (Privat=Telegramm.)
Im Residenztheater wurden die beiden ersten Akte der Tragi¬
komödie „Das weite Land“ von Arthur Schnitzler mit lauem Beifall
ausgenommen. Nach dem dritten Akt setzte stärkerer Beifall ein, der
sich zum Schlusse zu einem durchschlagenden Erfolg steigerte.
=Leipzig, 14. Oktober. (Privat=Telegramm.)
Schnitzlers „Das weite Land“ machte bei seiner heutigen Urauf¬
führung im Neuen Stadttheater in einigen Szenen starken Eindruck.
Im ganzen errang die Tragikomödie einen Achtungserfolg.
X Breslau, 14. Oktober. (Privat=Telegramm.)
Schnitzlers „Das weite Land“ errang heute im Lobetheater einen!
Achtungserfalg.</Unicode>
            </TextEquiv>
        </TextRegion>
        <TextRegion orientation="0.0" id="r2" custom="readingOrder {index:1;}">
            <Coords points="1731,1552 1731,2374 2979,2374 2979,1552"/>
            <TextLine id="r2l1" custom="readingOrder {index:0;}">
                <Coords points="1949,1576 2073,1601 2935,1586 2886,1553 2651,1535 2521,1564 2385,1532 1949,1553"/>
                <Baseline points="1956,1572 2004,1572 2053,1573 2101,1574 2150,1575 2199,1575 2247,1576 2296,1577 2344,1578 2393,1579 2442,1580 2490,1581 2539,1581 2587,1582 2636,1583 2685,1584 2733,1584 2782,1585 2830,1586 2879,1587 2928,1587"/>
                <TextEquiv>
                    <Unicode>K &amp; Hamburg, 14. Oktober. (Privat=Telegramm.)</Unicode>
                </TextEquiv>
            </TextLine>
            <TextLine id="r2l2" custom="readingOrder {index:1;}">
                <Coords points="1788,1629 2972,1625 2972,1594 1789,1573"/>
                <Baseline points="1796,1611 1854,1614 1912,1616 1971,1618 2029,1620 2087,1621 2146,1623 2204,1624 2262,1625 2321,1626 2379,1627 2437,1628 2496,1629 2554,1629 2612,1630 2671,1631 2729,1631 2787,1632 2846,1633 2904,1633 2963,1634"/>
                <TextEquiv>
                    <Unicode>Der Erfolg von Schnitzlers Tragikomödie „Das weite Land“</Unicode>
                </TextEquiv>
            </TextLine>
            <TextLine id="r2l3" custom="readingOrder {index:2;}">
                <Coords points="1754,1662 2986,1687 2987,1614 2891,1646 1755,1625"/>
                <Baseline points="1762,1657 1822,1658 1883,1659 1944,1660 2005,1661 2066,1662 2127,1664 2187,1665 2248,1668 2309,1669 2370,1671 2431,1672 2492,1674 2553,1675 2613,1676 2674,1676 2735,1676 2796,1676 2857,1675 2918,1674 2979,1672"/>
                <TextEquiv>
                    <Unicode>im Deutschen Schauspielhaus war bereits nach dem zweiten Akt ent¬</Unicode>
                </TextEquiv>
            </TextLine>
            <TextLine id="r2l4" custom="readingOrder {index:3;}">
                <Coords points="1755,1710 2863,1739 2976,1731 2977,1683 1755,1662"/>
                <Baseline points="1762,1704 1822,1704 1882,1704 1943,1705 2003,1706 2063,1707 2124,1708 2184,1709 2244,1711 2305,1712 2365,1713 2425,1714 2486,1716 2546,1717 2606,1718 2667,1718 2727,1719 2787,1719 2848,1719 2908,1719 2969,1719"/>
                <TextEquiv>
                    <Unicode>schieden, obwohl die leichte wienerische Lebensauffassung das Ham¬</Unicode>
                </TextEquiv>
            </TextLine>
            <TextLine id="r2l5" custom="readingOrder {index:4;}">
                <Coords points="1742,1748 1789,1766 2066,1749 2382,1770 2441,1755 2442,1723 1743,1709"/>
                <Baseline points="1751,1742 1785,1742 1819,1742 1853,1742 1887,1743 1921,1743 1955,1744 1990,1745 2024,1746 2058,1747 2092,1747 2126,1748 2160,1749 2194,1750 2229,1750 2263,1751 2297,1751 2331,1751 2365,1751 2399,1751 2434,1750"/>
                <TextEquiv>
                    <Unicode>burger Publikum teilweise befremdete.</Unicode>
                </TextEquiv>
            </TextLine>
            <TextLine id="r2l6" custom="readingOrder {index:5;}">
                <Coords points="1900,1795 2773,1831 2932,1821 2933,1789 2723,1754 2507,1791 2458,1764 1900,1761"/>
                <Baseline points="1908,1793 1958,1795 2009,1796 2060,1798 2111,1799 2162,1800 2212,1802 2263,1803 2314,1804 2365,1805 2416,1806 2466,1807 2517,1808 2568,1809 2619,1810 2670,1810 2720,1810 2771,1811 2822,1811 2873,1810 2924,1810"/>
                <TextEquiv>
                    <Unicode>Kus Hannover, 14. Oktober. (Privat=Telegramm.)</Unicode>
                </TextEquiv>
            </TextLine>
            <TextLine id="r2l7" custom="readingOrder {index:6;}">
                <Coords points="1792,1840 2983,1848 2960,1800 2157,1833 1793,1800"/>
                <Baseline points="1800,1839 1858,1840 1917,1843 1976,1844 2034,1846 2093,1847 2152,1848 2210,1849 2269,1850 2328,1851 2387,1852 2445,1853 2504,1854 2563,1854 2621,1855 2680,1855 2739,1855 2797,1856 2856,1856 2915,1856 2974,1857"/>
                <TextEquiv>
                    <Unicode>In der Schauburg zu Hannover fand heute unter ungeteiltem</Unicode>
                </TextEquiv>
            </TextLine>
            <TextLine id="r2l8" custom="readingOrder {index:7;}">
                <Coords points="1746,1891 2978,1908 2978,1877 2852,1863 1746,1851"/>
                <Baseline points="1754,1881 1814,1883 1875,1884 1936,1885 1997,1887 2058,1888 2118,1890 2179,1891 2240,1892 2301,1894 2362,1895 2422,1896 2483,1897 2544,1898 2605,1899 2666,1899 2726,1899 2787,1900 2848,1900 2909,1900 2970,1899"/>
                <TextEquiv>
                    <Unicode>großen Beifall bei vorzüglicher Darstellung die Uraufführung von</Unicode>
                </TextEquiv>
            </TextLine>
            <TextLine id="r2l9" custom="readingOrder {index:8;}">
                <Coords points="1750,1930 2518,1952 2534,1913 1751,1890"/>
                <Baseline points="1758,1920 1796,1920 1834,1921 1873,1922 1911,1922 1950,1923 1988,1924 2026,1925 2065,1927 2103,1928 2142,1929 2180,1930 2218,1931 2257,1933 2295,1933 2334,1935 2372,1936 2410,1936 2449,1937 2487,1938 2526,1939"/>
                <TextEquiv>
                    <Unicode>Arthur Schnitzlers „Das weite Land“ statt.</Unicode>
                </TextEquiv>
            </TextLine>
            <TextLine id="r2l10" custom="readingOrder {index:9;}">
                <Coords points="2044,1985 2519,1977 2854,2011 2913,1991 2844,1949 2045,1945"/>
                <Baseline points="2052,1983 2094,1983 2137,1983 2179,1984 2222,1984 2265,1984 2307,1985 2350,1986 2393,1986 2435,1987 2478,1988 2521,1989 2563,1989 2606,1990 2649,1991 2691,1992 2734,1992 2777,1993 2819,1993 2862,1994 2905,1994"/>
                <TextEquiv>
                    <Unicode>* Wien, 14. Oktober. (Privat=Telegramm.)</Unicode>
                </TextEquiv>
            </TextLine>
            <TextLine id="r2l11" custom="readingOrder {index:10;}">
                <Coords points="1786,2021 2984,2044 2985,1993 2925,1984 1787,1976"/>
                <Baseline points="1794,2018 1853,2020 1912,2021 1971,2023 2030,2024 2089,2026 2148,2027 2208,2028 2267,2029 2326,2030 2385,2030 2444,2031 2503,2032 2562,2032 2622,2033 2681,2033 2740,2034 2799,2034 2858,2035 2917,2035 2977,2035"/>
                <TextEquiv>
                    <Unicode>Im Burgtheater hatte heute die Schnitzlersche Tragikomödie Des</Unicode>
                </TextEquiv>
            </TextLine>
            <TextLine id="r2l12" custom="readingOrder {index:11;}">
                <Coords points="1734,2068 2962,2090 2963,2036 1735,2026"/>
                <Baseline points="1742,2060 1802,2060 1863,2061 1923,2063 1984,2064 2045,2066 2105,2067 2166,2069 2227,2071 2287,2073 2348,2074 2409,2076 2469,2078 2530,2079 2591,2080 2651,2081 2712,2081 2773,2081 2833,2081 2894,2080 2955,2079"/>
                <TextEquiv>
                    <Unicode>weite Lund“ bei einer verhältnismäßig guten Aufführung starkeh</Unicode>
                </TextEquiv>
            </TextLine>
            <TextLine id="r2l13" custom="readingOrder {index:12;}">
                <Coords points="1732,2112 2902,2149 2971,2101 1733,2070"/>
                <Baseline points="1740,2102 1801,2103 1862,2105 1923,2106 1984,2107 2045,2108 2106,2109 2168,2110 2229,2112 2290,2113 2351,2114 2412,2115 2473,2116 2534,2118 2596,2118 2657,2120 2718,2121 2779,2122 2840,2122 2901,2123 2963,2124"/>
                <TextEquiv>
                    <Unicode>äußeren Erfolg. Schnitzler wurde nach jedem Akt wiederholt gerufeh</Unicode>
                </TextEquiv>
            </TextLine>
            <TextLine id="r2l14" custom="readingOrder {index:13;}">
                <Coords points="1739,2149 1831,2161 1864,2152 1890,2164 1967,2153 2019,2178 2108,2150 2109,2124 2064,2112 1817,2122 1805,2110 1740,2110"/>
                <Baseline points="1747,2142 1772,2141 1797,2141 1822,2141 1848,2141 1873,2141 1898,2142 1924,2143 1949,2144 1974,2145 1999,2146 2025,2147 2050,2147 2075,2148 2101,2148"/>
                <TextEquiv>
                    <Unicode>und warm begrüßt.</Unicode>
                </TextEquiv>
            </TextLine>
            <TextLine id="r2l15" custom="readingOrder {index:14;}">
                <Coords points="2069,2208 2864,2229 2916,2215 2917,2187 2844,2149 2666,2179 2575,2153 2454,2177 2069,2156"/>
                <Baseline points="2076,2202 2117,2204 2159,2205 2200,2206 2242,2207 2284,2207 2325,2208 2367,2208 2409,2208 2450,2208 2492,2208 2534,2208 2575,2209 2617,2209 2659,2209 2700,2209 2742,2210 2784,2211 2825,2212 2867,2213 2909,2215"/>
                <TextEquiv>
                    <Unicode>D Prag, 14. Oktober. (Privat=Telegramm.)</Unicode>
                </TextEquiv>
            </TextLine>
            <TextLine id="r2l16" custom="readingOrder {index:15;}">
                <Coords points="1783,2241 2975,2260 2909,2215 1783,2210"/>
                <Baseline points="1790,2239 1848,2240 1907,2241 1966,2243 2025,2244 2084,2245 2143,2246 2201,2247 2260,2248 2319,2249 2378,2250 2437,2251 2496,2252 2555,2253 2613,2253 2672,2254 2731,2255 2790,2256 2849,2257 2908,2259 2967,2260"/>
                <TextEquiv>
                    <Unicode>Im neuen Deutschen Theater wurde Schnitzlers Tre komödie#</Unicode>
                </TextEquiv>
            </TextLine>
            <TextLine id="r2l17" custom="readingOrder {index:16;}">
                <Coords points="1734,2283 2975,2307 2961,2249 2297,2272 1735,2227"/>
                <Baseline points="1742,2277 1803,2279 1864,2280 1925,2282 1987,2284 2048,2286 2109,2288 2170,2290 2232,2291 2293,2293 2354,2294 2415,2295 2477,2296 2538,2297 2599,2298 2660,2299 2722,2299 2783,2300 2844,2300 2905,2299 2967,2299"/>
                <TextEquiv>
                    <Unicode>mit respektvoller Achtung, die namentlich dem Autor galt, aufge¬</Unicode>
                </TextEquiv>
            </TextLine>
            <TextLine id="r2l18" custom="readingOrder {index:17;}">
                <Coords points="1735,2323 2814,2357 2955,2350 2985,2306 1736,2287"/>
                <Baseline points="1743,2322 1804,2323 1866,2324 1927,2326 1989,2327 2051,2329 2112,2330 2174,2332 2236,2333 2297,2334 2359,2336 2421,2337 2482,2338 2544,2339 2606,2340 2667,2341 2729,2342 2791,2342 2852,2343 2914,2343 2976,2343"/>
                <TextEquiv>
                    <Unicode>nommen. Im Publikum machte sich aber kein besonderer Beifall be¬</Unicode>
                </TextEquiv>
            </TextLine>
            <TextLine id="r2l19" custom="readingOrder {index:18;}">
                <Coords points="1723,2378 1740,2378 1750,2389 1766,2379 1785,2385 1798,2381 1808,2389 1832,2383 1840,2388 1846,2382 1873,2391 1910,2386 1910,2348 1849,2329 1810,2325 1776,2336 1753,2331 1734,2349 1723,2347"/>
                <Baseline points="1731,2363 1759,2361 1788,2361 1816,2362 1845,2363 1873,2363 1902,2364"/>
                <TextEquiv>
                    <Unicode>merkbar.</Unicode>
                </TextEquiv>
            </TextLine>
            <TextEquiv>
                <Unicode>K &amp; Hamburg, 14. Oktober. (Privat=Telegramm.)
Der Erfolg von Schnitzlers Tragikomödie „Das weite Land“
im Deutschen Schauspielhaus war bereits nach dem zweiten Akt ent¬
schieden, obwohl die leichte wienerische Lebensauffassung das Ham¬
burger Publikum teilweise befremdete.
Kus Hannover, 14. Oktober. (Privat=Telegramm.)
In der Schauburg zu Hannover fand heute unter ungeteiltem
großen Beifall bei vorzüglicher Darstellung die Uraufführung von
Arthur Schnitzlers „Das weite Land“ statt.
* Wien, 14. Oktober. (Privat=Telegramm.)
Im Burgtheater hatte heute die Schnitzlersche Tragikomödie Des
weite Lund“ bei einer verhältnismäßig guten Aufführung starkeh
äußeren Erfolg. Schnitzler wurde nach jedem Akt wiederholt gerufeh
und warm begrüßt.
D Prag, 14. Oktober. (Privat=Telegramm.)
Im neuen Deutschen Theater wurde Schnitzlers Tre komödie#
mit respektvoller Achtung, die namentlich dem Autor galt, aufge¬
nommen. Im Publikum machte sich aber kein besonderer Beifall be¬
merkbar.</Unicode>
            </TextEquiv>
        </TextRegion>
    </Page>
</PcGts>
