3344 4320
1354 64 1795 153 box 28/4
234 63 1179 166 24. Das geite-Land
475 252 815 320 sdchmet aus
883 277 1639 382 ider Borsen Zeitung, Beina
552 317 1426 443 1.5 OKT 111
477 383 559 422 n:
490 410 574 454 KMEN
663 492 1343 571 Knnst und Wissenschaft.
589 557 1459 626 — Lessing=Theater: „Das weite Land“, Tragi¬
526 598 1149 660 komödie von Arthur Schnitzler.
574 651 1459 701 „Was sind wir Menschen doch im Grunde für
527 687 1458 730 komplizierte Subjekte! So vieles hat zu¬
529 722 1038 783 gleich Raum in uns!
1040 724 1458 782 Wir versuchen wohl
524 762 1172 818 Ordnung in uns zu schaffen,
1246 771 1457 819 gut es
523 799 1470 849 geht; aber diese Ordnung ist doch nur etwas
524 835 953 891 Künstliches. Die Seele
1028 849 1444 904 ist ein weites Land!“
517 884 1458 931 Ungefähr mit diesen Worten gibt eine der
527 926 1468 963 vielen Nebenpersonen das Thema von Schnitzlers
515 966 1463 1010 neuem Werke an. Die Seele ist ein weites Land —
526 1003 1472 1054 und in einem weiten Lande gibt es noch viele un¬
513 1035 1517 1089 erforschte Gegenden. Ja, selbst von denen, die man zu *
511 1083 1464 1137 kennen glaubt, ist die Kenntnis doch nur recht ober¬
527 1128 1465 1183 flächlich. Da reden wir von verschiedenen Provinzen:
516 1158 1456 1205 Liebe, Haß, Eisersucht, Reue — und doch, geben
511 1202 1463 1245 diese Worte wirklich genaue Vorstellung aller der be¬
522 1242 1255 1291 treffenden Distrikte in dem weiten Land?
561 1285 1469 1323 Der Fabrikant Hofreiter ist, was man einen Don
511 1320 1465 1378 Ipan nennt. Er betrügt seine Frau mit dieser
520 1366 1471 1414 und jener, — aber wer kann sagen, er liebe
512 1395 1468 1448 seine Frau nicht oder sie sei ihm gleichgültig?
518 1440 1461 1488 Vielmehr, es scheint, er umgibt sie gewisser¬
514 1486 1464 1533 maßen mit einer diskreten Eisersuchtskette. Er
527 1523 1470 1573 hat geradezu eine Witterung für ihren Verkehr
525 1553 1470 1609 mit den Männern, ein seines Gehör für ihren
515 1597 1468 1640 Verkehrston. Als er erfährt, daß sich einer wegen
515 1640 1470 1684 unerwiderter Liebe zu ihr das Leben genommen,
519 1684 1470 1734 graut ihm fast vor ihr. Und als er entdeckt, daß
518 1724 1463 1771 sie einen anderen erhörte, frohlockt er beinahe, weil
523 1762 1473 1809 er sich nun im Hause nicht mehr als der allein
522 1794 1053 1852 Schuldige zu fühlen brauche.
570 1846 1467 1895 Diese Seelenkomplikationen glossiert Schnitzler vier
521 1865 1478 1935 Akte lang mit vielen feuilletonistischen Geistreichig¬
520 1923 1471 1975 keiten und immer in einem Dialog, der diese
524 1956 749 2011 Akte zu
752 1954 1472 2015 einem feinen Konversationslustspiel
519 1991 1470 2055 auf bemerkenswert solider psychologischer Grundlage
520 2048 1467 2097 stempelt. Vieles in diesen Partien gehört zum Ge¬
518 2076 1460 2134 schlissensten, was der geschmackvolle Dialogiker je
533 2121 1465 2157 gesprochen, und man freut sich vielsach dieser
513 2152 726 2209 Weisheit,
834 2155 1470 2213 mit überlegenem humoristischen
517 2191 1466 2236 Schmunzeln die Wahrheit sagt und durch keine
521 2234 1470 2273 neue Entdeckung im weiten Lande seelischer
515 2275 1468 2322 Stimmungen aus der Fassung zu bringen ist. Um so
528 2314 1478 2357 größer das Stannen, daß der lächelnde Weise ur¬
526 2353 1478 2401 plötzlich die Stirne zu finsteren tragischen Falten
515 2391 1478 2448 runzelt. Der froh das Leben genießende Fabrikant
520 2435 1523 2516 tritt mit einem Male mit den Tragödienhelden
539 2528 1504 2577 in Konkurrenz, greift zum Revolver und erschießt den
557 2565 1350 2607 von der Gattin begünstigten Fähnrich.
1363 2569 1503 2626 Diese
542 2604 1505 2675 tragische Krönung wirkt unorganisch. Doch gewiß
548 2636 621 2691 ist
684 2646 1502 2707 das Resultat einer tieseren Absicht: Ist
552 2685 1499 2739 vielleicht im tiefsten Grunde des Helden Liebe
547 2729 1496 2773 zur Gattin immer so glühend und echt gewesen,
553 2751 1508 2819 daß er nicht anders handeln konnte? Und war ihm
558 2804 1498 2862 alles andere nur Episode? Es ist das Schlußfrage¬
545 2842 1504 2891 zeichen des Schnitzlerschen Werkes, andeutend, daß es
544 2885 1499 2924 uns wohk immer versagt bleiben wird, einzudringen
551 2926 1496 2970 in die Geheimnisse der weiten Landes, das wir Seele
543 2960 717 3013 nennen.
601 2985 1497 3038 So wenig die Dichtung im eigentlichen Sinne
545 3044 1501 3093 bühnendankbar ist, — das Lessing=Theater meisterte
550 3082 1500 3123 sie trefflich. Herr Monuard in der schwierigen
547 3122 1502 3168 Hauptrolle vergrößerte gleichsam den Anatol¬
557 3152 1501 3214 Typus und vertiefte ihn 1ach Anleitung des Dichters.
558 3197 1502 3254 Ich habe den Künstler noch nie so menschlich schlicht ge¬
554 3239 1504 3297 sunden wie in der Gestaltung dieses dissizilsten, kom¬
545 3283 1507 3342 pliziertesten Charakters. Frau Triesch sekundierte
550 3314 1498 3353 ihm meisterlich, war bald seine Herrin, bald fast seine
562 3357 1501 3413 Sklavin und leuchtete tief in die seelischen Unbegreis¬
560 3397 1508 3441 lichkeiten. Das gesamte Ensemble hielt sich über¬
554 3430 1498 3481 haupt in den oft kaum greifbaren Situationen auf
553 3474 1499 3517 gewohnter Höhe, und selbst in den Partien,
549 3507 1498 3558 die als unnötiger Ballast erschienen, wußten Künstler
556 3563 1495 3611 wie Stieler und Marr, die Herterich und die Sussin,
545 3593 1505 3664 die Aufmerksamkeit immer wieder auf die Szene zu
558 3638 1502 3676 fesseln. So wurde es ein zwar nicht lärmender, aber
552 3668 1509 3743 ehrenvoller Erfolg, für den Direktor Brahm alle
542 3709 1096 3779 Ursache hatte. im Me###.
550 3737 1500 3862 zu dauken.1221 Dichters
1350 3824 1514 3894 Kn—
2182 79 2387 164 sschnitt
2396 90 3128 239 Böflinor Morgenpost, Berlin
2318 171 2581 256 150K11971
2189 212 2282 273 m:
2196 269 2254 310 897
2418 307 3075 389 Theater Kunlund
2256 310 2412 399 818
2367 369 3062 446 AWissenschaft
2262 427 2391 495 S
2424 482 2935 568 „Das weite Land“.
2262 548 3104 630 Tragikomodie in 5 Akten von Arthur Schnitzler.
2283 612 3061 669 Erstaufführung gestern im Lessing=Theater.
2284 656 3114 719 Das „weite Land“ in dessen unerforschte und
2230 701 3115 751 niemals ganz zu erforschende Gebiete wir hier zu
2229 748 3112 797 einem Ausflug eingeladen werden, ist das Lieblings¬
2227 793 3119 840 gebiet von Schnitzlers psychologisch=dramatischen
2224 838 3110 886 Forschungsexpeditionen: die merkwürdige Gegend
2235 875 3116 933 der menschlichen Seele, wo im Urwaldgestrüpp die
2242 927 3124 988 Geheimnisse der erotischen und vor allem der ehe¬
2233 960 3120 1029 lichen Beziehungen ruhen. Diese Deutung des Titels
2234 1022 3113 1068 wird nicht gerade sehr delikat vorgebracht, und man
2236 1057 3118 1112 könnte ihn auch im Sinne von Effi Briests Vater
2231 1102 3119 1162 fassen: „Das weite Feld“. Denn über die Themata,
2228 1147 3120 1194 die sich darunter verstecken, ließe sich unendliches und
2243 1193 3115 1241 noch einiges mehr plaudern. Bei Artbür Schnitz¬
2235 1245 3121 1293 ler, darf man sicher sein, einem geschmack¬
2239 1283 3111 1333 vollen und kultiviertem Kopf gegenüberzu¬
2239 1326 3117 1370 sitzen, der seine Gestalten nicht mit mehr
2240 1352 3122 1417 Lebens= und Gesellschaftsphilosophie beschwert, als sie
2234 1403 3119 1472 brauchen, um uns über ihre persönlichen Erlebnisse
2234 1459 3113 1514 hinaus zu interessieren. Immerhin obziert er einiger¬
2235 1486 3121 1561 maßen die litzligen Fragen, die er aufweist, und stellt
2247 1548 3114 1601 mit offenbarem Behagen verschiedene Möglichkeiten
2238 1590 3109 1652 der Lösung auf, um sie lächelnd gegen einander ab¬
2237 1631 3110 1683 zuwägen und achselzuckend sein ignoratimus zu
2246 1679 3117 1734 sprechen. Was soll man tun, wenn die Fundamente
2239 1725 3115 1781 einer Ehe zu bersten beginnen? Man kann es
2238 1765 3115 1814 machen wie der etwas affektierte Dr. von Aignes,
2239 1810 3112 1877 der jetzt Hoteldirektor in den Dolomiten ist und einst
2235 1854 3118 1902 das schwere Verbrechen begangen hat, vor dem
2238 1908 3122 1952 einer meiner Freunde einmal mit dem tiefsinnigen
2247 1937 3126 1991 Gebot gewarnt hat: „Laß dich nie auf einer Wahr¬
2245 1985 3116 2054 heit ertappen!“ Er hat es seiner Frau gestanden,
2239 2028 3116 2090 vielleicht aus Eitelkeit, und die Folge war
2249 2079 3121 2121 eine Trennung von Jahrzehnten, weil Madame die
2243 2119 3117 2175 Wahrheit nicht ertrug, sondern ihn verabschiedete.
2237 2140 3128 2204 Vielleicht ist dies die stärkste Form der Liebe? Oder
2235 2212 3118 2273 die andere, die der Bankier Natter anwendet, der sich
2236 2252 3115 2315 unheimlich, daß er, der Vierziger, sich durch
2243 2294 3117 2364 Niederträchtigkeiten gegen ihre Liebhaber rächt? Oder
2238 2342 3114 2387 die der armen Frau Genia, die einen Don Juan
2246 2381 3123 2443 zum Gatten hat und ausharrt? Doch ihre Tugend,
2240 2429 3120 2476 um derentwillen sich ein schwärmerischer Musiker es
2237 2473 3057 2524 schießt, wird dem Herrn Gemahl nur unheimlich.
2634 2516 3014 2576 der Vierziger sich
2233 2515 2622 2572 unheimlich, daß er,
2243 2557 3072 2615 die Verführung eines jungen Mädchens erhole
2247 2598 3069 2659 wirft sich einem schlanken Fähnrich in die Arme. Ab
2236 2656 3093 2708 wirft sich einem schlanken Fähnrich in die Ar ess Aber
2244 2698 3097 2752 da kracht die ganze morsche Gesellschaft wie mit
2243 2749 3118 2798 Donnergepolter in sich zusammen. Aus dem frivolen
2247 2776 3123 2840 Spiel wird durch allerlei Zufälle schrecklicher Ernst:
2240 2824 3114 2887 es kommt zu einem Duell, das ohne Haß, ohne iebe,
2240 2874 3122 2931 ohne Wut, nur weil es so Sitte ist und der Ehemann
2245 2925 3119 2976 nicht gern „als der Dumme“ dastehen möchte, aus¬
2248 2959 3117 3027 gesochten wird, und bei dem der arme Fähnrich als
2238 3006 2450 3068 Opfer fällt.
2306 3046 3118 3108 Diese Vorgänge, von einem unvergleichlich ge¬
2247 3095 3117 3143 wandten Schachspieler durcheinander geschoben, wer¬
2243 3138 3117 3199 den von einer Kette der liebenswürdigsten und geist¬
2234 3182 3111 3228 reichsten Dialoge geschmückt. Schnitzler ist einer der
2242 3229 3108 3281 wenigen Welt eInner, die die deutsche Bühne von
2237 3266 3120 3335 jeher besessen hat, und er weiß, von
2248 3298 3117 3370 festem Wiener Boden aus, die gesellschaftliche
2232 3355 3108 3418 Almosphäre seiner Menschen wunderbar zu treffen.
2233 3394 3104 3447 Er käme darin wie in der gr#esen Entschlossenheit
2236 3444 3108 3499 der Prohlemstellung der Franzosen der Dumaszeit
2235 3493 3118 3548 nahe, wenn er nicht durch ein etwas ibsenhaftes
2239 3533 3113 3596 Spiel mit Sembolen daer Alltäglichkeit eine Auto¬
2246 3571 3110 3626 fahrt „ins Dunkle“ die Felsen, die man nicht erklettert
2235 3624 3111 3673 und nun nicht mehr besteigen kann, Tennismatchs
2230 3669 3117 3717 durch die „endlich das Verhältnis klar gestellt werden
2232 3714 3099 3767 muß usw. Zu einer tieseren Deutung sucht, die
2239 3754 3104 3819 freilich weder nötig wäre noch recht verfängt und
2226 3799 3114 3852 namentlich durch ein Fragezeichen, mit dem er uns
2234 3852 3113 3898 am Schluß entläßt, der Klarheit seines seinen Stiles
2239 3882 3115 3944 schabet. Dafür gelang ihm auf diese Weise der
2235 3933 3108 3975 Umschwung zum Tragischen. Wir haben selbst erst
2239 3978 3107 4030 in den letzten Wochen in Berlin ersteht, wie die
2232 4021 3117 4083 Spielereien einer entarteten Gesellschaftsschicht zu
2228 4054 2724 4100 einer Trgödie führen können.
