3392 4448
1347 136 1807 236 hox 28/2
637 151 770 221 WO
238 150 1207 265 24. Das „.TLeLand
997 550 2249 658 mums, wie es in Negypten bestehl, derr gzu gejährden.
783 611 1944 688 die eines Protektorats in der Art des tunesischen unge¬
594 616 656 718 1
794 662 1947 733 nügend erscheinen. Nun scheint es aber, als wolle die
2247 527 2815 767 Fagesbericht.
785 724 1960 794 Regierung selbst nicht mehr auf der anfänglich ange¬
2618 708 3069 814 Wien, 16. Oktober.
799 755 1964 837 nommenen Basis verhandeln. Vor dem Beginn der Feind¬
2073 788 3105 865 [Kriegsgefahr und Straßengefahr.] Man kann es
1798 819 1958 883 von
382 706 741 904 ZLER
792 811 1820 885 seligkeiten wollte sie sich noch mit der Okkupation
1946 840 3114 925 jetzt oft und oft hören: der italienisch=türkische Krieg ist sad,
137 851 424 939 HOE
792 862 1949 937 Tripolis begnügen und die türkische Suzeränität aner¬
800 885 3116 981 kennen, die, wie in Aegypten, in Form eines Jahres= unausftehlich fad. Es passiert ganz einfach nichts, es gibt
142 942 3121 1044 SAUERBRUNN,tributs zum Ausdruck gekommen wäre. Nun aber wird; keine Kämpfe, keine Schlachten, keine Verlustenlisten, der
1942 1054 3114 1116 (welche die erratende Gina mit Glück erfüllt,) läßt er nur
795 1072 1952 1157 aber einmal die Dichtung als Gegenspiel der
1942 1084 3117 1175 seinem Gefühl der Verwunderung freien Lauf, wie eine
146 1099 482 1188 eite Land.
1344 1112 1944 1198 entstanden. Nicht die
798 1112 1362 1197 zeitlichen Gesellschaftsart
1950 1130 3115 1221 Frau ein Leben ruhig verbluten sehen konnte, das durch
810 1165 1948 1254 Eingrenzung der persönlichen Freiheit durch zu¬
149 1160 643 1253 Artur Schnitzler.
1951 1183 3123 1282 ihre Hingabe zu retten gewesen wäre. Don Juan
803 1207 1945 1291 dringliche Neugierde; nicht das Mißverständnis,
156 1234 462 1316 gtheater.)
1951 1231 3119 1308 des zwanzigsten Jahrhunderts ist Hofreiter gleich diesem
798 1245 1959 1331 welches stets zwischen dem Ereignis und dem Schein
162 1265 803 1357 superficiellement indiscréte
1957 1291 3118 1364 der ewige Frondeur des Sittengesetzes und der land¬
801 1311 1958 1391 des Ereignisses sich einzwängt, gibt den dramatischen
146 1332 810 1423 zose Wien genannt. Er meinte
1954 1332 3122 1412 läufigen Zeitmoral. Kulturprodukt aus Hebbel und Ibsen
804 1355 1960 1426 Kern des Stückes. Sondern was aus dem Widerspruch
153 1384 794 1449 der Nächstenklatsch schamloser,
1955 1365 3130 1451 geworden, meint er, die Frau zum freien Individuum in
816 1407 1962 1485 eines Menschenerkenners und =Gestalters gegen ein solches
142 1430 807 1508 wird als in anderen Großstadt¬
1960 1420 3120 1510 der Liebeswahl auch innerhalb der Ehe akzeptieren zu
809 1458 1948 1532 Sittenbild der Gegenwart, als Sehnsuckt, als Gedanken
152 1483 797 1564 barischer Vereinfachung auftritt.
1953 1476 3128 1558 können. Halb zu Gina hingezogen, welche ihm, da ein
812 1505 1950 1577 sich regte, ist zu Menschenschicksalen kristallisiert. Aus den
150 1535 809 1603 üllt aus. Die Affäre, als Tat¬
1958 1528 3126 1607 anderer ihrer begehrte, wieder begehrenswert wird, stößt
806 1541 1963 1622 moralischen Phitisterium einer Stadt entringt sich die
143 1571 810 1648 irteilt, veraröbert weitergegeben,
1956 1566 3125 1646 er sie doch von sich. „Daß der arme Korsakow jetzt
821 1600 1964 1677 schöne freie Melodie, welche Schnitzlers Tragikomödie
167 1618 809 1697 der Gesellschafts=Spionage, das
1956 1623 3125 1699 unter der Erde verwest, die Ursache davon bist ja
806 1647 1959 1742 als Leitmotiv durchzieht, „Die Seele ist ein weites
151 1658 811 1748 be, das Ablauern des psychologi¬
1961 1675 3137 1746 doch du! Natürlich unschuldig, in doppeltem Sinn.
814 1708 980 1790 Land.“
153 1728 821 1803 fihlige Differenzierung der Fälle
1963 1721 3131 1808 Ein anderer als ich würde vielleicht vor dir
927 1718 1969 1821 „Warum ich sie (meine Frau) betrogen habe? Sie
153 1770 814 1846 Kultur des „Man sagt“, fehlt
1968 1763 3129 1864 auf den Knien liegen, dich anbeten wie eine Heilige,
812 1790 1969 1856 fragen mich? Sollte es Ihnen nicht aufgefallen sein, was
161 1821 814 1898 st zwar die indiskreteste Stadt
1959 1817 2965 1892 gerade deswegen! ... Ich bin halt nicht
812 1825 1962 1925 für komplizierte Subjekte wir Menschen im Grunde sind?
149 1876 810 1939 werden die privatesten Eigen¬
1964 1842 3124 1939 Mir bist du gerade dadurch gleichsam fremder geworden!“
814 1889 1968 1958 So vieles hat zugleich Raum in uns. — Liebe und
157 1919 805 1989 enloses Allgemeingut betrachtet.
1965 1911 3130 2015 Und um sich gegen eine leise aufkeimende Annäherung
820 1942 1970 2016 Trug. ... Treue und Treulosigkeit. ... Anbetung für
153 1963 821 2046 leiben: keine Seele, kein Porte¬
1967 1967 3134 2048 zu wehren, die zwischen ihm und seiner Frau wie eine
824 2006 1970 2062 die Eine und Verlangen nach einer Andern oder Mehreren.
168 2014 809 2085 Trauer wird gewogen, betastet;
1976 2013 3136 2097 Liebesblüte, von Korsakows Blut gedüngt, zu sprießen
824 2031 1977 2109 Wir versuchen wohl Ordnung in uns zu schaffen, so gut
2848 2055 3128 2135 einem Flirt
151 2045 814 2132 ntrolliert, eingeschätzt. Aber all
1970 2078 2777 2147 beginnt — reist Friedrich plötzlich ab
904 2082 1965 2176 geht, aber diese Ordnung ist doch nur etwas Künst¬
233 2104 812 2190 Nur= vom=Andern=leben,
2508 2103 3134 2203 Gina aber ergibt sich einem
1967 2115 2409 2195 einer anderen nach.
1485 2136 1971 2198 ist das Chaos. Ja,
812 2140 1505 2206 liches. ... Das Natürliche —
162 2142 826 2251 ifung von fremdem Handeln
1963 2164 2549 2246 Anderen, der ihrer begehrt.
813 2179 1974 2263 mein guter Hofreiter, die Seele ist ein weites Land, wie
188 2195 826 2283 keiner tieferen Kenntnis¬
2075 2200 3136 2287 Aus Liebe? Aus Schmerz, aus Enttäuschung, aus
820 2238 1517 2319 ein Dichter es einmal ausdrückte.“
170 2248 827 2325 und seiner Mannigfaltigkeit.
1965 2266 3129 2333 Trotzgesühl? Oder vielleicht auch einer Erregung der
923 2287 1970 2365 Hier ist die Abgrenzung des Seelengebietes genau
166 2303 819 2375 hlung zeichnet das Urteil des
1969 2334 3133 2388 Sinne folgend, die durch das Begehrtwerden von dem
830 2340 1972 2416 gegeben, welches Schnitzler seinem Experiment
163 2356 830 2421 nd die öffentliche Meinung trägt,
1969 2372 3130 2433 Einen, durch das eigene Begehren nach ihrem Gatten und
823 2388 1980 2470 unterwirft. Die Komplexität, die Vermengung und Durch¬
168 2408 813 2479 ischen Sie bestimmt die mensch¬
1966 2419 3134 2489 dem Verschmähtsein sich der so keuschen, einem einheit¬
822 2430 1972 2499 bringung rätselhafter Antagonismen in einer Menschen¬
170 2449 812 2527 sse, anständig, unanständig. Liebe
1970 2459 3138 2541 lichen Schicksal Bestimmten bemächtigt hatte? Gleich
826 2481 1968 2554 brust vereint — ließe sich gewiß in den verschiedensten
227 2504 821 2576 eine glückliche Ehe, wenn
1981 2511 3142 2583 hier, steht man der Unergründlichkeit gegenüber. Hier
822 2531 1972 2602 Beziehungen des Menschen zum Dasein — nachweisen.
154 2550 824 2627 Fhängt gehen. Daß es auch für
1979 2555 3147 2636 schon breiten sich die Schleier des psychologischen Ge¬
824 2577 1981 2644 Hier aber wird nur das Verhältnis zwischen Mann und
168 2579 832 2670 rage gibt, davon läßt sich das
1977 2607 3137 2674 heimnisses. Man weiß die Tat. Aber nicht einmal
836 2623 1982 2700 Weib und insbesondere zwischen Ehemann und Eheweib
173 2639 822 2715 ftlichen nichts träumen. Sie sind
1975 2660 3146 2748 der Wille, der sie lenkt, kennt den Urtrieb des eigenen
834 2670 1980 2749 als Rätselding beleuchtet. Friedrich Hofreiter
175 2685 836 2783 Erlebnisses. Sie sind die Pri¬
1975 2719 2157 2795 Seins.
923 2713 1970 2802 seiner Frau Gina seit Jahren untreu und
829 2742 930 2802 ist
2099 2740 3149 2821 Friedrich Hofreiter finbei, als er zurückkehrt,
830 2770 1980 2841 dennoch schlummert in ihm Leidenschaftsmöglichkeit
1978 2814 3153 2895 Gina in den Armen ihres Liebhabers. Findet sie also in
1550 2814 1989 2893 Freund von Gina
834 2815 1563 2902 nach ihr. Er erfährt, daß ein
161 2833 839 2918 nitzler, der so tief mit der
1978 2859 3149 2934 jener Situation, die er selbst als natürliche Revanche
826 2869 1986 2950 abgewiesen, sich aus Verzweiflung erschossen hat. Er
172 2888 839 2962 verwebt ist, mag der Dichtungs¬
1977 2907 3149 2977 einer von ihrem Gatten vernachlässigten Frau gepriesen
839 2925 1934 3006 weiß Gina durch seine eigene Untreue frei; e
179 2930 827 3007 Burgtheater aufgeführten Tragi¬
1985 2959 3145 3031 hatte. Er mußte die Wendung gelassen hinnehmen. Wenn
831 2969 1970 3037 käme ihm unsinnig vor, von ihr Treue zu
165 2976 843 3062 ureaktion aufgegangen sein. In
1983 2998 3147 3067 es nach den Regeln gesetzesmäßiger Seelenlogik ginge.
833 3014 1982 3088 fordern. So wallt denn vorerst in ihm das Gefühl einer
166 3024 840 3108 n der Enge scheulederner Be¬
1986 3045 3153 3125 Aber die Mehrheit des Ich bricht mit elementarer
824 3054 1995 3129 Erbitterung dagegen auf, daß ein junges Menschenleben
165 3076 836 3169 wach geworden sein, auf eine
1991 3105 3155 3168 Gewalt alle Verstandesschranken. Der Gatte erschießt den
837 3116 1984 3185 einer sogenannten Tugendkonvention wegen erlöschen
179 3128 839 3204 Art die Gesellschaft ihrer Tor¬
1983 3148 3147 3214 Liebhaber, weil dieser seine doch von ihm freigegebene
835 3158 1989 3228 mußte. Denn Hofreiter glaubt sich innerlich frei genug,
174 3179 841 3247 lassen. Hebbel verlangt vom
182 3239 3154 3286 der Komödie, daß sie Schilde= um der Besitzesdespotie seines Mannestums zu gebieten. Frau zu besitzen wagt. Der Triebmeusch ist stärker als
202 3244 3145 3363 und Stände seien. Hiec ist nun Das Aufflackern einer instinktiven Eifersucht unterdrückend, der Kultur=Erotiker. Das Männchen siegt über den Mann.
