3392 4352
1383 120 1808 213 box 28/2
261 128 1213 228 24. Das weite-Land
287 1227 491 1306 Kha  nen
798 1320 2014 1397 üblich ist im Balkangebirge, er hat kurz vorher sein Landgut um ein
160 1303 524 1402 Tagebuch.
799 1361 2012 1441 paar tausend Kronen verkauft, ist die Tage über in Schenken und
155 1382 597 1457 orrespondenten.)
804 1401 2016 1484 Freudenhäusern gelegen, hat noch ein paar hundert Kronen in der
375 1425 753 1502 (Nachdruck verboten.]
788 1448 1734 1508 Rocktasche. Ein Balkanheld im Katzenjammer! ...
1741 1467 2031 1528 So sehen doch
150 1455 777 1552 s man in diesem Herbst „Ereignis“
785 1495 2024 1574 nicht die Elendsrevolteure aus!“ Aber mein Russe behielt das schiefe
147 1523 774 1590 llungen, alle Klatschgeschichten, alle
800 1525 2004 1610 Maul. denn eben jene Einmischung der gar nicht Betroffenen, die Mit¬
148 1559 771 1631 hen großen schwarzen Abgrund der
798 1573 2009 1649 wirkung der Dégenerés, berührte ihn heimatlich. Ich mußte an
152 1606 774 1677 lbdunkel der schon fast vergessenen
793 1611 2010 1685 diesem Abend zu einer Operettenpremiere, das stimmt ja immer trist,
163 1648 769 1721 gte Massenszenen ins scharfe Licht
786 1665 2015 1733 aber diesmal sah ich auch noch das grün=bleiche Gesicht meines Russen
172 1702 772 1759 immer das große Heerlager auf
782 1696 1900 1782 vor mir und hörte seinen stillen Hohn: „Ihr russisiziert Euch“.
182 1731 779 1805 in starrer Linie, in der Sonne
157 1778 767 1841 gemergelte Vorstadtexistenzen, die
828 1790 2000 1876 Nein, wir russisizieren uns nicht! Der eine Njegusch ist ein ver¬
153 1826 770 1883 (nicht glauben wöllen, daß diese
781 1822 2002 1922 irrter Serbe, der momentan zu Hause, in Montenegro oder Serbien,
161 1854 769 1928 en! „Das Bild,or vier Wochen
776 1872 2004 1959 keine rechte Betätigung finden kann. Sonst absorbiert irgendein
155 1900 759 1970 Seither sic die beiden Lager
779 1915 2000 2004 Balkan=Königsmord dergleichen Phantasien, und wir an der Donau
178 1941 762 2015 mischen sich gemütlich ins Ge¬
778 1961 2001 2048 haben Ruhl ... Es gibt einen deutlichen Beweis dafür, wie wenig
178 1984 761 2053 t. dennsche=ich werde das Bild der
784 2008 1989 2081 russifiziert wir sind. In den letzten Wochen ist in Wien in aller Stille
157 2030 766 2092 eicht fühle: es wird wiederkehren.
778 2053 1992 2130 eine Art Ausnahmsgericht geschaffen worden, und es hat Strafen ge¬
185 2065 767 2139 velchleiern will, ist glatt und
780 2096 1989 2163 geben, wie wir sie in Oesterreich seit zwanzig Jahren nicht erlebten.
141 2116 765 2179 en lebt noch in ein paar Zeitungen
779 2132 2001 2198 Weh dem, der in diesen Tagen eine Fensterscheibe zertrümmerte! Die
155 2161 760 2223 r dort! Das wirkliche Wien be¬
780 2169 1997 2261 Gerichte hatten sich plötzlich einen eigenen Revolutionstarif angeschafft,
146 2190 756 2266 rgelten Vorstadtmenschen, die gar
774 2216 1986 2297 wonach gebrochene Laternen mit gebrochenen Existenzen gesühnt wur¬
145 2246 753 2306 #atertinterln sind, sondern grad so
767 2252 1988 2336 den. Die Wiener Revolte im September war eine große Aktion im
156 2276 759 2338 lberfeld=Barmen oder in Bochum
768 2300 1982 2385 Interesse der notleidenden Glaserer. An Fensterscheiben und
149 2326 753 2387 die Säbel glänzen auf dem Wiener
764 2340 2000 2425 Straßenlaternen erschöpfte sich der Ingrimm der Erregten. Keinem
153 2362 753 2429 leville oder in Treptow, und die
770 2386 1994 2471 eleganten Herrn auf der Ringstraße wuxde auch nur der Zylinder
152 2403 749 2467 Kommando harrt, ist so gut öster¬
758 2437 1981 2501 verwischt! ... Dennoch gab es furchtbare Urteile. Ein Jahr für eine
155 2441 747 2520 Wir Feuilletonisten werden über¬
760 2464 1991 2536 zerschlagene Fensterscheibe, zwei Jahre für einen zum Schutz gegen
766 2511 1982 2596 die reitende Polizei erhobenen Stock, sechs Monate für eine gebrochene
768 2553 1981 2637 Gaslaterne. Es sollten Exempel statuiert werden! Als ob die vier Er¬
141 2575 750 2650 kjegusch Wawrak von der zweiten
763 2592 1981 2693 schossenen, die in der Ottakringer Erde ruhn, nicht Exempel genug
167 2625 747 2686 den Justizminister schoß, begeg¬
763 2637 905 2704 wären!
169 2673 746 2735 dünnen Lippen verzogen sich zu
1328 2678 1392 2754 *
156 2719 742 2774 grüngelber Teint rötete sich für
802 2702 1432 2801 Aus diesen Abschreckungsprozessen:
155 2755 743 2821 r habt gehofft, daß Rußland sich
809 2769 1974 2850 Ein junger Mensch ist angeklagt: „Hoch die Revolution!“ gerufen
147 2791 731 2859 russifiziert Ihr Euch!“ Der stille
748 2811 938 2870 zu haben.
146 2837 738 2896 etzte mich hin und erklärte dem
805 2836 1973 2939 „Sind Sie organisiert?“ fragt der Vorsitzende in allen diesen Pro¬
147 2877 727 2946 Sehen Sie denn nicht, wie falsch
749 2905 1985 2993 zessen. Der Angeklagte, seit vier Wochen in Haft, antwortet offen:
154 2920 744 2983 t ein junger Serbe aus seinem
804 2936 946 2998 „Nein.“
139 2958 751 3032 rsteht fast kein Wort Deutsch, er
792 2976 1864 3077 „Warum haben Sie denn „Hoch die Revolution“ gerufen?“
147 3010 737 3080 zur Waffe mit, wie das schon so
790 3021 1061 3090 „I waß net.“
2072 1352 2961 1424 „Was stellen Sie sich denn unter Revolution vor?“
2074 1398 2450 1456 Verlegenheitspause.
2080 1439 2422 1497 „Nun, was denn?“
2068 1475 2961 1544 Endlich kommt eine Antwort: „A große Rauferei.“
2071 1526 3244 1595 Reden so politische Revolutionäre? Dennoch sind über diese „Gaudi¬
2018 1565 3251 1661 brüder“ im ganzen vierundfünfzig Jahre Kerker verhängt worden!
2058 1663 3254 1749 Das gemütliche Wien voll Theaterwichtigkeiten ist nicht mehr da.
2071 1705 3252 1793 Gestern hielten die Staatsbeamten große Versammlungen ab. Ge¬
2009 1736 3240 1833 haltserhöhung oder passive Resistenz! Morgen treten die Eisenbahner
2015 1793 3248 1875 zusammen! Uebermorgen versammeln sich die ergrimmten Haus¬
2018 1833 3243 1902 frauen, denn das argentinische Fleisch, das in Triest für die Wiener
2022 1876 3244 1961 bereit lag, mußte wieder abschwimmen. Und dann hält Herr v. Gautsch
2011 1914 3246 2002 eine Rede im Parlament, worin er den Arbeitern vorwirft, daß sie
2010 1954 3242 2039 zu viel Bedürfnisse haben. Wie besänftigendl . .. Das alles muß im
2008 2006 3237 2089 Auge behalten, wer seine Heimat liebt. Ein schwarzer, lichtloser
2018 2038 3240 2122 Winter liegt vor uns. Hunderte Obdachlose rennen in jeder Nacht,
2013 2077 3230 2161 klappernd vor Kälte, durch dieses einst gemütliche Wien. Draußen
2014 2130 3237 2210 am Gürtel sollen Holzbaracken errichtet werden für jene, die nirgends
2006 2164 3236 2255 unterkommen. Aber die Stadt sagt: „Ich hab kein Geld“, der Staat
2012 2206 3227 2293 sagt: „Das ist Sache der Gemeinde.“ Wieder taucht das so öster¬
1997 2248 3234 2346 reichische Wort auf: „Negativer Kompetenzkonflikt“, zu deutsch: „Das
2010 2292 2380 2365 geht mich nichts an“.
2052 2366 2662 2451 Aber die Kunst, die uns entrückt?
2043 2425 2360 2487 Scheene
2518 2426 2734 2505 icht in einem
3109 2426 3227 2517 Leufe
2000 2461 3239 2555 spielen f.,( ununterbrochen Tens—n
1998 2519 3227 2590 Ich weiß schon: Schnitzler ist jemand! Keiner schnitzelt so zart an
2002 2555 3237 2642 seinen Gestalten wie dieser Dichter. In seiner Welt ist er mensch¬
1993 2597 3221 2672 lich und nachdenklich! Sein „weites Land“ soll sein: die Seele des kom¬
1989 2643 3214 2708 plizierten Menschen, in der Liebe neben Trug, Treue neben Treulosig¬
1989 2686 3221 2763 keit, Ehe neben Ehebruch wohnt. Dieses Nebeneinander findet
1996 2729 3222 2809 Schnitzler — chaotisch, gut. Aber — weites Land? Ich finde diese
1991 2762 3225 2865 Weite bedrückend eng! Es ist das Land, wo man fast ununterbrochen
1983 2806 2256 2871 Tennis spielt!
2033 2853 2808 2922 Die Kunst, die entrückt. . ins Tennisland.
2041 2894 2876 2970 Ein schwarzer, lichkloser Winter liegt vor uns.
2697 2948 3163 3043 Stefan Crossmann.
2660 3011 3259 3124 nen Aranztsrus, Der 4
