3344 4352
227 271 1190 377 24. Das weite Land
1340 287 1801 379 box 29/2
794 1269 2919 1343 den wir den tragischen nennen. Schnitzlers Stück hat nicht Krauß nicht die Gelegenheit, seine eigentliche Begabung
794 1325 1857 1380 den großen einheitlichen Zug, nicht die straffe Handlung,
1859 1331 2924 1395 zu entfalten, sehr charakteristische Erscheinungen dagegen
797 1360 1865 1414 die unwiderstehlich nach einem fernen Ziele strebt, sondern
1864 1370 2922 1420 stellten die übrigen Darsteller auf. Fräulein Klink¬
794 1404 1867 1461 es sind nur lauter einzelne Gestalten, die sich vom Strome des
1870 1406 2928 1458 hammer als zärtliche Mutter des Fähnrichs, Herr
798 1435 1866 1498 Gesellschaftslebens zueinander und voneinander, weg treiben
1859 1431 2946 1510 Bayr hammer als Direktor Dr. v. Aigner in einer höchst
797 1471 1859 1537 lassen, ganz unmotiviert ihre Empfindungen wechseln,
1863 1482 2920 1527 wirksamen Maske, Herr Meyer, Dr. Mauer, der ein¬
1864 1522 2926 1564 zige ernste Mann des Stückes, und Herr Kanzenel
798 1513 1869 1582 willenlos sich dem erotischen Taumel hingeben und nicht
798 1561 1866 1605 Herren, sondern Sklaven ihres Schicksals und ihrer eigenen un¬
1859 1549 2927 1623 der schon oben genannte, sowie die Herren Schwarz, Pfeil
799 1596 1862 1659 kontrollierbaren Entschlüsse sind. Innerhalb seiner eigenen
1860 1595 2934 1651 Janssen. Auerbach. — Die Rolle der Erna hätte Fräulein
1866 1642 2929 1694 Irmen wohl noch farbiger und persönlicher gestalten
793 1641 1850 1686 persönlichen Sphäre ist jeder konsequent, in dem Verhält¬
1864 1681 2930 1746 müssen. — Die Abtönung des Dialoges und die Stimmung
786 1676 1849 1732 nis zu den Mitmenschen aber fehlt der Kompaß und die
1867 1718 2917 1776 des Ganzen brachte die Regie des Herrn Dr. Heine mit
785 1716 1852 1766 Handlungen wirken sprunghaft und ohne tiefere Moti¬
1869 1750 2441 1814 bestem Gelingen zur Wirkung.
786 1749 1857 1806 vierung. Dieses ewige chassez-croisez der Herzen, die un¬
2751 1760 2895 1811 G.Z.
793 1792 1866 1845 bedenklich sich verbinden und wieder lösen, verhindert, daß
1929 1794 2931 1856 = Frankfurter Komödienhaus. Dem neuesten Schwank
798 1829 1858 1885 wir an diesen Schicksalen, die Schnitzler in bunt ver¬
1860 1827 2920 1877 des bekannten Wiesbadener Sprudelhumoristen Curt
797 1864 1857 1918 schlungener, aber nur zufällig verbundener Handlung zu¬
2865 1883 2912 1931 n
1864 1878 2797 1919 Kraatz (zusammen mit Artur Hoffmann) „E
792 1901 1849 1960 sammenbringt, tieferen Anteil nehmen. Da hilft denn alle
1858 1915 2931 1968 Windhund“ wäre bei seiner Mainzer Aufführung
786 1951 1870 1999 künstlerische Klein= und Feinarbeit, aller Reichtum des fein¬
1861 1955 2926 1997 kürzlich beinahe das Malheur passiert, daß er mit dem
786 1989 1857 2040 geschliffenen Dialogs, alle Kenntnis der Wirklichkeit nichts,
1860 1992 2921 2054 Majestätsbeleidigungsparagraphen kollidiert wäre. Aber
789 2033 1857 2082 um den Eindruck des Ganzen zu ändern. Es fehlt, um es kurz
1859 2028 2911 2091 so'n Glück für die Reklame gibt es selbst nicht in
800 2062 1849 2121 zu sagen, die dramatische Kraft, die das Ganze mit ruhiger
1864 2073 2911 2119 Schwänken und sonst im Leben schon gar nicht mehr,
797 2109 1868 2149 Sicherheit einem von vornherein bestimmten Ziele zu¬
1857 2112 2915 2166 denn erstens ist der bewußte Paragraph dehnbarer, und
790 2141 1856 2201 führt. Das Interesse zerflattert durch die Menge der
1853 2149 2915 2207 zweitens sind die Schwänke zahmer geworden. Im dritten
794 2187 1851 2232 Einzelschicksale, die sich nicht zum Organismus zusammen¬
1865 2184 2914 2229 Akt dieses Schwankes soll dem Landesherrn ein sozial¬
794 2214 1846 2275 bringen lassen. Daher kommt der Eindruck viel zu großer
1856 2224 2929 2269 demokratischer Abgeordneter vorgestelltweden und dazu
787 2261 1860 2315 Breite, den die fünf Akte machen, wie denn Schnitzler
1865 2265 2925 2310 meint der leutselige Fürst: „Warum dennicht, mein
781 2297 900 2347 in
889 2296 1853 2355 seinen letzten Stücken sich immer mehr von
1863 2305 2904 2356 Kollege (in Hessen) hat es ja gerade sorgemachten Das ist
791 2341 1859 2393 der Bühne entfernt und sich zu sehr in den verschlungenen
1855 2345 2910 2404 die hinreichend verdächtige Stelle, bei dertülrigens, am
789 2376 1857 2425 Pfaden seines schönen Dialogs verliert. Es liegt wie
1866 2383 2920 2434 Samstag abend im Komödienhaus in keiner Weise irgend¬
787 2416 1847 2462 eine tiefe Müdigkeit über seinem Schaffen. Seine schweren
1858 2425 2915 2464 wie das seelische oder patriotische Gleichgewicht beschädigt
786 2462 1860 2524 Erfahrungen in dem ärztlichen Berufe mögen hier wohl
1857 2463 2925 2514 worden ist. Soweit man konstatieren könnte, fiel nämlich
790 2494 1268 2559 entscheidend mitsprechen.
1848 2498 2918 2540 niemand von seinem Sitz herunter. Es ist also zu hoffen,
821 2521 1847 2585 Das alles aber darf uns nicht hindern, die Quali¬
1856 2540 2916 2598 daß Herr Kraatz seine fürchterliche Drohung — die er
793 2559 1848 2637 täten dieses Werkes und seinen eigenartigen Charakter,
1860 2574 2914 2635 gegen unsere hessischen Nachbarn ausgestoßen hat — er
796 2614 1846 2675 sowie die Plastik seiner Gestalten und die Fülle
1850 2621 2918 2663 werde von nun an nur noch Trauerspiele dichten — ge¬
783 2644 1791 2705 der Gedanken in vollem Umfange anzuerkennen.
1856 2653 2924 2711 gen die Frankfurter als Belohnung für ihr wohldiszipli¬
796 2695 1843 2750 Die Aufführung stand auf einem erfreulichen Niveau,
1852 2698 2912 2753 niertes Verhalten nicht wahr machen wird. Man müßte
793 2731 1848 2783 wenn auch nicht alle Rollen richtig besetzt schienen. Herr
1849 2734 2912 2778 denn doch bezweifeln, ob der Verfasser dieses „Wind¬
791 2760 1846 2825 Bauer, der den Friedrich Hofreiter darstellte, verdient
1859 2776 2913 2822 hundes“ zum Trauerspieldichter den nötigen Ernst und
785 2807 1837 2858 zwar Bewunderung für die große Elastizität, mit der er
1848 2814 2907 2860 die Wucht der Tragik hätte, Alles spricht dagegen,
779 2836 1847 2894 immer wieder seine neuen Rollen durchdringt, aber
1850 2846 2907 2913 namentlich die Fülle des Witzes und Humors und die
780 2888 1854 2937 man möchte doch, daß er in der Charakteristik sich
1849 2892 2909 2945 sich fast überstürzende Situationskomik (es ist sogar ein
779 2920 2915 2982 noch enger an die Absichten des Dichters anschlössel bißchen zu toll), die er in den engen Rahmen eines!
791 2967 2906 2999 und die besonderen Einzelzüge noch reicher ge= Schwankes hineingedeichselt hat und dann die ganze
789 2994 2895 3054 staltete. Die besondere Schwierigkeit der Rolle liegt Figur dieses „Windhundes“ selbst, um den das Stück
792 3044 2906 3083 freilich vor allem darin, daß ihre Umrißtinien so unbe=drumherumgeschrieben ist. Dieses „Windhundes“, der wie
786 3076 1840 3137 stimmt sind. Man gelangt nie zu einem festen Urteil
1844 3081 2904 3135 eine Windhose über eine deutsche Residenzstadt hinsegt
792 3119 1844 3166 über seine Liebesaffären, da man nicht weiß, ob die
1849 3108 2901 3166 und in der Landtagswahlbewegung alles mit sich reißt.
784 3153 1841 3206 jugendlichen Züge seines Wesens oder die Ueberlegenheit
1854 3162 2906 3213 Herr Schönemann, der den „Windhund“ mit Verve
779 3193 2899 3245 des gereiften Mannes überwiegen sollen. Das ist wohl sof spielte, riß sogar mit seiner Behendigkeit im Reden und
789 3233 2895 3291 vom Dichter beabsichtigt, hindert aber die tiefere Wirkung. mit seiner Methode „Fix=fix“ die Zuhörer mit, die auf
788 3261 1837 3322 Von den übrigen Rollen tritt in den Vordergrund nur die
1848 3280 2903 3331 offener Szene applaudierten und Herrn Kraatz nach
778 3310 1846 3364 Genia, die Gattin Hofreiters. Frl. Wulf gab ihr vielleicht
1838 3316 2901 3377 jedem Aktschluß kräftig hervorriefen. In der von dem
791 3340 1840 3405 ein wenig zu schwere Akzente, so daß es schwer wurde,
1848 3343 2902 3401 favoritisierten „Windhund“ vorgelegten Pace und in dem
782 3378 1832 3440 zu verstehen, daß auch sie im Grunde derselben oberfläch¬
1841 3391 2895 3455 von der Regie des Herrn Erich Neubürger ge¬
784 3427 2902 3480 lichen Genußfreude sich ergab wie die anderen Mitgliederlnommenen Tempo fügten sich die übrigen Mitspielenden
781 3460 2933 3546 der Gesellschaft. Der Marine=Fähnrich Otto gab Herrn gut und nur mit geringen Abständen ein. Zweite, dritte
