3392 4224
696 -4 782 55 W
1004 -2 1162 62 Lan
287 9 1226 102 ∆eA
718 229 930 331 „DB8
644 320 892 397 Wien, 1
739 370 1202 454 Teletin R# B.Jushel
707 480 1054 587 Der Tag, Wien
725 627 835 700 *
1048 619 1147 712 12
493 692 1290 806 Schnitzlers Südbahnhotelvortier
737 785 1016 869 gekündigt
469 859 1325 934 :: Karl Rostler war 34 Jahre hindurch
437 894 1339 977 Portier des Südbahnhotels auf dem
446 953 1323 1019 Semmering und kein geringerer als Artur
435 992 1337 1064 Schnitzler hat ihm in seinem Schauspiel
422 1049 1333 1110 „Das weite Land“ ein literarisches Denkmal
418 1078 1329 1168 gesetzt. Über dessen Wunsch trug auch der erste
432 1120 1325 1216 Tarsteller der Rolle, Hofrat Thimig, Rost¬
434 1163 681 1227 lers Maske.
451 1200 1324 1287 Aber auch die 34jährige Dienstzeit hat die
421 1248 1319 1329 damalige Besitzerin des Südbahnhotels, die
418 1290 1323 1362 Donau=Save=Adria=Gesellschaft, nicht daran
411 1347 1324 1417 gehindert, dem Portier siebentagig zu
422 1382 712 1441 kündigen.
445 1433 1328 1514 Rostler brachte daraufhin gegen die Gesell¬
410 1467 1320 1531 schaft eine Klage ein, in der er behauptet,
403 1523 1317 1590 nicht nur Portier=, sondern auch Ange¬
417 1554 1319 1630 stelltendienste verrichtet zu haben, und
410 1600 1314 1675 verlangte vorerst 25.000, später 12.250 Schil¬
413 1643 1312 1714 ling fur Bezahlung der Kündigungsfrist und
410 1704 1307 1783 an Abfertigung. In der Klage wird weiter
413 1736 1309 1801 behauptet, daß, als Rostler seinen Urlaub an¬
402 1778 1305 1841 getreten habe, man ihm einfach bedeutete, daß
410 1821 1312 1906 die Rückkehr auf seinen Posten nicht mehr er¬
396 1859 657 1925 wünscht sei.
442 1906 1304 1981 Für die Beklagte wurde eingewendet, Rost¬
385 1961 1294 2022 ler habe vor allem in den letzten Jahren nur
397 2004 1295 2072 mehr gewöhnliche Portiersdienste geleistet und
400 2037 1299 2117 sei, nachdem er sich in Wien als Cafetier selb¬
400 2075 1299 2157 ständig gemacht hatte, nicht mehr so leistungs¬
406 2125 1298 2200 fähig wie früher gewesen. Auch sei es zuerst
396 2170 1288 2249 sein eigener Wunsch gewesen, von seinem
394 2212 780 2273 Posten zu scheiden.
422 2245 1300 2321 Nach Einvernahme des Hoteldirektors Seibts
386 2285 1292 2374 und einer Reihe von Hotelbediensteten wurde
411 2346 1295 2433 die Verhandlung zur umfangreichen Beweis¬
361 2384 805 2471 führung vertagt.
552 2526 1062 2656 „OBSERVER“
500 2608 1176 2732 Wien, I., ##liesile Nr. 11
600 2684 1094 2778 Telafon R-21=0-13
524 2799 1184 2893 Kouss Wiee . Stat, Wien
687 2933 1129 3020 s6. SEP. 2
362 3006 1484 3110 (Der Portier aus dem Schnitzler=Stua „Das weil
265 3070 1484 3142 Land“.) Beim Gewerbegericht (Landesgerichtsrat Dokto¬
268 3128 1493 3197 Dienstl) ist derzeit ein Prozeß anhängig, den der ehemaligt
265 3168 1497 3263 Portier Karl Rostler eines Hotels auf dem Semmering
266 3230 1490 3297 gegen die Hotelleitung angestregt hat. Rostler war in seiner
268 3269 1480 3351 Diensteigenschaft keine alltägliche Erscheinung, und Arthur
255 3303 1484 3392 Schnitzler, der bekanntlich oft auf dem Semmering weilte
253 3353 1482 3444 hat seinem Lieblingsportier sogar ein literarisches Denkmal
266 3411 1488 3471 in dem Schauspiel „Das weite Land“ gesetzt. Bei der Auf¬
254 3459 1478 3537 führung im Burgtheater ist der Darsteller dieser Rolle Hofrat
248 3523 1482 3587 Thimig sogar in der Maske Rostlers aufgetreten. Die
244 3571 1480 3629 Klage Rostlers, der nach 34jähriger Tätigkeit abgebaut wurde,
246 3616 1485 3678 geht nun dahin, daß er behauptet, Angestelltendienste ver¬
250 3648 1475 3726 richtet zu haben, weshalb ihm nach dem Gesetz die Bezahlung
252 3695 1484 3773 einer Kündigungsfrist und einer Abfertigung gebühre. Nach
257 3726 1479 3820 Anhörung mehrerer Zeugen wurde die Verhandlung zur
255 3791 1378 3881 Durchführung der umfangreichen Beweisanträge vertagt.
1037 3868 1471 3924 — —
1384 -2 1833 83 box 29/6
2814 165 2972 253 r. 11
2485 329 2774 437 Der Tag, Wien
2523 432 2769 526 *E SEP.
2157 506 2967 600 Schnitzlers Südbahn##telvortier
2267 581 2707 670 gekündig
2155 647 3010 720 :: Karl Rostler war 34 Jahre hindurch
2113 694 3013 767 Portier des Südbahnhotels auf dem
2119 744 3050 817 Semmering und kein geringerer als Artur —
2102 783 3011 855 Schnitzler hat ihm in seinem Schauspiel
2112 824 3013 896 „Das weite Land“ ein literarisches Denkmal
2111 880 3005 935 gesetzt. Über dessen Wunsch trug auch der erste
2103 920 3006 988 Darsteller der Rolle, Hofrat Thimig, Rost¬
2114 957 2358 1016 lers Maske.
2133 1007 3002 1063 Aber auch die 34jährige Dienstzeit hat die
2099 1054 3003 1117 damalige Besitzerin des Südbahnhotels, die
2105 1087 3008 1161 Donau=Save=Adria=Gesellschaft, nicht daran
2101 1142 3000 1229 gehindert, dem Portier siebentagig zu
2104 1176 2379 1236 kündigen.
2130 1229 2992 1290 Rostler brachte daraufhin gegen die Gesell¬
2101 1264 3000 1325 schaft eine Klage ein, in der er behauptet,
2096 1313 2999 1380 nicht nur Portier=, sondern auch Ange¬
2091 1353 2992 1422 stelltendienste verrichtet zu haben, und
2094 1400 2998 1466 verlangte vorerst 25.000, später 12.250 Schil¬
2087 1444 2988 1507 ling fur Bezahlung der Kündigungsfrist und
2094 1486 2997 1551 an Abfertigung. In der Klage wird weiter
2082 1522 2995 1600 behauptet, daß, als Rostler seinen Urlaub an¬
2091 1581 2992 1636 getreten habe, man ihm einfach bedeutete, daß
2091 1617 2994 1702 die Rückkehr auf seinen Posten nicht mehr er¬
2094 1656 2338 1715 wünscht sei.
2130 1683 3002 1774 Für die Beklagte wurde eingewendet, Rost¬
2081 1742 3020 1816 ler habe vor allem in den letzten Jahren nurs
2084 1792 2979 1852 mehr gewöhnliche Portiersdienste geleistet und
2093 1832 2993 1910 sei, nachdem er sich in Wien als Cafetier selb¬
2092 1877 2985 1948 ständig gemacht hatte, nicht mehr so leistungs¬
2083 1921 2982 1989 fähig wie früher gewesen. Auch sei es zuerst
2085 1971 2977 2047 sein eigener Wunsch gewesen, von seinem
2086 2005 2466 2062 Posten zu scheiden.
2116 2049 2979 2127 Nach Einvernahme des Hoteldirektors Seibts
2074 2100 2972 2163 und einer Reihe von Hotelbediensteten wurde
2076 2134 2978 2213 die Verhandlung zur umfangreichen Beweis¬
2050 2176 2474 2242 führung vertagt.
2294 2235 2443 2288 EEEIGN
1997 2346 2375 2430 Ausschnitt aus:
2321 2391 2866 2522 nede Lieiertesse, Wies
2318 2517 2729 2635 Ce. SEP 632
1984 2574 2130 2636 vom:
1936 2707 3033 2756 (Der Schnitzler=Portier Rostler vor dem Gewerbe¬
1839 2759 3028 2827 gericht.) Beim Geiverbegericht=(Landesgerichtsrat Dr. Dienstl)
1863 2804 3023 2855 ist derzeit ein interessanter Prozeß anhängig, den der ehemalige
1856 2844 3025 2893 Portier des Südbahnhotels auf dem Semmering gegen
1860 2883 3026 2927 die Eigentümerin desselben, die Donau=Save=Adria¬
1859 2929 3031 2981 Gesellschaft, angestrengt hat. Der Kläger Karl Rostler
1845 2969 3024 3024 ist schon deshalb nicht ein Portier wie alle anderen, weil seine
1847 3022 3021 3074 bei allen Besuchern beliebte Persönlichkeit von Arthur
1847 3049 3020 3106 Schnitzler in dessen Schauspiel „Das weite Land“ literarisch
1850 3111 3012 3154 verwertet wurde. Der verstorbene Dichter wollte damit seinem
1855 3143 3024 3184 Lieblingsportier ein bleibendes Denkmal setzen und veranlaßte
1851 3178 3021 3241 den ersten Darsteller dieser Rolle, Hofrat Thimig, in der
1850 3223 3010 3275 Maske Rostlers zu spielen. Dieser literarisch verewigte Portier
1842 3269 3018 3318 wurde nun nach vierunddreißigjähriger Dienstzeit sieben¬
1854 3313 3012 3356 tägig gekündigt. Rostler gab sich damit nicht zufrieden, behauptete,
1842 3352 3012 3428 Angestelltendienste verrichtet zu haben und verlangte beim
1845 3398 3014 3451 Gewerbegericht vorerst 25.000 S., später 12.250 S. für Bezahlung
1850 3441 3002 3489 der Kündigungsfrist und an Absertigung. In der von Dr. Oskar
1843 3485 3008 3539 Klieneberger vertretenen Klage wird weiter behauptel, daß
1841 3523 3020 3570 Rostler einen Urlaub angetreten habe und man ihm einfach
1847 3570 3009 3619 bedeutete, die Rückkehr auf seinen Posten sei nicht mehr erwünscht.
1907 3611 3020 3654 Dr. Moritz Ludwig Weiß wendete für die Beklagte ein,
1848 3650 3000 3698 Rostler habe vor allem in den letzten Jahren nur mehr gewöhnliche
1836 3698 3016 3738 Portierdienste geleistet und sei, nachdem er sich in Wien als
1837 3728 3012 3796 Cafetier selbständig gemacht hatie, nicht mehr so leistungsfähig
1845 3786 2998 3834 wie früher gewesen. Auch sei es zuerst sein eigener Wunsch
1846 3822 3008 3874 gewesen, von seinem Posten zu scheiden. — Die Verhandlung
1833 3864 2709 3917 wurde zu umfangreichen Beweisführung vertagt.
2760 3913 2845 3983 #
