3344 4448
1331 153 1778 249 box 28/2
629 170 711 236 W
212 168 1166 284 24. Das iteLand
132 1232 565 1328 K
140 1364 1650 1433 Tod treiben. Fried=gewesen wäre, vor seine Waffe gefordert. Ein Wider¬
123 1412 1648 1474 it mir sein. Morgen, spruch besteht nur zwischen dem Freisinn der modernen
157 1462 1645 1523 ich ihm die ganze Moral und dem Zwang des alten Herkommens. Dieser
163 1505 1642 1561 Friedrich ist schon macht aus der sonst etwas frivolen, wenngleich geist
149 1560 1638 1611 und Genia staunt, vollen und lebenswahren Komödie eine Tragödie ode¬
133 1603 1435 1655 immt, sondern den wie Schnitzler es nennt, eine Tragikomödie.
137 1653 561 1716 fragt sie, „wenn dir
637 1649 1647 1717 Diese strotzt von realistischer Lebensfrische und
561 1686 1650 1764 hält sich ersichtlich treu an bestimmte Vorbilder. Es sind
126 1705 551 1768 des Haß wä Wut,
556 1749 1651 1814 Wiener Typen nach der Natur gezeichnet, und Mancher
142 1749 544 1817 antwortet Friedrich,
547 1784 1637 1868 dem die Sommerfrischler Badens und die Hotelgäste
130 1793 546 1859 gs verdammt wenig.
557 1842 1643 1905 des Karersees geläufiger sind, als dem ergebenst Ge¬
153 1845 549 1907 sein.“ Also banale
554 1901 1644 1960 fertigten, wird leicht die eine und die andere Figur
129 1902 546 1968 gischen Schluß des
144 1954 1644 1998 eine bittere Sitten= mit ihrem wahren Namen bezeichnen können. Wer es
129 1991 1639 2039 hn, der nur nicht der nicht sonst wüßte, könnte hier sehen, was die Sozial¬
137 2046 1633 2101 rau, nachdem sich ihr demokraten so sehr gegen das Außenleben der Bour¬
138 2088 1648 2148 Ein Anderer als ich geoisie aufreizt. Ja, wenn es nur solche Wiener gäbe,
132 2138 1639 2195 mnien liegen, dich an= das wäre freilich schlimm! Aber das ist nur eine be¬
133 2179 1647 2254 begen! Ich bin halt stimmte, wenig zahlreiche Klasse, die schließlich immer
553 2235 1647 2297 so woar; und vor dem Kehraus stehen wir darum noch
249 2237 546 2303 durch die Be¬
558 2278 1645 2348 lange nicht, obwohl etwas wie Weltuntergangsstim¬
160 2285 551 2359 „gleichsam fremder
137 2327 1651 2389 klich zum Ehebruch: mung dieser dramatischen Schilderung zugrunde liegt
164 2385 552 2442 sogenannten Treue
554 2433 1636 2494 ältere Mensch bemerkt die schnelle Veränderung, der
169 2436 538 2500 hab' doch wirklich
142 2474 1633 2538 t du, dieser Gedanke, unsere Lebensansichten und die ganze Welt umher unter¬
133 2529 1643 2595 klichkeit gar nicht ist, liegt. Er beginnt die Jugend zu hassen, wie dieser
142 2572 1646 2630 Nichts, wenigstens Fabrikant, der sie vor dem Lauf seiner Duellpistole
154 2624 1639 2708 er, einem so irrepa¬ aus frechen kalten Augen glänzen und lachen sieht. Jetzt
173 2663 1636 2729 Tugend einen weiß er erst, was Jugend ist; aber man kann doch nicht
157 2729 1638 2784 das ist mir einfach jeden jungen Menschen totschießen. Jetzt erst erkennt
144 2779 1648 2837 spruch zwischen dem er, daß Alles im Flusse ist; aber eben darum hört noch
151 2825 1644 2882 Mannes; denn er lange nicht Alles auf, und sein Ende ist verzweifelte Re¬
141 2865 1629 2934 un dieser glücklicher signation. So war es immer und so wird es immer sein.
1750 1293 3307 1391 Das interessante Stück fand im allgemeinen recht mann hätte den Hoteldirekt
1664 1344 3302 1440 gute Aufnahme; doch äußerte sich diese nach den einzel=sals Herr Devrient, der
1661 1398 3308 1483 nen Aktschlüssen mit ungleicher Stärke, und das Feuer=feldherrn spielte. Herr Mu
2751 1446 3305 1518 oberleutnant von unerlaubte
1662 1462 2739 1529 gefecht des Applauses wurde nur von einem kleineren
2762 1496 3304 1563 fang und Herr Paulsen
1675 1510 2746 1575 Leile des Publikums in so hinhaltender Weise geführt,
2759 1548 3312 1606 zern wie nur je. Dagegen w
1669 1563 2739 1628 gaß Herr Reimers, vom zweiten Akte an der Dichter,
2759 1592 3306 1661 kleiner Rollen, Figuren, die
1652 1614 2739 1693 zu oft wiederholten Malen dankend erscheinen konnten.
1667 1657 3284 1717 Im Vergleiche zu dem weit schwächeren „Jungen Me- auftraten, trefflich besetzt
1661 1682 3314 1777 dardus“ dessen Bomben= und Granateneffekte vielleicht Herrn Thimig, der Ber
1657 1753 3293 1810 ein verwandtes Folgestück erwarten ließen, schien das lajthy, der Schriftsteller
1654 1789 3317 1861 „weite Land“ innerlich zu fein gesponnen, um sogleichsler, der norddeutsche Krak
1650 1835 3317 1901 von allen Zuhörern voll gewürdigt zu werden. Nahm das Tennistinterl des Herg
1658 1892 3308 1957 man es rein äußerlich, so konnte das durch fünf Akte Burgtheaters würdig. Herr
1658 1934 3315 2017 fortgesetzte Zerren an ohnehin schwachen Ehebanden so=fähnrich hatte nur jung zu sei
1653 1998 3289 2054 gar nur peinlich oder langweilig wirken. Aber das welche sympathische Züge,
1659 2033 3275 2100 hieße dem Dichter sehr unrecht tun. Allerdings ist er vielleicht hätte ausstatten
1667 2096 3317 2162 stellenweise nicht so klar, wie der Dramatiker immer sein mitleidenswerter zu machen
2754 2135 3305 2197 geben. Mit gewohnter Kuns
1660 2143 2753 2201 soll, so in der Glanzszene zwischen dem Helden und
1653 2190 3305 2248 dessen Bankier Natter, wo die Abhängigkeit des indu= die Mutter des Jungen, die
1658 2228 3313 2308 striellen Unternehmers vom Finanzmann mit vernichten= Schicksals unbewußt, freund
1661 2276 3310 2346 der Schärfe zum Ausdruck kommt. Aus der kleinen Mannes drückt, der soeben i
2753 2332 3306 2395 hat: eine höchst wirksame Sze
1663 2344 2751 2405 Rolle des Bankiers, der durch ein Aufheben der Hand
2751 2373 3319 2447 Hier, wenn nicht schon vor
1663 2390 2751 2446 das Wort „Schuft“ auf den Lippen des Gegners
2756 2425 3314 2498 welches vorzügliche, wenn auf
1656 2432 2749 2491 bannt, machte Herr Heine ein Kabinettsstück. Aber
2752 2471 3319 2540 Charaktertitel „Tragikomödic
1658 2488 2740 2550 eine wahre Prachtleistung war vor allem der Fabrikant
1661 2521 3315 2597 Hofreiter des Herrn Korff, dem Fräulein Mar=Werk Schnitzler im „we
2748 2569 3321 2643 es sich auf der Bühne so gut
1652 2583 2749 2643 berg als Frau Genia Hofreiter trefflich sekundierte.
1654 2620 3296 2698 An Frau Devrient=Reinhold besitzt das Burg- gröbere „junge Medardus“
1658 2657 3321 2735 theater eine zweite Wilhelmine Mitterwurzer, wenig= Dekorationen, ein Badener V
1656 2714 3323 2797 stens für Rollen, wie die komische Mama Frau Wahl. halle mit Alpenaussicht, bo
1651 2767 3296 2835 Wir halten es für ein Zeichen guten Taktes bei unserem bilder von nicht geringem
2749 2813 3319 2886 Regie hat eine ruhmvolle Leis
1647 2826 2740 2885 Publikum, daß die freimütigen Geständnisse der Frau
2753 2865 3309 2926 man das Stück in anderen
1660 2875 2740 2931 Hofreiter und des (von Fräulein Hofteufel darge¬
2755 2912 3318 2976 ausstatten und aufführen, ab
1654 2928 2732 2999 stellten) Töchterchens Wahl doch etwas befremdeten.
2750 2954 3328 3052 gesamt nach demselben beurtei
1660 2980 2744 3041 Man hatte den Eindruck, daß die versammelten Wiener
1655 3022 2753 3082 und Wienerinnen dagegen ein wenig protestierten: nein,
1662 3069 2752 3160 das sagen wir doch nicht so offen heraus. Ernst Hart¬
