3392 4320
688 173 745 227 1
1379 149 1840 247 box 28/4
268 152 1233 280 24. DasgeiteLand
655 957 1543 1072 leubtig Jasenrta
685 1083 1606 1212 GUAS 1014
1821 1200 3067 1297 Traurig=Lustiges über das Süßeste und Wichtigste des Da¬
924 1203 1531 1296 Das weite Land.
1816 1259 3044 1347 seins, die Liebe, zu sagen hat — statt dessen wetteifert er
643 1260 1810 1379 Tragikomödie in fünf Akten von Arthur Schnitzler.
1818 1304 3052 1408 mit Blumenthal und schreibt einen neuen Akt zum „Weißen
1815 1347 1968 1420 Rößl“
1025 1338 1435 1408 (Lessing=Theater.)
690 1384 1828 1467 Einer beschwindelt und betrügt unablässig seine Frau,
1894 1380 3049 1455 Dem übermäßig gedehnten Stück fehlt es keineswegs an
596 1419 1830 1512 tut das letzte, ihr die Liebe zu ihm aus dem Herzen zu
1825 1428 3051 1516 starken dramatischen Wirkungen. Schnitzler weiß die großen
608 1480 3051 1551 reißen, und als sie endlich, müde und rach= oder doch revanche= Szenen bis zum Rande mit elektrischer Spannung zu füllen;
607 1517 3040 1591 lustig, dem bewußten jungen Fähnrich in die Arme sinkt, da Blitz und Donner der Kulisse gehorchen ihm. Leider plaudert
603 1553 3043 1649 geht er hin und erschießt ihn. Jedes Drama, so heißt es, ist er sich nach jedem Gewitterschlage wieder fest, ohne zu ahnen,
602 1611 3047 1689 gut, wenn man seine Handlung in einen einzigen Satz, in welche Ungeduld er damit weckt. Immer wieder sei es ihm
609 1663 3039 1746 vier oder fünf Zeilen zusammenfassen kann. Schade nur, daß zugegeben, daß er ein geistreicher Plauderer ist und etwas
602 1694 3043 1796 Schnitzler, alter Gewohnheit folgend, den Stoff zu sorgfältig zu sagen weiß — nur braucht er uns dies nicht Akt für Akt,
599 1731 3048 1844 nach allen Seiten gewendet und beschaut hat. Schade, daß Szene für Szene durch feine Worte, glitzernde Aphorismen#
600 1774 3046 1838 er sich immer allzusehr seiner vermeintlichen Pflicht bewußt und überraschende Knallbonbons umständlich darzutun.
601 1827 1823 1900 gewesen ist, ein buntes Weltbild zu malen, Prismen funkeln
1823 1846 3051 1923 Seine starke Theatralik verliert alle Kraft im Geplausch.
596 1856 1808 1963 zu lassen und erstaunlichen Reichtum zu zeigen, wo zwingende
1819 1891 3041 1965 Warum hat Brahm, der doch Bahrs Schwatzkomödien auf die
595 1906 1657 1984 Einfachheit des Aufbaus am Platze gewesen wäre.
1812 1937 3052 2011 Hälfte ihres ursprünglichen Umfangs zusammen zu streichen
678 1972 3057 2074 Es drängte ihn, die tragische Komödie einer Ehe, die und dadurch erst bühnenfähig zu machen pflegt, den gleichen?
589 2009 1810 2079 an innerem Gegensatz der Gatten zugrunde geht, zur Tragi¬
1817 2029 2691 2096 Liebesdienst nicht auf Schnitzler erwiesen?
599 2061 1818 2132 komödie der Liebe überhaupt zu erweitern. Neben die hübsch
1890 2064 3048 2148 Gespielt wurde wieder bewundernswert. Man müßte,
596 2116 3038 2202 erfundene Figur des jedem Gelüst erliegenden sieghaften Lebe= um gerecht zu sein, mit einer Ausnahme den ganzen Theater¬
592 2147 3038 2245 mannes tritt der unelegante, ehrbare u. bei den Frauen erfolg=zettel abschreiben. Monnard, der vierzigjährige Lebe¬
592 2208 3040 2282 lose Junggesell; über die alles ernst nehmende Gattin des Da= jüngling, der den nicht eben überzeugend begründeten
591 2232 3040 2329 mentöters triumphiert ein junges Ding von heut und morgen, tragischen Schluß ergreifend herausbrachte weniger aller¬
596 2287 3035 2368 das nicht geheiratet, das nur in die Arme genommen werden dings die eigenartige Komik der Figur; Irene Trieschs
589 2327 3044 2424 will. Zwei Welten! ruft Schnitzler bedeutsam. Unüber= allmählich erkaltende, doch noch immer heimlich liebende
582 2379 3037 2464 brückbare Kluft, Lebensauffassungen, die durch Jahrhunderte und eigentlich in der Liebe irrende Frau; Marri
590 2418 3035 2512 voneinander getrennt sind. Uebrigens erschöpfen diese Ge= als vom Frühling Ausgeschlossener, der dürstend
588 2465 3037 2522 stalten Schnitzlers noch bei weitem nicht die Fülle seines Vor= den Glücklicheren trinken sieht; die köstlich dumm¬
591 2502 3033 2608 rates. Er packt unablässig neues Material aus, wandelt das liche Frau Wahl von Ilka Grüning; Hilde
591 2548 3043 2639 Thema immer breiter ab. Wir lernen einen lachenden] Herterichs modernes Mädel mit der unwahrscheiflichen
584 2593 3035 2681 Philosophen kennen, der seinem Weibe allen Willen läßt und Neigung, sich das Geheiratetwerden zu verbitten, im übrigen
589 2635 3032 2736 ihr keinen Liebhaber mißgönnt, eben weil er sie anbetet und aber dem Erwählten das Letzte willig zu gestatten. In einer
584 2680 1809 2754 nicht von ihr loskommen kann. Es begegnet uns das große,
1798 2702 3044 2784 der zahlreichen, eigentlich völlig zwecklosen Episodenrollen
587 2721 1821 2804 keine Schürze verschonende Kind, das zwar von tiefer,
1805 2753 3033 2829 war Forest ausgezeichnet, Froböse nicht minder als
583 2770 1807 2841 herzinniger Liebe zur eigenen Frau Gemahlin flammt, aber
1809 2793 3040 2868 Bankier Natter. Und so fort. Jeder Akt fand dankbaren
578 2814 1811 2880 eben deshalb dauernd Abwege wählt und treu nur in der
1799 2831 3063 2930 Beifall, der indes nie über ein recht anständiges Mittelmaß
573 2858 1813 2930 Untreue sein kann. Aus Schnitzlers Sortiment hätte noch
1799 2878 2091 2955 hinausging.
2828 2900 2990 2959 r. u.
582 2899 743 2956 ganz g
754 2894 1812 2973 t die doppelte Zahl interessanter Liebespatienten
583 2916 1804 3011 vorgeführt werden können. Er spricht von der Seele und
583 2990 1816 3058 ihrer Sehnsucht als von einem „weiten Lande“ — vielleicht
579 3035 1821 3108 im selben Sinne, wie der alte Fontane seinen prächtigen
575 3071 1755 3143 Briest die Wendung „das ist ein weites Feld“ prägen läßt.
661 3123 1838 3191 Leider genügt dem Dichter die so erzielte Fülle der
563 3185 1815 3251 Gesichte nicht. Er leistet sich, als Nebenthema und um die
566 3222 1818 3280 Bezeichnung seines Werkes als Tragikomödie besser zu recht¬
570 3269 1819 3348 fertigen, noch allerhand kleine Gesellschaftssatire: die Ver¬
566 3307 1814 3381 höhnung der Tennisfexerei, niedliche Witzchen über Rucksack¬
559 3345 1811 3420 touristen u. dgl. m. Gewiß ist das höchst fidel und reizt zum
562 3395 1817 3483 Lachen, aber mit dem angeschnittenen Problem hat es wenig
561 3454 1817 3521 zu tun. Der Theaterabend wird durch diese ausgiebigen,
567 3498 1825 3577 sehr geschwätzigen Spasseteln über Gebühr verlängert, die
564 3541 1824 3615 aufgeworfene Frage selbst jedoch in den Hintergrund ge¬
569 3576 1821 3674 drängt. Wir wollen hören, was der Menschenkenner Schnitzler
