3344 4352
941 160 1010 228 I.
1329 158 1807 249 box 29/1
220 149 1188 267 24. Das weite Land
1940 1427 2892 1506 m
1287 1431 1359 1508 1
251 1497 3294 1559 harauf etwas zugute tun, daß sie es innerlich gegen das Alter die gewagtesten Touren verwehrt, mag er loren, entflieht. Seine junge Geliebte, die Herz und so a
2228 1542 3297 1607 Willen genug hat, sein Schicksal zu teilen, weist er keine
266 1533 2241 1603 ihn ausspielen könnte. Der Gedanke brennt seine auch die leichteren nicht mehr, die für ihn noch ganz
255 1581 2230 1646 Eitelkeit so schmerzlich, daß er sich von ihm erholen unbedenklich wären. Er verzichtet restlos, wo er nicht
2225 1580 3304 1649 zurück. Ihm ist nun gewiß, daß die Jugend nichts mit noch
247 1633 2229 1694 muß. Wie in eiliger Flucht vor seiner eigenen Ner= siegen kann: Bewußtsein der Grenzen. Hofreiter
2222 1618 3272 1682 ihm zu schaffen hat. Und in dem Augenblick, da sein ist
2224 1677 3304 1754 heimgekehrter Sohn das Haus betritt, verläßt er tieft
258 1668 2225 1743 vosität verläßt er sein Haus. Mit seinem aber ist keiner von denen, die sich jemals bescheiden.
2223 1711 2634 1789 selbst es auf immer.
256 1709 2231 1780 Freund, dem braven und getreuen Arzt (den Mit seinem Freund, dem braven Doktor und mit
3173 1725 3302 1781 verl
2304 1749 3297 1814 Die einzelnen Motive dieser Handlung sind dem
253 1754 1265 1824 Schnitzler auch schon in früheren Werken vorge¬
1244 1754 2237 1819 der sehr modernen sehr entschiedenen, sehr persön¬
258 1811 2222 1867 zeichnet hat) geht er in die Alpen. In einem Hotel lichkeitsstolzen Erna Wahl erklimmt er die lebens¬
2229 1798 3298 1861 natürlich durch vielerlei feingesponnene Gedanken, morch
257 1850 1257 1910 im Tiroler Hochgebirg findet er dann den größten
1243 1852 2233 1912 gefährliche Spitze. Droben, im Rausch der Höhe,
2231 1848 3285 1904 überraschende Spiegelungen und tonreiche Stim= bei
253 1894 1253 1955 Teil seiner städtischen Gesellschaft wieder. Da ist der
1246 1891 2235 1947 treibt es die beiden starken und stolzen Persönlich¬
2220 1888 3307 1948 mungstiefen mannigfach untereinander verknüpft. Sch#
258 1921 1262 1996 Bankier, der Mann jener Letzten, und diese selbst;
1240 1942 3301 1994 keiten zueinander; Erna wird die Geliebte Hofreiters. Dieses wuchernde Ausblühen feinster Beziehungen, mied
251 1975 1259 2035 da ist die wortreiche, klatschhafte Frau Wahl mit
1327 1976 3309 2037 Indessen hat auch seine Frau einen gefunden, die sich nur erfühlen, kaum analysieren und am Ges#
248 2024 1252 2084 ihrem suobistischen Sohn und ihrer sehr modernen,
1253 2019 3299 2079 den sie nicht wieder, wie jenen unglücklichen ersten, wenigsten aufzählen lassen, beschwert, wie immer bei mit
253 2069 1257 2118 sehr entschiedenen, sehr persönlichkeitsstolzen Tochter
1251 2067 3305 2116 tödlicher Hoffnungslosigkeit überlassen will. Es ist Schnitzler, den Fortgang der Handlung Sie rollt Weg
252 2107 1249 2172 Erpa; da ist der junge Mann mit dem vergeblichen
2226 2102 3298 2156 nicht gewaltig ab und schreitet nicht gerade hin, in de
1245 2103 2234 2158 der Sohn des Hoteldirektors, der junge Marine¬
250 2155 1261 2219 Fanatismus der Tennis=Meisterschaft, da sind die
1246 2139 2224 2203 fähnrich. Hofreiter entdeckt bei seiner Rückkehr dar
2226 2152 3287 2197 sondern wird langsam und vorsichtig, Motiv für mit
265 2190 1258 2251 Typen, Chargen und Karikaturen, mit denen
1251 2201 3305 2246 Verhältnis. Der Selbstmord jenes Ersten, der sich Motiv, auf Wegen, die unmerklich ineinander= Modl
269 2235 1258 2283 Schnitzler immer seine Gesellschaft der Gutangezo¬
2219 2238 3310 2288 laufen, dem Ziele zu gelenkt. Daraus ergibt zu s#
1257 2237 2220 2290 aus Liebe zu dieser Frau getötet hatte, war ihm
260 2272 1253 2328 genen launig zu beleben weiß. Da trifft der Unstete.
1254 2282 2235 2342 damals unbegreiflich und unerträglich. Nun aber,
2223 2283 3219 2336 sich der Einbruck des epischen Nebeneinander, der
263 2318 1260 2376 der seiner Empfindlichkeit entflohen ist, auch auf
2217 2315 3221 2382 dramatisch umgemodelten Romantechnis, der Schnitz¬
1244 2304 2233 2372 da er den Zweiten glücklicher sieht, treibt ihn seine
262 2355 2229 2420 einen, der ihm wie ein kaum verändertes Spiegel= Eitelkeit, reizt ihn seine Nervosität, verführt ihn der
2219 2354 3287 2426 lers Dichtung nun einmal in ihrer vorsichtigen und der
256 2383 1245 2471 bild seiner selbst erscheinen muß. Der Direktor des
1245 2412 2219 2472 Rausch seines eigenen verliebten Taumels zu einer
2219 2399 3291 2466 delikaten Gedanklichkeit zuzuneigen scheint. Und Egel
248 2451 1256 2514 Hotels ist es; Lebemann, Politiker Unternehmer,
1248 2454 2229 2514 jähen Gebärde der Rache. Er provoziert den jungen
2215 2454 3307 2522 dennoch ist das Grundthema dieser Arbeit so drama= neris#
263 2495 2222 2547 und in allem ebenso erfolgreich, ebenso unverwüstlich, Menschen zu einem Duell. Es soll eine ganz unbe¬
2223 2500 3295 2557 tisch, wie kaum ein zweites: es ist — genau besehen Szen
264 2542 1257 2596 ebenso wenig sentimental, wie Hofreiter selbst. Auch
2245 2539 3298 2601 — in einem unauffällig zeitgemäßen Gewande nichts die ##
254 2575 1262 2639 er allein; seit vielen Jahren ist er, nach dem ersten
1243 2582 2217 2634 zu genügen. Aber der Fähnrich bleibt tot auf dem
2226 2579 3290 2644 anderes als das uralte, vom Genius der Völker in Fahr
260 2627 1253 2676 Treubruch, den seine Gattin entdeckt hat, von den
1254 2608 2220 2676 Platz. Hofreiter hat ihn mit festem Willen erschossen.
2226 2613 3298 2700 vielerlei Mythen abgewandelte und beglaubigte schar
263 2664 1253 2719 seinen weg. Sein Sohn, jetzt schon Fähnrich bei der
2223 2664 3295 2729 Thema vom trotzigen Verächter menschlicher Gesetze, vorzi
1238 2657 2227 2728 Nicht aus Haß und nicht aus Eifersucht; sondern
263 2704 1263 2764 Marine, ist ihm ein Unbekannter. Aber in außer¬
1253 2710 2231 2770 weil er in dem kühlen kühnen Ange des Neben¬
2226 2706 3257 2774 den dab stärkere Gesetz nun doch zerschmettert und best
258 2743 2233 2805 ordentlich feinem Kontraftspiel hat der Dichter die= buhlers den Blick der Jugend sah, der Jugend, vor
2226 2748 3301 2808 entfühnt. Eine Idee von unzerstörbarem Wert, schön
263 2796 2238 2857 sem Typ der rücksichtslosen Selbstsicherheit einen der er sich trotz seiner sieghaften Unnahbarkeit nun
2218 2797 3297 2851 jedem Alter neu und jeder Zeit gemäß. Denn die Bege
268 2837 1261 2885 Zug eingeprägt, der jenem anderen fehlt: das Be¬
2213 2827 3285 2895 Gesetze, unter denen erleuchtete Geister das Geschehen auf
1249 2841 1652 2905 doch verloren weiß.
264 2878 1257 2927 wußtsein der begrenzten Kraft. Früher einmal war
1321 2864 2239 2939 Und darum muß er diesen einen, den er eben
2214 2884 3298 2946 der Welt ansehen, wechseln von Geschlecht zu Ge= innig
261 2916 1258 2979 er unter den Allerkühnsten; eine halsgefährliche
1241 2910 2219 2976 vor der Pistole hat, erschießen. Er weiß aber auch,
2217 2925 3301 2982 schlecht; das eine Gesetz aber bleibt: daß auch der konn#
258 2954 2229 3014 Bergspitze, die er als erster touristisch bezwungen daß dieser Sieg sein letzter und sein fruchtlosester
2213 2967 3311 3021 Unbesiegbarste sein Maß im ewig Menschlichen e
261 2999 2495 3078 hat, führt seitber seinen Namen. Aber seitdem ihm gewesen ist. Er gibt sein gegenwärtiges Leben ver= finden muß.
