3344 4352
1355 157 1788 244 box 28/2
238 152 1186 264 24. Das weite Land
379 972 1435 1080 Ausschpiltbausiaus Mähren und Schlesien
833 1058 1051 1144 Brünn.
375 1106 520 1158 vom:
466 1100 1102 1214 gerebiet
326 1156 1541 1277 V Eine starke schauspielerische Persönlichkeit hat sich in
328 1262 1531 1328 ganz überraschender Weise bei der Premiere von Artur
322 1308 1525 1380 Schnitzlers Tragilomödie „Das weite Land“ — die
321 1348 1529 1441 Buchausgabe des Werkes ist soeben im Verlage von S.
309 1384 1519 1478 Fischer in Berlin erschienen — in Arnold Korff, dem
314 1445 1522 1536 Darstellel des Fabrikanten Hofreiter, entpuppt. Einen
307 1487 1539 1589 Teufeiskerl hat Kainz diesen lebensgierigen, von der
319 1537 1520 1608 Jugend nur widerwillig Avschied neymenden Hofreiter:
312 1611 1516 1678 genanut, und er hat noch in den letzten Monaten seines
308 1631 1530 1731 Lebens an dieser ihm zugedachten Rolle studiert. Fühlte er
301 1694 1529 1796 eine innere Verwandtschaft mit Hofreiter, der auch von der
302 1741 1521 1813 Angst gejagt wird, vor der Zeit Abschied nehmen zu müs¬
315 1788 1530 1878 sen? Es war ganz erstaunlich, wie Korff an und mit dieser
305 1845 1530 1933 Rolle gewachsen schien! Auch die anderen Darsteller des
303 1890 1512 1978 Burgtheaters hatten sich des Wiener Dichters mit der
300 1941 1517 2026 größten Liebe und Hingebung angenommen. Trotzdem und
307 1984 1527 2068 trotz der Anwesenheit Schnitzlers, der nach jedem Akt meh¬
304 2032 1528 2121 rere Male für den gespendeten Beifall danken konnte, war
298 2091 1519 2170 die Stimmung im Hause mehr die einer Enttäuschung, als
299 2139 1486 2219 die der Begeisterung, die voriges Jahr bei „Medardus“
299 2181 1518 2273 herrschte. Das Epische der figurenreichen, komplizierten
301 2242 1517 2322 Handlung, deren Ziel bis zum Schluß nicht abzusehen ist,
286 2283 1499 2382 verwirrte; die Wiederkehr der hohlen Fabrikanten=, Ban¬
296 2325 1500 2409 kier=, Gesellschafts= und Tennis=Menschen aus dem „Weg
296 2393 1506 2452 ins Freie“ machte keine rechte Freude, das ewige Einge¬
289 2420 1505 2511 schlossenbleiben des Dichters in den ## von „Liebelei“,
297 2494 1510 2552 „Sterben“ und Duellieren befremdete, und überdies hatten
286 2551 1507 2625 die schönsten und feinsten Worte des Buches der Bühne
292 2596 1505 2680 zum Opfer fallen müssen. Es ist ganz merkwürdig, daß
284 2657 1503 2737 Schnitzler, der im Einakter wie auch im zwei und drei¬
297 2703 1501 2763 gktigen Schauspiel mit so souveräner Knappheit arbeitet,
292 2756 1503 2839 edesmal, wenn er an die große Tragödie herangeht, viel
300 2811 1497 2871 u viele und viel zu zarte, subtile Dinge in die fünf Akte
294 2854 1495 2922 usammendrängen will, so daß es all seine technische Mei¬
292 2899 1497 2969 terschaft nicht verhindern kann, daß der Zuschauer die
287 2943 1500 3026 übersicht und damit die Fähigkeit des Nachfolgens verliert.
292 2992 1492 3059 Die Bezeichnung „Tragikomödie“ steigert noch die Un¬
293 3041 1498 3137 icherheit des Lesers und des Zuschauers, der nie weiß, ob
279 3105 1488 3171 er Dichter, wie es manchmal scheint, mit diesen, von sozia¬
283 3141 1505 3226 en und metaphysischen Problemen unberührten, nur im
285 3189 1494 3273 Frotischen das Rätsel des Lebens erblickenden Menschen als¬
276 3244 1500 3314 Gleicher milempfindet, oder ob er, wie es weniger den
274 3283 1504 3372 Anschein hat, wie man es aber lieber sähe, diese enge Welt
279 3343 1495 3428 von Tennis, Automobil, Flirt, Dolomitenhotel, Ehebruch
272 3399 1493 3487 und Spritztour nach Amerika von einer höheren Warte
281 3431 709 3523 aus betrachtet ...
1842 1217 2271 1321 Ausschnitt aus:
2083 1300 3032 1421 Wiener Hausfrauen Zeitung, Wien.
1841 1333 2014 1437 vom:
2062 1374 2370 1484 226
2019 1534 2721 1648 Kleine Theaterplandereien.
2526 1624 3057 1718 Wien, 20. Oktober 1911.
1739 1673 3084 1780 Die erste Sensationspremière im Burgtheater in der jungen
1636 1728 3072 1817 Saison! Schon äußerlich ist sie wahrzunehmen; an den Schaltern der
1635 1766 3066 1875 Kassen hängen die Tafeln „Ausverkauft!“ im Vestibül staut sich eine
1643 1818 3076 1926 festlich toilettierte Menge und Wagen auf Wagen rollt heran, um das
1634 1862 3076 1965 Publikum ##Artur Schnitzlers Premi### bringen. Der Tragikomödie
1632 1931 3080 2008 „Das weite Land“ ging ein guter Ruf voraus, und nun sollte das Werk
1620 1971 3075 2085 zum erstenmal über die Bretter gehen. Sobald der Vorhang sich hebt.
1619 2019 3067 2126 tritt lantlose Stille ein und gespannt folgt man den Vorgängen auf der
1620 2068 3064 2179 Bühne. „Das weite Land“, das ist die Seele, in welcher alles drunter
1621 2109 3061 2230 und drüber geht, welche bald lustig, bald traurig ist, es ist die Seele,
1623 2162 3061 2269 über die zu gebieten wir keine Macht haben. Dies will der Dichter uns
1615 2205 3058 2328 in seinem Werte beweisen. Er zeigt uns einen Fabrikanten, der seine
1611 2254 3043 2380 brave Gattin unheimlich findet, weil sie den Lockungen eines „Dritten“
1607 2315 3049 2430 nicht Gehör geschenkt, und der das nächste Mal den Liebhaber im Duell
1602 2360 3044 2472 erschießt, da die Gattin den ihm verständlicheren Ehebruch wirklich be¬
1610 2407 3049 2513 geht. Rätselhaft ist dieses weite Land der Seele bei ihm wie bei ihr,
1607 2464 3058 2581 rätselhaft auch alle anderen vorkommenden Personen aber vortrefflich
1605 2503 3032 2626 sind sie alle von Schnitzler gezeichnet worden. Dies sowie auch die voll¬
1610 2561 3029 2679 endete Sprache des Werkes entschied den Erfolg des Abends. Die männ¬
1604 2602 3044 2735 liche Hauptrolle lag in den Händen Herrn Korffs, der, da en dieselbe
1596 2658 3034 2787 meisterhaft durchführte, sich dadurch in die erste Reihe der Burgtheater¬
1606 2713 3025 2835 größen einfügte. Lilli Marberg gab die schwierige Rolle der sündig ge¬
1607 2761 3040 2850 wordenen Frau mit tiefer Empfindung, und auch die Damen Devrient=
1600 2803 3047 2915 Reinhold und Bleibtren sowie die übrigen Mitwirkenden sind nur lobend¬
1593 2852 3033 2981 zu erwähnen. Die Sensationspremière endete, wie schon gesagt, mit
1589 2903 3058 3051 starkem Beifall und der Dichter konnte wiederholt für densesben—
1596 2952 1752 3011 danken.
1682 3004 1905 3058 913„
1841 3017 2335 3131 en e
2717 3038 2913 3147 S
2777 4070 2955 4173 .—
3030 4069 3083 4152 —
