3392 4448
1403 63 1761 153 box 28
659 91 781 145 We
253 79 1207 181 24. Das  eeee e
467 949 854 1031 Aussc aus!
916 979 1162 1087 18 10. 10
472 1085 616 1139 vom:
608 1152 1070 1210 Nr. 4230. Seite 25.
595 1263 1397 1346 Theater und Kunit.
959 1347 1556 1398 Schnitzler schöpft in seine
529 1335 961 1403 (Burgtheater.)
435 1382 1563 1431 wundervollen Tragikomödie „Dasweite Land“ da
436 1418 1556 1466 Tragische der Komik der Liebessehnsucht aus. Er gibt ein
429 1463 1568 1502 prächtig stilisierte Komödie, welche feine seelische Fäden der
430 1500 1565 1549 knüpft und die starke Menschlichkeit aller vorgeführten Per¬
435 1549 1565 1587 sonen in glänzend gesehenen Figuren betont. Der Dichten
432 1582 1571 1632 meint, die Seele der Menschen, wäre ein weites unerforschliches
439 1629 1578 1666 Land mit unbekannten Höhen und Tiefen. Und nun geht er
437 1656 1580 1697 in fünf Akten an die Erbringung der Beweise. Da lebt in
447 1697 1585 1744 Baden draußen der Fabrikant Hofreiter, ein Mann, der un¬
438 1739 1574 1791 erschöpflich im Lieben ist und sozusagen nur in den Pausen
441 1789 1574 1830 zwischen zwei Frauen seine bürgerlichen Geschäfte besorgt¬
447 1806 1576 1868 Seine kühle, tugendhafte Frau Genia vernachlässigt und be¬
436 1853 1575 1910 trügt er. Einer seiner Freunde ist wegen Genia in den Tod
446 1890 1570 1946 gegangen, aber die Gattin kann ihm Treue und Unschuld be¬
446 1927 1578 1983 weisen. Diese Eröffnung hat Hofreiter aber noch mehr abge¬
443 1973 1566 2023 kühlt. Auf einer Dolomitentour erobert er ein unberührtes
450 2006 1562 2065 Mädchen. Nach der Heimkehr aus Tirol entdeckt er, daß sich
458 2042 1564 2105 seine tugendstarke Gemahlin mit einem jungen Fähnrich ver¬
436 2088 1577 2136 gessen hat. Er fordert den Jüngling vor die Pistole, knallt ihn
449 2130 1568 2181 nieder und drückt dann noch kaltblütig der ahnungslosen Mutter
447 2178 1576 2224 des Getöteten die Hand. Erst jetzt bricht er zusammen. Das
444 2202 1574 2268 junge, verführte Mädchen will ihm überallhin folgen, aber er
443 2235 1579 2303 weist sie von sich. Er gehört Niemandem mehr an, nach seiner
448 2302 1580 2342 eigenen Ansicht. Da ertönt die Stimme seines dreizehn¬
451 2326 1581 2382 jährigen aus dem englischen Pensionate zurückgekehrten
450 2360 1588 2421 Sohnes. Die Tränen schießen aus seinen Augen, er kennt jetzt
456 2407 1581 2465 endlich ein Lebensziel. Und auch in einer glücklich geführten
454 2445 1568 2497 Nebenhandlung blicken wir in das zweite Land der Seelen...
456 2479 1575 2533 Diese Bühnendichtung mit ihrem Reichtum an Gedanken, mit
445 2526 1569 2589 ihrer wundervollen Menschengestaltung und Wirklichkeitsechtheit
442 2551 1572 2616 gehört wohl zu den bedeutendsten dramatischen Schöpfungen der
444 2611 1579 2658 modernen deutschen Theaterliteratur. Das Burgtheater, dank¬
445 2638 1585 2691 bar für die hervorragende Gabe des Dichters, brachte eine sehr
454 2676 1593 2735 fein retouchierte Vorstellung zustande. Thimigs Regie hatte
450 2719 1586 2773 für eine stimmungsvolle Szenerie gesorgt. Korff gibt dent
440 2756 1579 2815 brutalen Sinnenmenschen und Egoisten Hofreiter in glänzend¬
454 2812 1591 2855 ster künstlerischer Manier. Fräulein Marberg als Genia ist,
433 2839 1590 2904 eine tiefbewegende Frauengestalt. Sie erscheint im Anfang!
428 2872 1585 2949 vielleicht um eine Nuance zu kühl, im Schlußalte findet sie
425 2915 1590 2971 rgreifende Alzente. Fräulein Hofteufel ist vorzüglich als
438 2949 1593 3016 das junge, betörende und betörte Mädchen, das ihre ganze
446 2984 1620 3054 Seele in ihre Liebe legt. Wundervoll werden auch die kleineren#
440 3030 1598 3086 und kleinen Rollen gespielt, vor allem von Fran Bleib¬
450 3073 1579 3127 treu, den Herren Gerasch, Thimig, Valajthy,
438 3108 1587 3175 Zeska, Paulsen, Devrient (der Hartmanns Rolle
443 3150 1585 3205 erbte), Heine und Moser. Frau Devrient=Rein¬
447 3190 1589 3244 hold machte in einer Mutterrolle guten Eindruck. Alles in
440 3242 1588 3288 Allem ergab es einen denkwürdigen Burgtheaterabend. Der
441 3269 1584 3324 Dichter selbst=mußte oft und oft für den begeisterten Beifall des
444 3312 807 3375 Dukl## Katiion
2195 -4 2530 75 TUTRNNR
2406 29 2681 107 150l. 1311
2176 130 2334 177 vom:
2345 114 2857 212 —
2437 209 2832 301 Hofburgtheater.
2237 278 3129 371 Zum ersten Male: „Das weite Land“,
2996 331 3136 381 Artur
2133 344 2958 395 Tragikomödie in fünf Akten, von
2451 361 3139 423 „Sollte es Ihnen noch nicht
2134 392 2406 442 Schnitzler.
2138 404 3135 477 aufgefallensein was für komplizierte Subjekte
2138 444 3137 513 wir Menschen im Grunde sind? So vieles hat
2145 496 3142 557 zugleich Raum in uns! Liebe und Trug ... Treue
2137 519 3141 588 und Treulosigkeit. Anbetung für die eine und
2533 557 3141 627 einer anderen oder nach
2133 574 2503 632 Verlangen nach
2152 592 3065 662 mehreren. Ja, mein guter Hofreiter, die Seele
3060 629 3135 678 es
2141 638 3063 703 ist ein weites Land, wie ein Dichter
2612 663 3138 726 Der also im dritten Akte
2148 684 2527 746 einmal ausdrückte.
2144 707 3143 774 der Novität von gestern spricht, ist ein Hoteldirektor,
2935 745 3153 793 Präsident
2153 746 2927 813 Herr Doktor von Aigner, ehemaliger
2157 783 3153 846 des Touristenklubs. Abgeordneter und Don Juan in
2158 819 3143 885 den Dolomiten und Umgebung. Er hat seine offizielle
2165 856 3158 924 Frau, eine berühmte Schauspielerin, sehr geliebt und
2168 890 3143 964 sehr betrogen. Doch hier liegt nicht das Problem.
2160 926 3153 1002 Der gute Hofreiter, an den die eingangs zitierten Worte
2165 970 3157 1043 gerichtet sind, ist ein kompliziertes Subjekt. Findet
2159 1008 3163 1076 die brave Gattin unheimlich, weil sie den sündigen
2172 1043 3155 1111 Werbungen eines russischen Pianisten tapferen
2601 1086 3157 1139 hat. Der Klavierspieler
2397 1095 2588 1152 geleistet
2172 1106 2395 1160 Widerstand
2167 1129 3162 1193 ging in den Tod, weil seine Sehnsucht ohne
2179 1155 3168 1225 Erhörung blieb. Tugend eines Weibes gefällt
2171 1200 3162 1272 der Kanaille nicht. Sein Interesse entzündet sich
2260 1232 3176 1299 an der Gewißheit, daß die Gefährtin gefallen
2176 1262 2262 1312 erst
2273 1263 3167 1340 Einem Marinefähnrich gab sich“ die ver¬
2177 1300 2272 1346 ist.
2902 1309 3175 1362 eigen und
2618 1309 2902 1368 Dame zu
2180 1323 2612 1383 schmähte, verlassene
2167 1346 3177 1419 jetzt wird der Herr Gemahl rabiat, eifersüchtig
2180 1390 3168 1449 auf die Jugend. Sogar etwas wie Liebe zieht durch
2180 1422 3169 1494 seine kalte Seele... Er tötet den Nebenbuhler und
2181 1462 3181 1531 möchte mit blutbefleckten Händen die Brücke schlagen
2181 1497 3176 1570 zu seinem verwüsteten Hause. Umsonst. Das Weib ist
2173 1520 3182 1607 ihm verloren gegangen und von dem Mädchen, dessen
2180 1569 3175 1645 Blüte er bei einer Bergwanderung brach, will er
2175 1609 3175 1681 Lebenfalls nichts wissen. Sein Heil sucht er bei dem
2181 1640 3195 1712 Kinde aus der freudlosen Ehe. Ein kompliziertes,
2459 1683 3185 1758 auch jenes moderne Fräulein mit
2186 1701 2454 1767 Subjekt ist
2180 1714 3193 1797 seiner Hinneigung zu angegrauten Herren. Wenn
3087 1756 3176 1805 sich
2746 1754 3067 1822 verlöschen, tut
2547 1770 2700 1822 Lichter
2433 1779 2545 1825 die
2184 1782 2425 1836 im Hotel
2990 1789 3194 1848 Hofreiter
2848 1796 2989 1851 Herr
2700 1804 2810 1858 und
2593 1812 2683 1860 auf
2189 1808 2552 1874 eine Kammertüre
2184 1831 3198 1902 wird von dem Mädel mit den aufgestachelten Trieben
2196 1872 3194 1953 begnadet ... Solches Entgegenkommen behagt dem
2197 1910 3191 1979 Abenteurer, der sich eine eigene Herrenmoral aus¬
2404 1949 3205 2007 hat. Der Mann darf sich alles
2198 1976 2402 2030 geklügelt
2197 1982 3204 2062 erlauben, nichts ist dem Gaukler verwehrt. Und
2200 2017 3193 2104 zur Treue ist er nicht verpflichtet. Wehe der
2201 2046 3216 2141 Frau, die unterliegt, die nach der Entfremdung
2196 2098 3202 2175 in der Ehe zur Eheirrung gepeitscht wird.
2203 2133 3220 2207 Es wird über die Dichtung Schnitzlers ein ausführ¬
2200 2170 3207 2261 liches Urteil gefällt werden. Heute sei der große Er¬
2206 2204 3207 2291 folg konstatiert. Das Premièrenpublikum rief den
2197 2250 3210 2326 Poeten nach jedem Akte vor die Rampe, würdigte die
2204 2288 3210 2375 eigentümlichen Schönheiten des Werkes und gab den
2206 2318 3216 2387 Bedenken keine Gewalt. Die männliche Hauptrolle in
2217 2358 3223 2434 dem figurenreichen Stücke warg an Arnold Korff ge¬
2208 2397 3216 2475 langt, der seine reiche künstlerische Erfindung an einer
2212 2436 3216 2509 bedeutsamen Aufgabe entfalten konnte. Wie ein lange
3031 2471 3220 2524 Sprudel
2212 2476 3032 2556 zurückgedämmter, endlich losgelassener
2756 2504 3221 2573 einer imponierenden
2212 2534 2733 2593 stieg seine Kraft zu
2492 2553 3224 2613 Er hat sich mit dem Glühlichter¬
2221 2575 2496 2632 Höhe empor.
2220 2586 3239 2662 fabrikanten, der Charmeur und Schurke ist, in die
2227 2635 3224 2706 allererste Reihe hineingespielt. Lilli Marberg
2229 2659 3223 2740 gab die unverstandene, sündig gewordene Frau mit
2232 2694 3231 2777 geistiger Energie und mit einer Empfindung, welche
2223 2732 3234 2822 den Stempel der Wahrheit trug. Fräulein Hofteufel
2222 2773 3237 2846 wurde von dem Gewichte ihrer Rolle zu Boden
2238 2816 3243 2892 gedrückt. Auch fehlte ihr für das Mädchen mit der
2241 2857 3238 2929 Dirnennatur der berückende Reiz. Vortrefflich
2237 2889 3241 2969 waren die Damen Devrient=Reinhold und
2236 2924 3237 3000 Bleibtreu. Herr Gerasch, der unglückselige
2243 2964 3244 3061 Marinefähnrich, bewahrte aute Haltung. In Episoden
2240 3069 3254 3115 waren Fräulein Wilke, die Herren Heine.
2242 3110 3245 3155 Paulsen. Thimig, Treßler und Zeska auf
2239 3147 3239 3192 den richtigen Posten. Herr Devrient sollte Hart¬
2242 3187 3245 3240 mann ersetzen. Es stand ein großer Schatten hinter
2250 3226 3240 3271 ihm ... Bei den Wiederholungen wird sich empfehlen,
2248 3263 3234 3316 den Sprechton stärker zu schattieren. Gestern ging
2245 3298 3232 3348 manche Dialogstelle verloren, weil die geschätzten
2248 3338 3239 3386 Redner ihre Organe schonten. Deutlichkeit ist die erste
2247 3377 2601 3435 Schauspielerpflicht.
2353 3447 3240 3512 Aus Berlin telegraphiert man uns: Die
2241 3487 3243 3551 Tragikomödie „Das weite Land“ von Artur
2246 3542 3240 3590 Schnitzler fand trotz ausgezeichneter Darstellung im
2249 3578 3239 3626 Lessing=Theater schwachen, aber unwidersprochenen
2246 3619 3233 3655 Beifall so daß Direktor Brahm im Namen des
2241 3654 3244 3702 Antors danken konnte. Besonders verdient machten
2245 3690 3241 3748 sich um die Aufführung die Damen Irene Triesch
2247 3726 3244 3782 (Genia) Hilde und Herterich (Eina), sowie Herr
2240 3766 2856 3815 Heinz Monnard (Hofreiter).
2362 3806 3233 3858 Aus München wird uns telegraphiert: Die
2238 3851 3234 3900 Erstaufführung von Schnitzlers Tragikomödie
2246 3883 3234 3943 „Das weite Land im Königlichen Residenztheater
2246 3932 3234 3990 brachte dem Dichter und seinem neuesten Werke einen
2228 3950 2553 4025 warmen Erfolg.
3184 3966 3230 4031 Z
