<?xml version="1.0" encoding="UTF-8" standalone="yes"?>
<PcGts xmlns="http://schema.primaresearch.org/PAGE/gts/pagecontent/2013-07-15" xmlns:xsi="http://www.w3.org/2001/XMLSchema-instance" xsi:schemaLocation="http://schema.primaresearch.org/PAGE/gts/pagecontent/2013-07-15 http://schema.primaresearch.org/PAGE/gts/pagecontent/2013-07-15/pagecontent.xsd">
    <Metadata>
        <Creator>prov=University of Rostock/Institute of Mathematics/CITlab/Gundram Leifert/gundram.leifert@uni-rostock.de:name=ONB_Newseye_GT_M1+(htr_id=10810)::::v=2.4.2
prov=University of Rostock/Institute of Mathematics/CITlab/Tobias Gruening/tobias.gruening@uni-rostock.de:name=de.uros.citlab.module.baseline2polygon.B2PSeamMultiOriented:v=2.4.2
prov=University of Rostock/Institute of Mathematics/CITlab/Tobias Gruening/tobias.gruening@uni-rostock.de:name=/mnt/transkribus/LA/DEA/URO/LA_news_onb_att.pb:de.uros.citlab.segmentation.CITlab_LA_ML:v=2.4.2
Transkribus</Creator>
        <Created>2019-10-07T11:14:59.750+02:00</Created>
        <LastChange>2019-10-08T05:24:45.501+02:00</LastChange>
        <TranskribusMetadata docId="223964" pageId="9497629" pageNr="608" tsid="16502720" status="IN_PROGRESS" userId="40391" imgUrl="https://files.transkribus.eu/Get?id=BQCRMALYJZSTMOIEPUFFESNE&amp;fileType=view" xmlUrl="https://files.transkribus.eu/Get?id=RKTLVJVKNBBWZOXQTZDIEWVN" imageId="6187856"/>
    </Metadata>
    <Page imageFilename="223964_0608.jpeg" imageWidth="3248" imageHeight="4384">
        <ReadingOrder>
            <OrderedGroup id="ro_1711441950152" caption="Regions reading order">
                <RegionRefIndexed index="0" regionRef="r1"/>
                <RegionRefIndexed index="1" regionRef="r2"/>
            </OrderedGroup>
        </ReadingOrder>
        <TextRegion orientation="0.0" id="r1" custom="readingOrder {index:0;}">
            <Coords points="298,143 298,4087 1614,4087 1614,143"/>
            <TextLine id="r1l1" custom="readingOrder {index:0;}">
                <Coords points="362,172 1622,163 1439,95 851,152 362,135"/>
                <Baseline points="369,165 431,166 493,166 555,166 618,167 680,167 742,166 804,166 867,166 929,166 991,166 1053,166 1116,167 1178,167 1240,168 1302,168 1365,170 1427,171 1489,172 1551,175 1614,177"/>
                <TextEquiv>
                    <Unicode></Unicode>
                </TextEquiv>
            </TextLine>
            <TextLine id="r1l2" custom="readingOrder {index:1;}">
                <Coords points="351,219 1538,236 1580,171 351,179"/>
                <Baseline points="359,214 419,215 480,216 540,216 601,217 662,217 722,217 783,218 844,218 904,218 965,218 1026,218 1086,218 1147,218 1208,218 1268,218 1329,218 1390,219 1450,219 1511,220 1572,221"/>
                <TextEquiv>
                    <Unicode>ewiger Besitz. Vor, während, noch dem Krieg. So wie jetzt</Unicode>
                </TextEquiv>
            </TextLine>
            <TextLine id="r1l3" custom="readingOrder {index:2;}">
                <Coords points="346,264 1514,283 1571,281 1572,229 346,220"/>
                <Baseline points="353,262 413,262 474,262 534,262 595,263 655,263 716,263 776,264 837,264 897,265 958,266 1018,266 1079,267 1139,267 1200,267 1260,268 1321,268 1381,268 1442,268 1502,267 1563,267"/>
                <TextEquiv>
                    <Unicode>unmittelbar hinter den Schützengräben jedes Stückchen</Unicode>
                </TextEquiv>
            </TextLine>
            <TextLine id="r1l4" custom="readingOrder {index:3;}">
                <Coords points="354,307 1539,330 1576,257 354,270"/>
                <Baseline points="361,310 421,309 481,309 542,309 602,309 662,309 723,309 783,310 843,310 904,311 964,311 1024,312 1085,312 1145,313 1205,313 1266,313 1326,314 1386,314 1447,314 1507,313 1568,313"/>
                <TextEquiv>
                    <Unicode>Erde zur Ernte bereitet wurde, weil man den Frieden</Unicode>
                </TextEquiv>
            </TextLine>
            <TextLine id="r1l5" custom="readingOrder {index:4;}">
                <Coords points="346,358 1578,383 1578,316 346,313"/>
                <Baseline points="354,355 414,354 475,354 536,354 597,354 658,354 718,354 779,355 840,356 901,356 962,357 1022,358 1083,359 1144,359 1205,360 1266,361 1326,361 1387,361 1448,361 1509,361 1570,361"/>
                <TextEquiv>
                    <Unicode>des Ackers nicht wissen konn, so gibt es auch geistige</Unicode>
                </TextEquiv>
            </TextLine>
            <TextLine id="r1l6" custom="readingOrder {index:5;}">
                <Coords points="349,406 1570,408 1570,373 1506,368 349,360"/>
                <Baseline points="357,403 417,402 477,402 537,402 598,402 658,403 718,404 778,405 839,406 899,407 959,408 1019,409 1080,410 1140,411 1200,411 1260,411 1321,411 1381,411 1441,410 1501,408 1562,406"/>
                <TextEquiv>
                    <Unicode>Reservate, die schützen und ausdauen. Vielleicht war es die</Unicode>
                </TextEquiv>
            </TextLine>
            <TextLine id="r1l7" custom="readingOrder {index:6;}">
                <Coords points="348,453 1575,481 1576,406 348,407"/>
                <Baseline points="356,450 416,450 477,450 537,450 598,450 659,451 719,452 780,453 840,454 901,455 962,456 1022,458 1083,458 1143,459 1204,460 1265,460 1325,460 1386,459 1446,458 1507,457 1568,456"/>
                <TextEquiv>
                    <Unicode>Sehnsucht nach entspannenden unblutigen Kämpfen von</Unicode>
                </TextEquiv>
            </TextLine>
            <TextLine id="r1l8" custom="readingOrder {index:7;}">
                <Coords points="344,505 1572,519 1572,461 345,452"/>
                <Baseline points="352,497 412,498 473,498 533,499 594,499 655,500 715,501 776,502 836,503 897,503 958,504 1018,505 1079,506 1139,506 1200,507 1261,507 1321,507 1382,507 1442,506 1503,506 1564,505"/>
                <TextEquiv>
                    <Unicode>Seele zu Seele, die es vermochten, an einem Juni=Abend</Unicode>
                </TextEquiv>
            </TextLine>
            <TextLine id="r1l9" custom="readingOrder {index:8;}">
                <Coords points="337,545 1446,558 1565,594 1577,492 1527,523 337,506"/>
                <Baseline points="345,549 406,548 467,548 528,547 589,547 651,547 712,547 773,547 834,548 895,548 957,549 1018,550 1079,550 1140,551 1201,552 1263,553 1324,554 1385,555 1446,555 1507,556 1569,556"/>
                <TextEquiv>
                    <Unicode>im übervollen Haus ein warm teilnehmendes Publikum</Unicode>
                </TextEquiv>
            </TextLine>
            <TextLine id="r1l10" custom="readingOrder {index:9;}">
                <Coords points="334,608 352,601 374,609 383,599 398,607 416,596 432,611 477,599 591,598 603,606 625,596 625,576 601,578 565,553 473,561 439,547 420,563 392,555 333,578"/>
                <Baseline points="341,597 366,596 391,595 416,595 441,595 466,594 491,594 516,594 541,593 566,593 591,593 617,593"/>
                <TextEquiv>
                    <Unicode>zu sammeln.</Unicode>
                </TextEquiv>
            </TextLine>
            <TextLine id="r1l11" custom="readingOrder {index:10;}">
                <Coords points="469,648 1528,666 1569,593 469,600"/>
                <Baseline points="477,642 531,641 585,641 639,641 693,642 748,642 802,642 856,643 910,644 964,644 1019,645 1073,646 1127,646 1181,647 1235,648 1290,648 1344,649 1398,649 1452,649 1506,650 1561,649"/>
                <TextEquiv>
                    <Unicode>Herr Harry Walden schien für die Figur des Hof¬</Unicode>
                </TextEquiv>
            </TextLine>
            <TextLine id="r1l12" custom="readingOrder {index:11;}">
                <Coords points="343,707 1542,714 1574,662 343,653"/>
                <Baseline points="350,687 410,688 471,689 532,690 593,691 654,692 714,692 775,693 836,693 897,694 958,694 1018,694 1079,695 1140,695 1201,695 1262,696 1322,696 1383,697 1444,698 1505,699 1566,700"/>
                <TextEquiv>
                    <Unicode>reiter vorbestimmt zu sein. Er weiß sonst die schwankenden,</Unicode>
                </TextEquiv>
            </TextLine>
            <TextLine id="r1l13" custom="readingOrder {index:12;}">
                <Coords points="329,733 1472,766 1573,743 1574,698 329,702"/>
                <Baseline points="337,734 398,736 459,737 521,738 582,739 644,740 705,740 766,741 828,741 889,742 951,742 1012,742 1073,742 1135,743 1196,743 1258,744 1319,744 1380,745 1442,745 1503,746 1565,747"/>
                <TextEquiv>
                    <Unicode>verschlossenen, verführerisch kühlen und verräterisch heißen</Unicode>
                </TextEquiv>
            </TextLine>
            <TextLine id="r1l14" custom="readingOrder {index:13;}">
                <Coords points="340,789 1359,817 1564,807 1565,765 340,747"/>
                <Baseline points="348,784 408,785 468,785 529,786 589,787 650,787 710,788 770,788 831,789 891,789 952,790 1012,790 1072,790 1133,791 1193,791 1254,791 1314,792 1374,792 1435,792 1495,793 1556,793"/>
                <TextEquiv>
                    <Unicode>Männlichkeiten wohl zu gestalten. Und doch schien er mir</Unicode>
                </TextEquiv>
            </TextLine>
            <TextLine id="r1l15" custom="readingOrder {index:14;}">
                <Coords points="337,847 1575,833 1572,800 1264,788 337,794"/>
                <Baseline points="345,830 406,831 467,832 528,832 589,833 650,833 711,834 773,834 834,834 895,835 956,835 1017,835 1078,836 1139,836 1201,837 1262,838 1323,838 1384,839 1445,841 1506,842 1568,843"/>
                <TextEquiv>
                    <Unicode>diesmal nicht das Wesentliche zu verkörpern. Indem</Unicode>
                </TextEquiv>
            </TextLine>
            <TextLine id="r1l16" custom="readingOrder {index:15;}">
                <Coords points="337,886 672,890 750,864 812,897 1133,906 1213,896 1243,858 1134,831 1003,871 790,835 338,848"/>
                <Baseline points="346,876 390,877 434,878 479,879 523,879 568,880 612,880 656,880 701,880 745,881 790,881 834,881 878,881 923,881 967,881 1012,882 1056,882 1100,883 1145,883 1189,885 1234,886"/>
                <TextEquiv>
                    <Unicode>er einen Mann in den kritischen</Unicode>
                </TextEquiv>
            </TextLine>
            <TextLine id="r1l17" custom="readingOrder {index:16;}">
                <Coords points="1239,897 1281,886 1301,900 1468,889 1502,901 1545,898 1566,887 1566,836 1521,859 1487,845 1441,859 1296,844 1270,870 1239,873"/>
                <Baseline points="1246,890 1272,888 1298,887 1324,887 1350,887 1376,888 1402,888 1428,889 1454,889 1480,889 1506,889 1532,889 1558,888"/>
                <TextEquiv>
                    <Unicode>Jahren des</Unicode>
                </TextEquiv>
            </TextLine>
            <TextLine id="r1l18" custom="readingOrder {index:17;}">
                <Coords points="329,932 1531,946 1566,887 329,896"/>
                <Baseline points="336,929 397,928 458,928 519,928 580,928 641,928 702,928 763,929 824,929 885,930 947,930 1008,931 1069,932 1130,932 1191,933 1252,933 1313,934 1374,934 1435,934 1496,934 1558,933"/>
                <TextEquiv>
                    <Unicode>herannahenden Alterns zeichnete, der, bereits als</Unicode>
                </TextEquiv>
            </TextLine>
            <TextLine id="r1l19" custom="readingOrder {index:18;}">
                <Coords points="331,982 401,989 446,959 519,997 605,981 639,992 760,985 760,957 732,965 684,933 609,946 549,931 331,934"/>
                <Baseline points="338,973 363,974 389,975 415,975 441,975 467,974 493,974 519,973 545,972 571,971 597,971 623,971 649,972 675,973 701,975 727,978 753,982"/>
                <TextEquiv>
                    <Unicode>ein Erliegender,</Unicode>
                </TextEquiv>
            </TextLine>
            <TextLine id="r1l20" custom="readingOrder {index:19;}">
                <Coords points="758,976 769,976 787,991 828,982 864,994 901,963 912,963 912,945 875,944 857,935 847,935 836,944 786,943 780,937 758,940"/>
                <Baseline points="766,979 793,977 821,975 848,975 876,977 904,979"/>
                <TextEquiv>
                    <Unicode>mehr</Unicode>
                </TextEquiv>
            </TextLine>
            <TextLine id="r1l21" custom="readingOrder {index:20;}">
                <Coords points="934,979 1289,997 1396,966 1456,1001 1570,993 1570,965 1522,941 1220,958 1147,932 935,943"/>
                <Baseline points="942,974 973,975 1004,976 1035,977 1066,978 1097,978 1128,979 1159,979 1190,980 1221,980 1252,980 1283,981 1314,981 1345,981 1376,982 1407,982 1438,982 1469,983 1500,983 1531,984 1562,985"/>
                <TextEquiv>
                    <Unicode>mit Gier um Genuß</Unicode>
                </TextEquiv>
            </TextLine>
            <TextLine id="r1l22" custom="readingOrder {index:21;}">
                <Coords points="326,1021 1543,1049 1566,984 326,979"/>
                <Baseline points="333,1025 394,1024 455,1024 516,1024 578,1024 639,1024 700,1024 761,1024 823,1025 884,1025 945,1026 1006,1026 1068,1027 1129,1028 1190,1028 1251,1029 1313,1030 1374,1031 1435,1031 1496,1032 1558,1033"/>
                <TextEquiv>
                    <Unicode>kämpft als mit noch leidenschaftlichem Verlangen,</Unicode>
                </TextEquiv>
            </TextLine>
            <TextLine id="r1l23" custom="readingOrder {index:22;}">
                <Coords points="324,1083 1559,1071 1268,1032 324,1044"/>
                <Baseline points="332,1074 393,1073 454,1072 515,1071 576,1071 637,1071 698,1071 759,1071 820,1072 881,1072 942,1073 1003,1074 1064,1075 1125,1075 1186,1076 1247,1076 1308,1077 1369,1077 1430,1077 1491,1077 1552,1076"/>
                <TextEquiv>
                    <Unicode>brachte er den Hofreiter um sein Bestes, um die verschwen¬</Unicode>
                </TextEquiv>
            </TextLine>
            <TextLine id="r1l24" custom="readingOrder {index:23;}">
                <Coords points="335,1121 1545,1137 1545,1093 1461,1085 335,1082"/>
                <Baseline points="342,1119 401,1119 461,1119 521,1120 581,1120 641,1121 700,1121 760,1122 820,1123 880,1123 940,1124 999,1124 1059,1125 1119,1125 1179,1126 1239,1126 1298,1126 1358,1126 1418,1126 1478,1125 1538,1125"/>
                <TextEquiv>
                    <Unicode>derische Laune einer über das Maß des Alltagslebens</Unicode>
                </TextEquiv>
            </TextLine>
            <TextLine id="r1l25" custom="readingOrder {index:24;}">
                <Coords points="326,1164 1552,1179 1533,1133 326,1136"/>
                <Baseline points="334,1167 394,1167 455,1167 515,1167 576,1168 636,1168 697,1168 757,1169 818,1169 878,1170 939,1170 999,1171 1060,1172 1120,1172 1181,1173 1241,1173 1302,1174 1362,1174 1423,1174 1483,1175 1544,1175"/>
                <TextEquiv>
                    <Unicode>langenden Phantasie. Wenn dieser Mann nicht aus Ueber¬</Unicode>
                </TextEquiv>
            </TextLine>
            <TextLine id="r1l26" custom="readingOrder {index:25;}">
                <Coords points="336,1219 1479,1241 1555,1234 1556,1189 336,1180"/>
                <Baseline points="343,1216 403,1215 463,1215 523,1215 583,1215 644,1216 704,1216 764,1217 824,1218 884,1219 945,1220 1005,1221 1065,1222 1125,1223 1185,1223 1246,1224 1306,1224 1366,1223 1426,1222 1486,1221 1547,1219"/>
                <TextEquiv>
                    <Unicode>fülle verarmt, sondern als ein bereits sich vermindert</Unicode>
                </TextEquiv>
            </TextLine>
            <TextLine id="r1l27" custom="readingOrder {index:26;}">
                <Coords points="320,1256 1486,1288 1557,1235 320,1233"/>
                <Baseline points="328,1266 389,1265 450,1264 511,1264 572,1264 633,1264 694,1264 755,1265 816,1265 877,1266 938,1267 999,1268 1060,1269 1121,1270 1182,1270 1243,1271 1304,1271 1365,1271 1426,1271 1487,1270 1548,1269"/>
                <TextEquiv>
                    <Unicode>Fühlender, nach Abenteuern lechzt, dann ist er nichts anderes</Unicode>
                </TextEquiv>
            </TextLine>
            <TextLine id="r1l28" custom="readingOrder {index:27;}">
                <Coords points="327,1319 1555,1341 1556,1281 327,1282"/>
                <Baseline points="335,1311 395,1311 456,1311 516,1311 577,1311 638,1312 698,1312 759,1312 820,1313 880,1314 941,1314 1002,1315 1062,1316 1123,1317 1184,1317 1244,1318 1305,1319 1366,1320 1426,1320 1487,1321 1548,1321"/>
                <TextEquiv>
                    <Unicode>als ein brüchig gewordener Lebemann. Hofreiter aber darf</Unicode>
                </TextEquiv>
            </TextLine>
            <TextLine id="r1l29" custom="readingOrder {index:28;}">
                <Coords points="329,1364 1284,1382 1321,1351 1483,1384 1559,1377 1560,1322 329,1318"/>
                <Baseline points="336,1360 396,1360 457,1360 518,1359 579,1360 640,1360 700,1360 761,1361 822,1361 883,1362 944,1362 1004,1363 1065,1364 1126,1365 1187,1365 1248,1366 1308,1367 1369,1368 1430,1368 1491,1369 1552,1369"/>
                <TextEquiv>
                    <Unicode>nur als eben von der Melancholie einer noch in vollster</Unicode>
                </TextEquiv>
            </TextLine>
            <TextLine id="r1l30" custom="readingOrder {index:29;}">
                <Coords points="326,1401 1456,1434 1569,1377 326,1363"/>
                <Baseline points="334,1405 395,1406 456,1406 518,1407 579,1407 640,1408 702,1408 763,1409 824,1409 886,1410 947,1410 1008,1411 1070,1411 1131,1412 1192,1413 1254,1414 1315,1415 1376,1416 1438,1417 1499,1419 1561,1420"/>
                <TextEquiv>
                    <Unicode>Sonne stehenden Natur gestreift erscheinen, der von Ferne</Unicode>
                </TextEquiv>
            </TextLine>
            <TextLine id="r1l31" custom="readingOrder {index:30;}">
                <Coords points="329,1449 1511,1487 1555,1440 329,1424"/>
                <Baseline points="336,1453 396,1453 457,1453 517,1454 578,1454 638,1455 699,1456 759,1457 820,1458 880,1459 941,1460 1001,1461 1062,1462 1122,1463 1183,1463 1243,1464 1304,1464 1364,1465 1425,1464 1485,1464 1546,1463"/>
                <TextEquiv>
                    <Unicode>erft die Abendschatten sieht. Er muß noch trotz aller Seelen¬</Unicode>
                </TextEquiv>
            </TextLine>
            <TextLine id="r1l32" custom="readingOrder {index:31;}">
                <Coords points="325,1516 1551,1532 1552,1483 326,1456"/>
                <Baseline points="334,1503 394,1503 455,1504 515,1504 576,1504 636,1505 697,1505 757,1506 818,1507 878,1508 939,1509 999,1510 1060,1511 1120,1512 1181,1512 1241,1513 1302,1514 1362,1515 1423,1515 1483,1516 1544,1516"/>
                <TextEquiv>
                    <Unicode>subtilität, die ihn beschwert, brutalen Energien erliegen.</Unicode>
                </TextEquiv>
            </TextLine>
            <TextLine id="r1l33" custom="readingOrder {index:32;}">
                <Coords points="331,1553 1282,1556 1556,1595 1557,1517 331,1517"/>
                <Baseline points="338,1552 398,1551 459,1550 519,1550 580,1550 640,1551 701,1551 761,1552 822,1552 882,1553 943,1554 1003,1556 1064,1557 1124,1558 1185,1559 1245,1560 1306,1562 1366,1563 1427,1565 1487,1566 1548,1567"/>
                <TextEquiv>
                    <Unicode>Das eben ist die Moral dieses „Weiten Land“=Bewohners.</Unicode>
                </TextEquiv>
            </TextLine>
            <TextLine id="r1l34" custom="readingOrder {index:33;}">
                <Coords points="316,1609 1294,1604 1540,1643 1564,1596 316,1564"/>
                <Baseline points="324,1599 385,1599 447,1600 508,1600 570,1601 631,1601 693,1602 754,1602 816,1602 877,1603 939,1603 1001,1604 1062,1604 1124,1605 1185,1606 1247,1607 1308,1608 1370,1609 1431,1611 1493,1612 1555,1615"/>
                <TextEquiv>
                    <Unicode>Diese Lebendigkeit, dieses wirre Blühen aller Triebe, der</Unicode>
                </TextEquiv>
            </TextLine>
            <TextLine id="r1l35" custom="readingOrder {index:34;}">
                <Coords points="325,1658 440,1662 494,1645 768,1664 865,1649 865,1632 733,1605 426,1617 375,1602 325,1618"/>
                <Baseline points="333,1651 359,1649 385,1649 411,1648 437,1647 464,1646 490,1646 516,1646 542,1646 568,1646 595,1646 621,1646 647,1647 673,1647 699,1648 726,1648 752,1649 778,1649 804,1650 830,1650 857,1651"/>
                <TextEquiv>
                    <Unicode>gütigen und der giftigen.</Unicode>
                </TextEquiv>
            </TextLine>
            <TextLine id="r1l36" custom="readingOrder {index:35;}">
                <Coords points="452,1695 1450,1702 1565,1732 1566,1671 452,1656"/>
                <Baseline points="460,1693 514,1693 569,1694 624,1695 679,1696 734,1697 789,1697 843,1698 898,1699 953,1700 1008,1701 1063,1702 1118,1703 1173,1704 1227,1705 1282,1706 1337,1707 1392,1708 1447,1709 1502,1709 1557,1710"/>
                <TextEquiv>
                    <Unicode>Fräulein Mayen war die Erna. Vielmehr, sie war</Unicode>
                </TextEquiv>
            </TextLine>
            <TextLine id="r1l37" custom="readingOrder {index:36;}">
                <Coords points="314,1733 1390,1771 1533,1770 1562,1725 314,1713"/>
                <Baseline points="322,1742 383,1741 445,1741 506,1742 568,1743 630,1743 691,1744 753,1746 814,1747 876,1749 938,1750 999,1751 1061,1753 1122,1754 1184,1756 1246,1757 1307,1757 1369,1758 1430,1758 1492,1758 1554,1758"/>
                <TextEquiv>
                    <Unicode>nicht die Erna. Dieses geradlinige, wahre, impulsive, aktive,</Unicode>
                </TextEquiv>
            </TextLine>
            <TextLine id="r1l38" custom="readingOrder {index:37;}">
                <Coords points="317,1804 1518,1818 1561,1814 1562,1757 317,1761"/>
                <Baseline points="324,1793 385,1793 447,1793 508,1793 570,1794 631,1794 693,1795 754,1796 816,1797 877,1797 939,1798 1000,1799 1062,1800 1123,1801 1185,1802 1246,1803 1308,1803 1369,1804 1431,1804 1492,1805 1554,1805"/>
                <TextEquiv>
                    <Unicode>furchtlose Geschöpf, die es als Lebensberuf betrachtet,</Unicode>
                </TextEquiv>
            </TextLine>
            <TextLine id="r1l39" custom="readingOrder {index:38;}">
                <Coords points="319,1852 1512,1871 1555,1868 1556,1815 319,1805"/>
                <Baseline points="327,1842 388,1842 449,1842 510,1842 571,1842 632,1843 693,1843 754,1843 815,1844 876,1845 937,1845 998,1846 1059,1847 1120,1848 1181,1849 1242,1849 1303,1850 1364,1851 1425,1852 1486,1853 1547,1854"/>
                <TextEquiv>
                    <Unicode>unkonventionell zu sein. Die Manier, welche Fräulein</Unicode>
                </TextEquiv>
            </TextLine>
            <TextLine id="r1l40" custom="readingOrder {index:39;}">
                <Coords points="319,1888 1557,1904 1557,1866 1352,1850 319,1853"/>
                <Baseline points="326,1890 387,1890 448,1891 509,1891 570,1892 631,1892 692,1893 754,1893 815,1894 876,1894 937,1895 998,1895 1059,1896 1120,1896 1182,1897 1243,1897 1304,1898 1365,1899 1426,1900 1487,1901 1549,1902"/>
                <TextEquiv>
                    <Unicode>Mayen Natur ersetzt, das verzierlichte, versüßlichte Zögern</Unicode>
                </TextEquiv>
            </TextLine>
            <TextLine id="r1l41" custom="readingOrder {index:40;}">
                <Coords points="310,1946 1514,1963 1551,1903 311,1902"/>
                <Baseline points="319,1932 380,1934 441,1935 502,1937 563,1938 624,1939 685,1940 747,1941 808,1942 869,1942 930,1943 991,1943 1052,1943 1113,1944 1175,1944 1236,1945 1297,1946 1358,1946 1419,1947 1480,1948 1542,1950"/>
                <TextEquiv>
                    <Unicode>und Staunen, mit der sie scheu und wissend zugleich die</Unicode>
                </TextEquiv>
            </TextLine>
            <TextLine id="r1l42" custom="readingOrder {index:41;}">
                <Coords points="313,1983 1547,2024 1559,1956 313,1946"/>
                <Baseline points="320,1983 381,1985 443,1987 504,1989 566,1990 627,1991 689,1991 750,1992 812,1992 873,1992 935,1992 996,1991 1058,1991 1119,1991 1181,1991 1242,1992 1304,1992 1365,1993 1427,1994 1488,1996 1550,1998"/>
                <TextEquiv>
                    <Unicode>Welt anblinzelt, mag gelten als modernere Ablösung von</Unicode>
                </TextEquiv>
            </TextLine>
            <TextLine id="r1l43" custom="readingOrder {index:42;}">
                <Coords points="314,2038 1511,2048 1551,2080 1552,2003 314,2003"/>
                <Baseline points="322,2037 383,2036 444,2034 505,2034 566,2033 627,2034 688,2034 749,2035 810,2036 871,2037 933,2038 994,2040 1055,2041 1116,2042 1177,2043 1238,2044 1299,2045 1360,2045 1421,2045 1482,2044 1544,2043"/>
                <TextEquiv>
                    <Unicode>jenem Stil der Naiven, die mit fliegenden Zöpfen hüpfende</Unicode>
                </TextEquiv>
            </TextLine>
            <TextLine id="r1l44" custom="readingOrder {index:43;}">
                <Coords points="309,2084 1513,2107 1545,2061 310,2048"/>
                <Baseline points="317,2080 378,2081 439,2082 500,2083 561,2084 622,2084 683,2085 744,2085 805,2085 866,2086 927,2086 988,2086 1049,2087 1110,2087 1171,2088 1232,2089 1293,2090 1354,2091 1415,2092 1476,2094 1537,2095"/>
                <TextEquiv>
                    <Unicode>und girrende Jugend neckisch spendeten. Erna aber ist</Unicode>
                </TextEquiv>
            </TextLine>
            <TextLine id="r1l45" custom="readingOrder {index:44;}">
                <Coords points="312,2142 1080,2126 1545,2167 1557,2115 312,2092"/>
                <Baseline points="319,2129 380,2129 442,2129 503,2130 565,2130 626,2131 688,2131 749,2132 811,2133 872,2134 934,2135 995,2135 1057,2136 1118,2137 1180,2139 1241,2140 1303,2141 1364,2142 1426,2144 1487,2145 1549,2146"/>
                <TextEquiv>
                    <Unicode>modern in anderem, besserem Sinn. Gerade ihre innnere</Unicode>
                </TextEquiv>
            </TextLine>
            <TextLine id="r1l46" custom="readingOrder {index:45;}">
                <Coords points="319,2175 1554,2198 1520,2154 1385,2143 319,2146"/>
                <Baseline points="327,2175 388,2176 449,2178 510,2179 571,2180 632,2181 693,2182 754,2182 815,2183 876,2184 937,2184 998,2185 1059,2185 1120,2186 1181,2187 1242,2187 1303,2188 1364,2189 1425,2190 1486,2191 1547,2192"/>
                <TextEquiv>
                    <Unicode>Vielart verlangt äußere Einfachheit, verlangt als Dar¬</Unicode>
                </TextEquiv>
            </TextLine>
            <TextLine id="r1l47" custom="readingOrder {index:46;}">
                <Coords points="314,2234 1549,2232 1549,2198 1473,2192 314,2183"/>
                <Baseline points="321,2232 382,2230 443,2228 504,2227 565,2226 626,2226 687,2227 748,2227 809,2228 870,2230 931,2231 992,2233 1053,2234 1114,2235 1175,2237 1236,2238 1297,2239 1358,2239 1419,2239 1480,2239 1541,2238"/>
                <TextEquiv>
                    <Unicode>stellungsstil Vereinfachung. Diese Forderung, welche über¬</Unicode>
                </TextEquiv>
            </TextLine>
            <TextLine id="r1l48" custom="readingOrder {index:47;}">
                <Coords points="313,2283 1553,2297 1553,2253 1426,2235 314,2233"/>
                <Baseline points="321,2277 382,2278 443,2278 504,2279 565,2279 627,2279 688,2280 749,2280 810,2281 871,2282 933,2282 994,2283 1055,2283 1116,2284 1177,2285 1239,2285 1300,2286 1361,2287 1422,2287 1483,2288 1545,2289"/>
                <TextEquiv>
                    <Unicode>haupt „Das weite Land“ an die Schauspieler stellt, erfühlten</Unicode>
                </TextEquiv>
            </TextLine>
            <TextLine id="r1l49" custom="readingOrder {index:48;}">
                <Coords points="318,2326 1458,2350 1558,2306 318,2289"/>
                <Baseline points="326,2324 387,2326 448,2327 509,2328 570,2329 631,2329 692,2330 754,2330 815,2330 876,2330 937,2330 998,2330 1059,2331 1120,2331 1182,2331 1243,2332 1304,2332 1365,2333 1426,2335 1487,2336 1549,2338"/>
                <TextEquiv>
                    <Unicode>und erfüllten ganz Fräulein Maria Mayer und Herr</Unicode>
                </TextEquiv>
            </TextLine>
            <TextLine id="r1l50" custom="readingOrder {index:49;}">
                <Coords points="306,2369 1055,2403 1558,2371 306,2322"/>
                <Baseline points="313,2372 374,2373 436,2374 498,2375 560,2375 622,2376 684,2376 746,2377 808,2377 870,2377 932,2378 993,2378 1055,2378 1117,2379 1179,2380 1241,2381 1303,2382 1365,2383 1427,2384 1489,2386 1551,2388"/>
                <TextEquiv>
                    <Unicode>Marr, die die Rollen der Frau Meinhold und des Doktor</Unicode>
                </TextEquiv>
            </TextLine>
            <TextLine id="r1l51" custom="readingOrder {index:50;}">
                <Coords points="305,2426 1520,2445 1555,2406 306,2385"/>
                <Baseline points="313,2420 374,2421 436,2422 497,2423 559,2424 621,2425 682,2425 744,2425 806,2426 867,2426 929,2426 991,2426 1052,2427 1114,2427 1176,2427 1237,2428 1299,2428 1361,2429 1422,2430 1484,2431 1546,2433"/>
                <TextEquiv>
                    <Unicode>Mauer zum erstenmal spielten. Vielmehr, was das</Unicode>
                </TextEquiv>
            </TextLine>
            <TextLine id="r1l52" custom="readingOrder {index:51;}">
                <Coords points="302,2466 1488,2497 1553,2437 302,2429"/>
                <Baseline points="309,2466 370,2467 432,2468 494,2468 556,2469 617,2470 679,2471 741,2471 803,2472 864,2473 926,2473 988,2474 1050,2475 1111,2475 1173,2476 1235,2477 1297,2478 1358,2478 1420,2479 1482,2480 1544,2481"/>
                <TextEquiv>
                    <Unicode>Charakteristische ist an dieser beiden Art: Sie spielen nicht, sie</Unicode>
                </TextEquiv>
            </TextLine>
            <TextLine id="r1l53" custom="readingOrder {index:52;}">
                <Coords points="314,2541 1517,2542 1552,2498 315,2482"/>
                <Baseline points="322,2519 383,2519 444,2518 505,2518 566,2519 627,2519 688,2519 749,2520 810,2521 871,2521 933,2522 994,2523 1055,2524 1116,2525 1177,2526 1238,2527 1299,2529 1360,2530 1421,2531 1482,2532 1544,2534"/>
                <TextEquiv>
                    <Unicode>sind. Diese Frau Meinhold mit der „edlen Stimme“ ist zart,</Unicode>
                </TextEquiv>
            </TextLine>
            <TextLine id="r1l54" custom="readingOrder {index:53;}">
                <Coords points="299,2562 1552,2602 1553,2533 299,2526"/>
                <Baseline points="306,2565 367,2566 429,2566 491,2567 553,2567 615,2568 677,2568 739,2569 801,2569 863,2570 925,2570 986,2571 1048,2571 1110,2572 1172,2573 1234,2574 1296,2574 1358,2576 1420,2577 1482,2578 1544,2579"/>
                <TextEquiv>
                    <Unicode>wie mit der Silberspitze eines Stiftes gezeichnet. Alles</Unicode>
                </TextEquiv>
            </TextLine>
            <TextLine id="r1l55" custom="readingOrder {index:54;}">
                <Coords points="305,2603 1541,2648 1542,2594 305,2579"/>
                <Baseline points="312,2616 373,2616 434,2615 495,2615 556,2616 617,2616 678,2616 739,2617 800,2617 861,2618 923,2619 984,2620 1045,2621 1106,2621 1167,2622 1228,2623 1289,2624 1350,2625 1411,2625 1472,2626 1534,2627"/>
                <TextEquiv>
                    <Unicode>erleben heißt alles erkennen, so ungefähr dürfte ihr Wahl¬</Unicode>
                </TextEquiv>
            </TextLine>
            <TextLine id="r1l56" custom="readingOrder {index:55;}">
                <Coords points="306,2679 1543,2690 1543,2634 307,2614"/>
                <Baseline points="314,2666 375,2665 436,2663 497,2663 558,2663 619,2662 680,2663 741,2663 802,2664 863,2665 925,2666 986,2667 1047,2668 1108,2669 1169,2670 1230,2671 1291,2672 1352,2673 1413,2673 1474,2673 1536,2673"/>
                <TextEquiv>
                    <Unicode>spruch lauten. Maria Mayer verstand dieses Schweigen von</Unicode>
                </TextEquiv>
            </TextLine>
            <TextLine id="r1l57" custom="readingOrder {index:56;}">
                <Coords points="312,2718 1538,2717 1466,2679 312,2678"/>
                <Baseline points="320,2711 380,2711 441,2712 501,2712 562,2713 622,2713 683,2714 743,2714 804,2715 864,2715 925,2716 985,2717 1046,2717 1106,2718 1167,2719 1227,2720 1288,2721 1348,2721 1409,2722 1469,2723 1530,2724"/>
                <TextEquiv>
                    <Unicode>sich selbst, welches als letzten und höchsten Verzicht der</Unicode>
                </TextEquiv>
            </TextLine>
            <TextLine id="r1l58" custom="readingOrder {index:57;}">
                <Coords points="304,2770 1506,2789 1540,2749 305,2720"/>
                <Baseline points="312,2759 376,2759 440,2760 504,2760 568,2760 632,2761 696,2761 761,2762 825,2763 889,2763 953,2764 1017,2765 1081,2766 1146,2767 1210,2768 1274,2769 1338,2771 1402,2772 1466,2773 1531,2775"/>
                <TextEquiv>
                    <Unicode>Dichter angedeutet hat. Sie vermied, wie es immer ihre schöne</Unicode>
                </TextEquiv>
            </TextLine>
            <TextLine id="r1l59" custom="readingOrder {index:58;}">
                <Coords points="299,2808 1196,2846 1531,2829 1546,2787 300,2776"/>
                <Baseline points="308,2809 369,2809 431,2810 492,2810 554,2811 615,2811 677,2812 738,2812 800,2813 861,2813 923,2814 984,2815 1046,2816 1107,2816 1169,2817 1230,2818 1292,2818 1353,2819 1415,2820 1476,2821 1538,2821"/>
                <TextEquiv>
                    <Unicode>Art ist, jede Wirkung, die ihr gegolten hätte, und nicht den</Unicode>
                </TextEquiv>
            </TextLine>
            <TextLine id="r1l60" custom="readingOrder {index:59;}">
                <Coords points="300,2858 1547,2858 1416,2824 301,2824"/>
                <Baseline points="309,2858 370,2858 432,2858 493,2858 555,2858 616,2858 678,2858 739,2859 801,2859 862,2860 924,2860 985,2861 1047,2861 1108,2862 1170,2863 1231,2864 1293,2865 1354,2866 1416,2868 1477,2869 1539,2871"/>
                <TextEquiv>
                    <Unicode>Menschen, dessen Verkörperung sie diente. So verriet nm</Unicode>
                </TextEquiv>
            </TextLine>
            <TextLine id="r1l61" custom="readingOrder {index:60;}">
                <Coords points="301,2898 1539,2923 1518,2869 301,2874"/>
                <Baseline points="309,2906 370,2905 431,2905 492,2905 553,2905 614,2905 675,2906 736,2907 797,2908 858,2909 920,2910 981,2911 1042,2912 1103,2913 1164,2915 1225,2916 1286,2917 1347,2918 1408,2919 1469,2919 1531,2920"/>
                <TextEquiv>
                    <Unicode>das Beben der Stimme von Zeit zu Zeit das still und fes</Unicode>
                </TextEquiv>
            </TextLine>
            <TextLine id="r1l62" custom="readingOrder {index:61;}">
                <Coords points="300,2952 1529,2982 1516,2920 301,2918"/>
                <Baseline points="308,2956 368,2956 429,2955 489,2955 550,2956 611,2956 671,2956 732,2957 793,2957 853,2958 914,2959 975,2960 1035,2961 1096,2961 1157,2963 1217,2964 1278,2965 1339,2966 1399,2968 1460,2969 1521,2971"/>
                <TextEquiv>
                    <Unicode>gedämmte Empfinden und der silbrige Schimmer einer weh¬</Unicode>
                </TextEquiv>
            </TextLine>
            <TextLine id="r1l63" custom="readingOrder {index:62;}">
                <Coords points="304,2996 1527,3009 1476,2971 305,2954"/>
                <Baseline points="312,3001 372,3001 432,3002 493,3002 553,3003 613,3003 674,3004 734,3004 794,3005 855,3006 915,3007 975,3007 1036,3008 1096,3009 1156,3010 1217,3011 1277,3012 1337,3013 1398,3014 1458,3015 1519,3017"/>
                <TextEquiv>
                    <Unicode>mütigen Abgeklärtheit, daß hier eine Verzichtende mild¬</Unicode>
                </TextEquiv>
            </TextLine>
            <TextLine id="r1l64" custom="readingOrder {index:63;}">
                <Coords points="296,3065 1444,3078 1535,3034 297,3007"/>
                <Baseline points="304,3047 365,3048 426,3049 487,3049 548,3050 609,3051 670,3051 732,3052 793,3053 854,3054 915,3054 976,3055 1037,3056 1098,3057 1160,3058 1221,3059 1282,3060 1343,3061 1404,3063 1465,3064 1527,3066"/>
                <TextEquiv>
                    <Unicode>und fern dem Leben zusieht. Den Doktor Mauer sah man</Unicode>
                </TextEquiv>
            </TextLine>
            <TextLine id="r1l65" custom="readingOrder {index:64;}">
                <Coords points="297,3098 1528,3126 1505,3065 298,3067"/>
                <Baseline points="306,3095 366,3096 427,3097 488,3097 548,3098 609,3099 670,3099 730,3100 791,3101 852,3101 913,3102 973,3103 1034,3104 1095,3105 1155,3106 1216,3107 1277,3108 1337,3109 1398,3110 1459,3112 1520,3113"/>
                <TextEquiv>
                    <Unicode>eigentlich zum erstenmal. Auch er gehört zu jenen Naturen</Unicode>
                </TextEquiv>
            </TextLine>
            <TextLine id="r1l66" custom="readingOrder {index:65;}">
                <Coords points="307,3152 1515,3179 1528,3125 307,3095"/>
                <Baseline points="314,3140 374,3142 434,3143 494,3144 555,3145 615,3146 675,3147 736,3148 796,3148 856,3149 917,3149 977,3150 1037,3150 1097,3151 1158,3152 1218,3153 1278,3154 1339,3156 1399,3157 1459,3159 1520,3162"/>
                <TextEquiv>
                    <Unicode>die ihren inneren Reichtum hinter einer nüchternen Nutz</Unicode>
                </TextEquiv>
            </TextLine>
            <TextLine id="r1l67" custom="readingOrder {index:66;}">
                <Coords points="300,3190 1527,3202 1178,3153 300,3157"/>
                <Baseline points="307,3192 367,3193 428,3194 488,3194 549,3195 610,3196 670,3196 731,3197 791,3197 852,3198 913,3198 973,3199 1034,3200 1094,3200 1155,3201 1216,3202 1276,3203 1337,3203 1397,3204 1458,3206 1519,3207"/>
                <TextEquiv>
                    <Unicode>fassade bergen. Und Herr Marr weiß solche Verschwiegen</Unicode>
                </TextEquiv>
            </TextLine>
            <TextLine id="r1l68" custom="readingOrder {index:67;}">
                <Coords points="302,3238 1358,3272 1489,3268 1532,3211 303,3193"/>
                <Baseline points="310,3241 370,3241 431,3241 491,3242 552,3242 613,3242 673,3243 734,3243 795,3244 855,3245 916,3245 977,3246 1037,3247 1098,3248 1159,3250 1219,3251 1280,3252 1341,3254 1401,3255 1462,3257 1523,3259"/>
                <TextEquiv>
                    <Unicode>heiten aussagender zu gestalten als das offenste Geständnis</Unicode>
                </TextEquiv>
            </TextLine>
            <TextLine id="r1l69" custom="readingOrder {index:68;}">
                <Coords points="300,3271 400,3321 455,3291 1355,3317 1394,3313 1395,3268 300,3243"/>
                <Baseline points="308,3283 361,3285 415,3286 469,3288 523,3289 577,3290 631,3291 685,3292 739,3293 793,3294 847,3294 900,3295 954,3295 1008,3296 1062,3297 1116,3297 1170,3298 1224,3299 1278,3300 1332,3301 1386,3302"/>
                <TextEquiv>
                    <Unicode>Charakteristisch Herr Romberg als Dichter Rhon.</Unicode>
                </TextEquiv>
            </TextLine>
            <TextLine id="r1l70" custom="readingOrder {index:69;}">
                <Coords points="428,3343 1392,3370 1484,3365 1525,3323 429,3297"/>
                <Baseline points="435,3339 489,3338 543,3337 597,3337 651,3337 705,3337 759,3338 813,3338 867,3339 921,3340 975,3342 1029,3343 1083,3345 1137,3346 1191,3348 1245,3349 1299,3351 1353,3352 1407,3354 1461,3355 1516,3355"/>
                <TextEquiv>
                    <Unicode>Die liebenswürdige, heitere Umhüllung des tragischer</Unicode>
                </TextEquiv>
            </TextLine>
            <TextLine id="r1l71" custom="readingOrder {index:70;}">
                <Coords points="295,3372 1012,3412 1343,3381 1462,3415 1529,3368 295,3347"/>
                <Baseline points="303,3378 363,3380 424,3382 485,3384 546,3386 607,3387 668,3388 728,3390 789,3390 850,3391 911,3392 972,3393 1033,3394 1094,3395 1154,3396 1215,3397 1276,3398 1337,3400 1398,3401 1459,3403 1520,3405"/>
                <TextEquiv>
                    <Unicode>Grundgedankens läßt es zu, daß „Das weite Land“ welches</Unicode>
                </TextEquiv>
            </TextLine>
            <TextLine id="r1l72" custom="readingOrder {index:71;}">
                <Coords points="292,3421 1352,3469 1496,3456 1528,3408 293,3404"/>
                <Baseline points="300,3433 361,3433 422,3433 483,3433 544,3433 605,3434 666,3435 727,3436 788,3437 849,3438 910,3439 971,3441 1032,3442 1093,3443 1154,3445 1215,3446 1276,3447 1337,3448 1398,3449 1459,3450 1520,3451"/>
                <TextEquiv>
                    <Unicode>nachdenklichen Menschen Nahrung gibt, auch ein Publikun</Unicode>
                </TextEquiv>
            </TextLine>
            <TextLine id="r1l73" custom="readingOrder {index:72;}">
                <Coords points="299,3481 1529,3504 1529,3468 1414,3452 299,3437"/>
                <Baseline points="307,3481 367,3482 428,3483 489,3483 549,3484 610,3484 671,3485 731,3485 792,3486 853,3486 914,3487 974,3487 1035,3488 1096,3489 1156,3490 1217,3491 1278,3493 1338,3494 1399,3496 1460,3498 1521,3501"/>
                <TextEquiv>
                    <Unicode>anzieht, welches fern von allen Problenesorgen ins Theatei</Unicode>
                </TextEquiv>
            </TextLine>
            <TextLine id="r1l74" custom="readingOrder {index:73;}">
                <Coords points="300,3540 1420,3564 1532,3541 1533,3500 300,3496"/>
                <Baseline points="308,3535 368,3533 429,3532 490,3531 551,3530 612,3530 672,3531 733,3531 794,3532 855,3533 916,3535 976,3536 1037,3537 1098,3539 1159,3540 1220,3541 1280,3542 1341,3544 1402,3544 1463,3545 1524,3545"/>
                <TextEquiv>
                    <Unicode>geht, um sich voraussetzungslos zu unterhalten. So waren</Unicode>
                </TextEquiv>
            </TextLine>
            <TextLine id="r1l75" custom="readingOrder {index:74;}">
                <Coords points="302,3582 1520,3603 1501,3549 303,3540"/>
                <Baseline points="310,3578 370,3578 430,3579 490,3579 550,3579 610,3580 670,3580 731,3581 791,3582 851,3583 911,3584 971,3585 1031,3587 1091,3588 1152,3589 1212,3591 1272,3592 1332,3594 1392,3596 1452,3598 1513,3600"/>
                <TextEquiv>
                    <Unicode>auch vorgestern abends Nachdenkliche da, die an den selt¬</Unicode>
                </TextEquiv>
            </TextLine>
            <TextLine id="r1l76" custom="readingOrder {index:75;}">
                <Coords points="297,3643 1499,3660 1536,3600 298,3579"/>
                <Baseline points="304,3629 365,3629 426,3629 487,3629 548,3629 609,3629 670,3629 732,3629 793,3630 854,3630 915,3631 976,3632 1037,3633 1098,3634 1160,3636 1221,3637 1282,3639 1343,3641 1404,3644 1465,3647 1527,3650"/>
                <TextEquiv>
                    <Unicode>samen psychologischen Arabesken tiefes Interesse hatten, und</Unicode>
                </TextEquiv>
            </TextLine>
            <TextLine id="r1l77" custom="readingOrder {index:76;}">
                <Coords points="296,3680 1531,3704 1532,3651 297,3644"/>
                <Baseline points="304,3678 368,3678 432,3677 496,3677 560,3677 624,3678 688,3678 753,3679 817,3680 881,3681 945,3682 1009,3683 1073,3684 1138,3686 1202,3687 1266,3688 1330,3689 1394,3691 1458,3692 1523,3694"/>
                <TextEquiv>
                    <Unicode>„Unbefangene“, die die Ehe und Liebesdifferenzen beim</Unicode>
                </TextEquiv>
            </TextLine>
            <TextLine id="r1l78" custom="readingOrder {index:77;}">
                <Coords points="297,3723 1519,3731 1468,3696 297,3683"/>
                <Baseline points="305,3726 365,3726 425,3726 485,3725 546,3725 606,3725 666,3725 727,3726 787,3726 847,3727 908,3727 968,3728 1028,3729 1088,3730 1149,3731 1209,3733 1269,3734 1330,3736 1390,3738 1450,3740 1511,3742"/>
                <TextEquiv>
                    <Unicode>Tennismatch und in der Halle des Dolomiten=Hotels unbe¬</Unicode>
                </TextEquiv>
            </TextLine>
            <TextLine id="r1l79" custom="readingOrder {index:78;}">
                <Coords points="302,3780 1470,3805 1529,3754 303,3722"/>
                <Baseline points="310,3772 370,3772 431,3773 491,3773 552,3773 612,3774 673,3774 733,3775 794,3775 854,3776 915,3777 975,3778 1036,3779 1096,3780 1157,3781 1217,3782 1278,3784 1338,3785 1399,3786 1459,3788 1520,3790"/>
                <TextEquiv>
                    <Unicode>schwert von des Gedankens Blässe genossen. Welchen zwie¬</Unicode>
                </TextEquiv>
            </TextLine>
            <TextLine id="r1l80" custom="readingOrder {index:79;}">
                <Coords points="294,3816 1535,3839 1536,3795 1391,3787 295,3781"/>
                <Baseline points="302,3820 363,3821 424,3821 485,3821 547,3822 608,3822 669,3823 731,3824 792,3824 853,3825 915,3826 976,3827 1037,3827 1098,3828 1160,3830 1221,3830 1282,3832 1344,3833 1405,3834 1466,3836 1528,3837"/>
                <TextEquiv>
                    <Unicode>spältigen Reiz des Schauspiels durch den Ausspruch einer</Unicode>
                </TextEquiv>
            </TextLine>
            <TextLine id="r1l81" custom="readingOrder {index:80;}">
                <Coords points="302,3879 1448,3896 1524,3886 1525,3848 302,3828"/>
                <Baseline points="309,3866 369,3866 429,3867 490,3868 550,3869 610,3869 671,3870 731,3871 791,3872 852,3873 912,3873 972,3874 1033,3875 1093,3876 1153,3877 1214,3877 1274,3878 1334,3879 1395,3880 1455,3881 1516,3882"/>
                <TextEquiv>
                    <Unicode>Dame, die neben mir saß, lebhaft charakterisiert wurde.</Unicode>
                </TextEquiv>
            </TextLine>
            <TextLine id="r1l82" custom="readingOrder {index:81;}">
                <Coords points="301,3918 1490,3943 1531,3893 302,3879"/>
                <Baseline points="310,3907 370,3909 431,3912 491,3914 552,3916 613,3918 673,3919 734,3920 794,3921 855,3922 916,3923 976,3923 1037,3924 1097,3924 1158,3925 1219,3926 1279,3927 1340,3928 1400,3930 1461,3931 1522,3933"/>
                <TextEquiv>
                    <Unicode>„Weißt Du,“ sagte sie zu ihrer Freundin, „das Stück ist</Unicode>
                </TextEquiv>
            </TextLine>
            <TextLine id="r1l83" custom="readingOrder {index:82;}">
                <Coords points="296,3971 1023,3960 1308,3996 1550,3963 296,3918"/>
                <Baseline points="303,3959 368,3961 433,3962 498,3963 563,3964 629,3965 694,3966 759,3967 824,3968 889,3968 955,3970 1020,3970 1085,3972 1150,3973 1215,3974 1281,3976 1346,3977 1411,3979 1476,3981 1542,3983"/>
                <TextEquiv>
                    <Unicode>doch riesig amüsant! Nur schade, daß der Schnitzler alle</Unicode>
                </TextEquiv>
            </TextLine>
            <TextLine id="r1l84" custom="readingOrder {index:83;}">
                <Coords points="290,4017 1105,4034 1173,4028 1174,3998 1009,3972 291,3981"/>
                <Baseline points="298,4013 341,4012 384,4012 428,4012 471,4012 515,4012 558,4012 601,4013 645,4013 688,4014 732,4015 775,4016 818,4017 862,4017 905,4018 949,4019 992,4020 1035,4021 1079,4022 1122,4022 1166,4023"/>
                <TextEquiv>
                    <Unicode>Menschen gar so kompliziert gemacht hat .</Unicode>
                </TextEquiv>
            </TextLine>
            <TextLine id="r1l85" custom="readingOrder {index:84;}">
                <Coords points="415,4091 1507,4089 1507,4042 1430,4021 1302,4050 416,4027"/>
                <Baseline points="423,4064 476,4064 530,4065 584,4065 638,4066 692,4067 746,4067 799,4068 853,4069 907,4070 961,4071 1015,4072 1069,4073 1123,4074 1176,4074 1230,4075 1284,4076 1338,4076 1392,4076 1446,4076 1500,4076"/>
                <TextEquiv>
                    <Unicode>Ja, ja! — Die Seele ist ein weites Land ... B. Z.</Unicode>
                </TextEquiv>
            </TextLine>
            <TextEquiv>
                <Unicode>
ewiger Besitz. Vor, während, noch dem Krieg. So wie jetzt
unmittelbar hinter den Schützengräben jedes Stückchen
Erde zur Ernte bereitet wurde, weil man den Frieden
des Ackers nicht wissen konn, so gibt es auch geistige
Reservate, die schützen und ausdauen. Vielleicht war es die
Sehnsucht nach entspannenden unblutigen Kämpfen von
Seele zu Seele, die es vermochten, an einem Juni=Abend
im übervollen Haus ein warm teilnehmendes Publikum
zu sammeln.
Herr Harry Walden schien für die Figur des Hof¬
reiter vorbestimmt zu sein. Er weiß sonst die schwankenden,
verschlossenen, verführerisch kühlen und verräterisch heißen
Männlichkeiten wohl zu gestalten. Und doch schien er mir
diesmal nicht das Wesentliche zu verkörpern. Indem
er einen Mann in den kritischen
Jahren des
herannahenden Alterns zeichnete, der, bereits als
ein Erliegender,
mehr
mit Gier um Genuß
kämpft als mit noch leidenschaftlichem Verlangen,
brachte er den Hofreiter um sein Bestes, um die verschwen¬
derische Laune einer über das Maß des Alltagslebens
langenden Phantasie. Wenn dieser Mann nicht aus Ueber¬
fülle verarmt, sondern als ein bereits sich vermindert
Fühlender, nach Abenteuern lechzt, dann ist er nichts anderes
als ein brüchig gewordener Lebemann. Hofreiter aber darf
nur als eben von der Melancholie einer noch in vollster
Sonne stehenden Natur gestreift erscheinen, der von Ferne
erft die Abendschatten sieht. Er muß noch trotz aller Seelen¬
subtilität, die ihn beschwert, brutalen Energien erliegen.
Das eben ist die Moral dieses „Weiten Land“=Bewohners.
Diese Lebendigkeit, dieses wirre Blühen aller Triebe, der
gütigen und der giftigen.
Fräulein Mayen war die Erna. Vielmehr, sie war
nicht die Erna. Dieses geradlinige, wahre, impulsive, aktive,
furchtlose Geschöpf, die es als Lebensberuf betrachtet,
unkonventionell zu sein. Die Manier, welche Fräulein
Mayen Natur ersetzt, das verzierlichte, versüßlichte Zögern
und Staunen, mit der sie scheu und wissend zugleich die
Welt anblinzelt, mag gelten als modernere Ablösung von
jenem Stil der Naiven, die mit fliegenden Zöpfen hüpfende
und girrende Jugend neckisch spendeten. Erna aber ist
modern in anderem, besserem Sinn. Gerade ihre innnere
Vielart verlangt äußere Einfachheit, verlangt als Dar¬
stellungsstil Vereinfachung. Diese Forderung, welche über¬
haupt „Das weite Land“ an die Schauspieler stellt, erfühlten
und erfüllten ganz Fräulein Maria Mayer und Herr
Marr, die die Rollen der Frau Meinhold und des Doktor
Mauer zum erstenmal spielten. Vielmehr, was das
Charakteristische ist an dieser beiden Art: Sie spielen nicht, sie
sind. Diese Frau Meinhold mit der „edlen Stimme“ ist zart,
wie mit der Silberspitze eines Stiftes gezeichnet. Alles
erleben heißt alles erkennen, so ungefähr dürfte ihr Wahl¬
spruch lauten. Maria Mayer verstand dieses Schweigen von
sich selbst, welches als letzten und höchsten Verzicht der
Dichter angedeutet hat. Sie vermied, wie es immer ihre schöne
Art ist, jede Wirkung, die ihr gegolten hätte, und nicht den
Menschen, dessen Verkörperung sie diente. So verriet nm
das Beben der Stimme von Zeit zu Zeit das still und fes
gedämmte Empfinden und der silbrige Schimmer einer weh¬
mütigen Abgeklärtheit, daß hier eine Verzichtende mild¬
und fern dem Leben zusieht. Den Doktor Mauer sah man
eigentlich zum erstenmal. Auch er gehört zu jenen Naturen
die ihren inneren Reichtum hinter einer nüchternen Nutz
fassade bergen. Und Herr Marr weiß solche Verschwiegen
heiten aussagender zu gestalten als das offenste Geständnis
Charakteristisch Herr Romberg als Dichter Rhon.
Die liebenswürdige, heitere Umhüllung des tragischer
Grundgedankens läßt es zu, daß „Das weite Land“ welches
nachdenklichen Menschen Nahrung gibt, auch ein Publikun
anzieht, welches fern von allen Problenesorgen ins Theatei
geht, um sich voraussetzungslos zu unterhalten. So waren
auch vorgestern abends Nachdenkliche da, die an den selt¬
samen psychologischen Arabesken tiefes Interesse hatten, und
„Unbefangene“, die die Ehe und Liebesdifferenzen beim
Tennismatch und in der Halle des Dolomiten=Hotels unbe¬
schwert von des Gedankens Blässe genossen. Welchen zwie¬
spältigen Reiz des Schauspiels durch den Ausspruch einer
Dame, die neben mir saß, lebhaft charakterisiert wurde.
„Weißt Du,“ sagte sie zu ihrer Freundin, „das Stück ist
doch riesig amüsant! Nur schade, daß der Schnitzler alle
Menschen gar so kompliziert gemacht hat .
Ja, ja! — Die Seele ist ein weites Land ... B. Z.</Unicode>
            </TextEquiv>
        </TextRegion>
        <TextRegion orientation="0.0" id="r2" custom="readingOrder {index:1;}">
            <Coords points="1671,943 1671,3503 2823,3503 2823,943"/>
            <TextLine id="r2l1" custom="readingOrder {index:0;}">
                <Coords points="2001,986 2049,988 2075,976 2132,974 2149,986 2179,976 2196,993 2246,979 2247,939 2205,950 2155,911 2142,920 2125,912 2112,924 2045,942 2003,939"/>
                <Baseline points="2010,971 2035,970 2060,969 2086,969 2111,970 2136,971 2162,972 2187,973 2212,975 2238,977"/>
                <TextEquiv>
                    <Unicode>Eutnug</Unicode>
                </TextEquiv>
            </TextLine>
            <TextLine id="r2l2" custom="readingOrder {index:1;}">
                <Coords points="1700,1049 2221,1059 2722,1130 2829,1116 2833,1063 2166,985 1703,1007"/>
                <Baseline points="1708,1043 1763,1042 1819,1041 1875,1041 1930,1043 1986,1045 2042,1047 2097,1050 2153,1054 2209,1058 2265,1062 2320,1067 2376,1072 2432,1078 2487,1083 2543,1089 2599,1095 2654,1101 2710,1106 2766,1111 2822,1116"/>
                <TextEquiv>
                    <Unicode>Ausschnitt aus: Interessantes Blatt, Wien</Unicode>
                </TextEquiv>
            </TextLine>
            <TextLine id="r2l3" custom="readingOrder {index:2;}">
                <Coords points="1930,1103 1961,1101 1990,1123 2057,1126 2090,1114 2165,1128 2201,1110 2216,1115 2217,1066 2172,1059 2144,1067 2096,1056 2053,1065 1998,1053 1950,1077 1930,1071"/>
                <Baseline points="1937,1113 1964,1112 1991,1112 2018,1112 2045,1113 2073,1114 2100,1114 2127,1115 2154,1115 2181,1116 2209,1116"/>
                <TextEquiv>
                    <Unicode>-ASER 1915</Unicode>
                </TextEquiv>
            </TextLine>
            <TextLine id="r2l4" custom="readingOrder {index:3;}">
                <Coords points="1701,1152 1733,1148 1750,1157 1776,1150 1796,1162 1835,1152 1846,1157 1894,1134 1906,1136 1907,1112 1879,1110 1854,1118 1835,1107 1823,1113 1805,1099 1767,1108 1756,1099 1731,1108 1703,1107"/>
                <Baseline points="1710,1139 1736,1140 1763,1141 1790,1142 1817,1143 1844,1144 1871,1144 1898,1146"/>
                <TextEquiv>
                    <Unicode>vom:</Unicode>
                </TextEquiv>
            </TextLine>
            <TextLine id="r2l5" custom="readingOrder {index:4;}">
                <Coords points="2034,1235 2101,1262 2186,1267 2245,1247 2493,1281 2629,1271 2631,1253 2521,1190 2292,1176 2266,1194 2172,1169 2139,1183 2113,1164 2038,1170"/>
                <Baseline points="2042,1234 2071,1237 2100,1239 2129,1242 2158,1245 2187,1247 2216,1249 2245,1252 2274,1254 2303,1256 2332,1258 2361,1260 2390,1262 2419,1264 2448,1265 2477,1266 2506,1267 2535,1268 2564,1269 2593,1270 2622,1270"/>
                <TextEquiv>
                    <Unicode>Vom Theater.</Unicode>
                </TextEquiv>
            </TextLine>
            <TextLine id="r2l6" custom="readingOrder {index:5;}">
                <Coords points="1820,1282 2831,1332 2832,1298 2751,1277 1821,1256"/>
                <Baseline points="1828,1284 1877,1285 1927,1287 1977,1290 2027,1292 2076,1295 2126,1297 2176,1300 2226,1303 2275,1306 2325,1309 2375,1312 2425,1315 2474,1318 2524,1320 2574,1323 2624,1324 2673,1326 2723,1328 2773,1329 2823,1330"/>
                <TextEquiv>
                    <Unicode>Hofburgtheater. Am 4. August wurde</Unicode>
                </TextEquiv>
            </TextLine>
            <TextLine id="r2l7" custom="readingOrder {index:6;}">
                <Coords points="1732,1341 2247,1387 2826,1383 2801,1336 2672,1319 2341,1335 1779,1285 1733,1313"/>
                <Baseline points="1739,1334 1795,1336 1852,1338 1909,1340 1966,1343 2022,1345 2079,1347 2136,1349 2193,1352 2250,1355 2306,1357 2363,1359 2420,1361 2477,1364 2534,1366 2590,1368 2647,1371 2704,1373 2761,1375 2818,1377"/>
                <TextEquiv>
                    <Unicode>ShLenodie „Das weite Land“</Unicode>
                </TextEquiv>
            </TextLine>
            <TextLine id="r2l8" custom="readingOrder {index:7;}">
                <Coords points="2061,3097 2093,3111 2114,3106 2136,3131 2171,3109 2227,3122 2271,3112 2296,3123 2385,3110 2386,3087 2373,3080 2306,3075 2283,3061 2214,3067 2186,3048 2152,3071 2122,3046 2063,3063"/>
                <Baseline points="2069,3096 2094,3096 2120,3096 2146,3097 2171,3097 2197,3099 2223,3100 2248,3102 2274,3104 2300,3106 2325,3108 2351,3110 2377,3112"/>
                <TextEquiv>
                    <Unicode>Marie Mayen.</Unicode>
                </TextEquiv>
            </TextLine>
            <TextLine id="r2l9" custom="readingOrder {index:8;}">
                <Coords points="2093,3143 2205,3168 2223,3158 2288,3167 2320,3160 2371,3173 2410,3155 2412,3125 2355,3132 2325,3115 2304,3129 2278,3118 2221,3128 2201,3116 2181,3125 2094,3112"/>
                <Baseline points="2101,3144 2126,3147 2151,3149 2176,3152 2201,3152 2226,3154 2251,3154 2276,3155 2301,3156 2326,3156 2351,3157 2376,3158 2402,3159"/>
                <TextEquiv>
                    <Unicode>k. Hofburgtheater.)</Unicode>
                </TextEquiv>
            </TextLine>
            <TextLine id="r2l10" custom="readingOrder {index:9;}">
                <Coords points="1780,3176 2093,3220 2300,3198 2662,3222 2664,3189 2077,3161 1993,3132 1781,3149"/>
                <Baseline points="1789,3172 1832,3174 1875,3176 1918,3178 1962,3180 2005,3182 2048,3184 2092,3186 2135,3188 2178,3190 2222,3193 2265,3194 2308,3196 2351,3198 2395,3200 2438,3202 2481,3204 2525,3205 2568,3207 2611,3208 2655,3210"/>
                <TextEquiv>
                    <Unicode>Nach einer photographischen Aufnahme von Joh. Setzer.</Unicode>
                </TextEquiv>
            </TextLine>
            <TextLine id="r2l11" custom="readingOrder {index:10;}">
                <Coords points="1667,3264 2549,3309 2692,3308 2751,3268 1668,3216"/>
                <Baseline points="1674,3255 1727,3257 1780,3260 1834,3263 1887,3265 1941,3268 1994,3270 2048,3272 2101,3275 2155,3277 2208,3279 2261,3281 2315,3284 2368,3285 2422,3287 2475,3289 2529,3291 2582,3292 2636,3294 2689,3295 2743,3297"/>
                <TextEquiv>
                    <Unicode>aufgeführt. Ob gerade jetzt die Darstellung solcher Gesell¬</Unicode>
                </TextEquiv>
            </TextLine>
            <TextLine id="r2l12" custom="readingOrder {index:11;}">
                <Coords points="1663,3313 2749,3337 2746,3288 2679,3316 1665,3274"/>
                <Baseline points="1672,3305 1725,3308 1778,3310 1832,3313 1885,3315 1939,3318 1992,3320 2045,3322 2099,3324 2152,3326 2206,3328 2259,3330 2312,3332 2366,3334 2419,3336 2473,3337 2526,3340 2579,3342 2633,3344 2686,3346 2740,3348"/>
                <TextEquiv>
                    <Unicode>schaftssatiren zeitgemäß ist, mag unerörtert bleiben.“</Unicode>
                </TextEquiv>
            </TextLine>
            <TextLine id="r2l13" custom="readingOrder {index:12;}">
                <Coords points="1671,3360 2708,3415 2747,3411 2750,3337 2693,3366 1672,3327"/>
                <Baseline points="1678,3354 1731,3357 1784,3360 1837,3363 1890,3366 1943,3368 1996,3371 2049,3372 2102,3375 2155,3376 2209,3378 2262,3380 2315,3381 2368,3383 2421,3384 2474,3386 2527,3388 2580,3390 2633,3391 2686,3393 2740,3395"/>
                <TextEquiv>
                    <Unicode>Unter den Mitwirkenden war Marie Mayen bemerkbar,</Unicode>
                </TextEquiv>
            </TextLine>
            <TextLine id="r2l14" custom="readingOrder {index:13;}">
                <Coords points="1662,3420 2747,3459 2720,3403 1665,3357"/>
                <Baseline points="1671,3403 1724,3407 1777,3410 1831,3413 1884,3415 1938,3418 1991,3420 2045,3422 2098,3424 2152,3426 2205,3428 2258,3429 2312,3431 2365,3433 2419,3435 2472,3436 2526,3438 2579,3440 2633,3442 2686,3445 2740,3447"/>
                <TextEquiv>
                    <Unicode>die anmutige Künstlerin zeigte, daß ihre künstlerische</Unicode>
                </TextEquiv>
            </TextLine>
            <TextLine id="r2l15" custom="readingOrder {index:14;}">
                <Coords points="1664,3471 2637,3487 2596,3448 1666,3415"/>
                <Baseline points="1672,3453 1719,3457 1767,3459 1815,3463 1863,3465 1911,3468 1959,3470 2006,3472 2054,3474 2102,3475 2150,3476 2198,3478 2246,3479 2294,3481 2341,3482 2389,3483 2437,3485 2485,3486 2533,3487 2581,3489 2629,3491"/>
                <TextEquiv>
                    <Unicode>Begabung gereifter und umfassender geworden sei.</Unicode>
                </TextEquiv>
            </TextLine>
            <TextEquiv>
                <Unicode>Eutnug
Ausschnitt aus: Interessantes Blatt, Wien
-ASER 1915
vom:
Vom Theater.
Hofburgtheater. Am 4. August wurde
ShLenodie „Das weite Land“
Marie Mayen.
k. Hofburgtheater.)
Nach einer photographischen Aufnahme von Joh. Setzer.
aufgeführt. Ob gerade jetzt die Darstellung solcher Gesell¬
schaftssatiren zeitgemäß ist, mag unerörtert bleiben.“
Unter den Mitwirkenden war Marie Mayen bemerkbar,
die anmutige Künstlerin zeigte, daß ihre künstlerische
Begabung gereifter und umfassender geworden sei.</Unicode>
            </TextEquiv>
        </TextRegion>
    </Page>
</PcGts>
