3344 4352
229 144 555 250 24. Da
482 160 1195 270 us weite Land
1276 167 1819 292 box 29/2
633 1181 947 1258 nach Wunsch.
1153 1181 3301 1357 101# f gewborden waten, nauf Tanric.. umbeiithunbets kunssteht stut orei nauh
267 1262 3311 1411 Ausgang Zufall, wie die Personen des Stückes Hotels, für das er rastlos arbeitet. Die Frauen kums. Er spielt in der Halle eines erstklas
266 1338 1330 1408 annehmen? Das wäre jedenfalls undramatisch.
1308 1343 3307 1458 schwörmen noch immer für ihn er hat aber im Hotels am Völser Weiher in den Dolom
262 1370 1323 1460 Hat er aus Notwehr gehandelt, da er sah, daß
1319 1398 2118 1479 Grunde seine Gattin nie vergessen.
254 1430 1333 1509 es dem anderen Ernst sei? Oder hat es wirk¬
2348 1427 3311 1513 Ein bunces Leben und Treiben entwickel
1362 1450 3309 1582 So kann man jede einzelne Figur aus dem hier, eine Reihe origineller und ausgezei
259 1478 1316 1555 lich „sein müssen“, wie er selbst uns glauben
1320 1492 3298 1610 Drama herausgreifen — „und wo Ihr's packt, beobachteter Typen wird uns vorgeführt.
267 1524 1319 1599 machen will? Der Dichter überläßt es uns, das
1311 1545 3303 1660 da ist es interessant“ Am wenigsten Rätsel gibt sehen wir außer dem schon erwähnten D
259 1569 1320 1647 Rätsel zu lösen; er überläßt es uns auch, an
1319 1600 3297 1707 uns die kluge Erna Wahl. Sie liebt Hofreiter Aigner den herablassend freundlichen Po
264 1621 1320 1695 Friedrichs Zukunft weiter zu bauen — herzlos
1320 1643 3301 1759 seit ihrer Kindheit, sie glaubt an ihn und mit Rosenstock, den Schnitzler direkt vom Südb
261 1678 1316 1756 schickt er# allein und ohne Führung auf
1301 1693 3296 1797 unbeirrbarer Sicherheit, ihne irgend welche Ge¬ hotel am Semmering auf die Bühne gestellt
262 1725 1063 1786 Fährte aus ins „weite Land“.
1303 1743 2352 1820 wissenszweifel, geht sie ihren Weg, an dessen
311 1785 1308 1852 „Die Seele ist ein weites Land“, der Aus¬
2342 1767 3302 1854 den boshaften Dichter Rhon, den affektich
1306 1795 3298 1906 Endpunkt ihr das Ziel winkt, in seinen Armen Gustl, nas unähnlichen Bruder den räs
261 1817 1307 1903 spruch, der dem Stücke den Namen gegeben hat,
1301 1850 1579 1914 zu liegen.
2342 1871 3293 1950 renden Preußen, der auf seine Wäschewe
256 1864 1321 1964 stammt vom Hoteldirektor Dr. v. Aigner, in
1346 1872 2354 1981 Man denkt unwillkürlich an Hilde Wangel,
2346 1914 3285 2006 muß u. s. w. Aber das alles hat mit der H
258 1909 1325 1994 dem Schnitzler, wie man bald erkannte, dem
1303 1948 2345 2026 wie überhaupt Ibsens Schatten deutlich wahr¬
2341 1966 3288 2038 lung oder, sagen wir, mit dem Thema
259 1970 1312 2053 heuer verstorbenen Alpinisten und Landtags¬
1304 1996 2361 2087 nehmbar über dem ganzen Werke schweben. Den
2335 2012 3291 2113 Stückes wenig oder gar nichts zu tun, ist nur
248 2034 1312 2097 abgeordneten Dr. Theodor Christomanos ein
1305 2041 2347 2131 stärksten wirft der Aignerturm; Dr. Aigner hat
2337 2066 3282 2145 gelungener Aufputz. Das große Publikum
251 2067 1311 2152 Denkmal gesetzt hat. Mit der Haupthandlung
1306 2093 2343 2168 ihn bald nach der Trennung von seiner Gemah¬
2334 2125 3282 2194 lich, ermüdet durch die Anforderungen, w
247 2113 1307 2205 verknüpft ihn nur der Umstand, daß der von
1301 2140 3288 2240 lin als Allererster bestiegen, Hofreiter machte die anderen Teile des Spieles an seine Aufn
259 2174 1312 2249 Hofreiter getötete Liebhaber sein Sohn ist.
1295 2191 3294 2310 ihn vor sieben Jahren mit einem Freunde und samkeit und geistige Mitarbeit stellen, wirh
243 2219 2341 2329 ##er er ist als reine Episodenfigur interessant kam allein zurück; seither hat Friedrich die
2332 2262 3212 2340 besonders an diese Erfrischung halten.
244 2266 1312 2350 genug. Er hat seine Frau, eine berühmte Schau¬
1293 2298 2342 2368 Klettertouren aufgegeben und erst Erna über¬
2368 2315 3297 2389 Die Aufführung einer so pointierten und
251 2316 1304 2397 spielerin, sehr geliebt, aber sie dennoch be¬
1293 2346 2342 2426 redet ihn, mit ihr hinaufzugehen — oben fin¬
2324 2361 3294 2440 getönten Komödie bietet große Schwierigke
248 2365 1309 2447 trogen. Warum? Ja, weil wir Menschen
1296 2387 2335 2471 den sich die Liebenden. — Wer fühlt sich da
2339 2413 3294 2496 Dieselben Rätsel, die hier vorliegen, hat nah
252 2423 1317 2492 eben komplizierte Geschöpfe sind. „So vieles hat
1295 2439 2333 2512 nicht versucht, ein wenig Ibsens Symbolismus
2327 2461 3290 2551 lich zunächst, und zwar viel präziser, der ##
239 2470 1299 2544 zugleich Raum in uns —! Liebe und Trug...
1299 2491 2340 2563 hineinzulegen? Auch der Dialog zeigt stellen¬
2336 2510 3284 2596 steller zu lösen. Wie bei Ibsen, ist die Rede
244 2516 1290 2597 Treue und Treulosigkeit... Anbetung für die
1287 2543 2337 2615 weise in den abgebrochenen Sätzen, in der eigen¬
2333 2561 3284 2643 immer zweideutig oder es schwingt wenig
245 2565 1283 2637 eine und Verlangen nach einer anderen ...“
1283 2579 3274 2678 tümlichen Art, Vergangenes wie durch einen ein leiser Unterton mit, den der Schauspi
244 2624 1297 2705 Eines Tages gesteht er seiner Gattin die Seiten¬
1285 2632 3284 2742 Schleier zu sehen, Ibsensche Färbung. Dieser herausfühlen und herauskriegen muß. Auch
244 2670 1301 2746 sprünge. Er will Ordnung in das Chaos brin¬
1287 2686 3283 2799 Dialog ist aber das Erfreulichste und Wertvollste Figuren selbst, die so sehr zur Karikaturr#
240 2715 3257 2793 gen, er ist es seiner Liebe schuldig. Vielleicht an dem ganzen Werke: fest ineinandergefügt, und so gar nicht karikiert werden dürfen,
246 2768 3274 2872 auch aus einer „Art Affektation . .. oder Raf=Rede und Gegenrede passen auf einander wie häufige Zwang, dem gesunden Empfinden
237 2809 2330 2908 finement ... oder Bequemlichkeit.“ Nach dieser die Zähne eines Zahnrades, es gibt kein Vorbei¬
2333 2868 3284 2940 wider zu handeln, sind starke Hinder isse.
244 2858 2327 2987 Szene ist es zwischen ihnen aus, sie wendet sich reden, die Worte sind aufs feinste zugespitzt, es
2324 2916 3261 2994 gegenüber muß anerkannt werden, daß es
234 2902 1294 2999 von ihm, er unternimmt gewagte Bergtouren,
1287 2933 2220 3007 schimmert und flirrt von Witz und Geist.
2319 2959 3278 3037 Spielleiter Schramm gelang, eine bei den
231 2952 1299 3046 denn es liegt ihm nicht viel am Leben — aber
1324 3000 3279 3096 Sollte der Dichter trotz alledem um den Büh= fügbaren Kräften überraschend gute Vorstell
238 3009 3282 3123 auch das ist wohl nur Affektation — er ver¬nenerfolg seines Stückes gebangt haben? Fast zustande zu bringen. Ihm selbst fiel die Ha
233 3076 3265 3194 gnügt sich dann mit allerlei Dirnen des Landes scheint es so, denn der dritte Akt ist zweifellos rolle des Hofreiter zu und er hat die dor
233 3117 3277 3260 und wird endlich Direktor eines vornehmen ein Zugeständnis an den Geschmack des Publi=Ischwere Aufgabe, uns glaubhaft zu machen,
1710 4125 1787 4177 —
2494 4110 3139 4205 e  en ee e e
