3436 4352
710 137 828 208 WE
1407 135 1877 232 box 28/4
298 130 1285 255 24. DasteLand
483 1232 3378 1363 Minisieren des Innern und der Finanzen sind ange= Flotte sich in einiger Enheinung von der Knste aufhalt.10n #o# unf 2r
474 1361 1638 1439 tötet er, aber der Besiegte bleibt er trotzdem selber. Etwas
1640 1378 2806 1456 gleitet und vorüberrinnt, und die sich trotzdem immer
2795 1398 3392 1463 dann nach desen Mitteilun
475 1400 1639 1473 in ihm bricht zusammen. Er wehrt Erna, die mit ihm
1638 1412 2797 1498 wieder von neuen Wellen zu bunten Trugbildern tragen
2805 1442 3380 1512 den Fischern zuerst eine gew
469 1452 1632 1529 will, ab: „Du bist zwanzig, du gehörst nicht zu mir. Ich
1645 1470 2729 1545 lassen. Für andere aber hat Schnitzler nie geschrieben.
2801 1486 3392 1561 richtig zu gebrauchen und #
480 1499 1644 1562 weiß, was Jugend ist. — Und man kann doch nicht
1720 1511 2790 1580 Man hätte dem Werk Bassermanns faszinierende
2795 1535 3374 1611 die Vorteile sind so groß, d
471 1531 1634 1607 jeden —“ Und als sie noch einmal sagt: „Ich gehöre dir",
1646 1531 2795 1633 Physiognomie gewünscht. Monnards Hofreiter ward zu
2798 1574 3378 1649 Unterricht im drahtlosen Te
481 1578 1645 1661 da erwidert er, wie aus weiter Entfernung, von den
1646 1600 2798 1675 trocken, zu voluminös, die Angeln seines Wesens knarkten.
2802 1629 3356 1686 großem Werte ist es auch,
483 1632 1638 1716 Schatten eines anderen Ufers her verhallend: „Ich nie¬
1638 1657 2790 1732 überzeugend schien die Genia der Triesch und die Haltung,
470 1662 929 1729 mand auf de Welt.“
2804 1670 3375 1742 gehenden Schiffe mit der G
1642 1698 2253 1771 die Stieler dem Fähnrich gab.
552 1693 1643 1789 Was Artur Schnitzler auch bringt, es gibt uns immer
2804 1714 3325 1792 bindung bleiben, und so
468 1741 1642 1817 viel und geht uns im tiefsten an. Unsere Empfänglichkeit
2804 1764 3372 1854 biete die drahtlose Telegrap
2801 1805 3022 1877 erlangen.
477 1806 1633 1883 wird darum nicht geringer, wenn das Werk, wie in diesem
1861 1814 2555 1911 Aus Kunst und Leben.
479 1842 1624 1922 Falle allerdings geschieht, mehr erzählt, als dichterisch ge¬
3137 1860 3362 1946 Kleine
1703 1873 2784 1966 * Drahtlose Telegraphie im Dienste des Fischfangs.
473 1894 1626 1957 staltet, mehr thematisch den Stoff behandelt, als die blut¬
2854 1905 3364 1993 Theater und Literatur.
468 1927 1627 2012 volle Illusion des Miterlebens schafft. Hier wird mit
1624 1932 2787 2008 Eine ganz neuartige und sehr nützliche Verwendung fidet
2801 1962 3373 2037 München und Leipzig
1625 1978 2781 2055 die drahtlose Telegraphie, wie die „Illustration“ mitteilt,
469 1976 1633 2064 Figurinen eines Théatre d'amour unser Gedankenspiel an¬
2793 2009 3390 2084 Müller in München erschien
1623 2019 2783 2097 bei eingen großen holländischen und deutschen Fischerei¬
461 2027 1632 2102 geregt und psychologische Erkenntnisse demonstrieren sich
2793 2060 3375 2132 Maikäfer“, galante und
1628 2068 2787 2140 gesellschaften. Diese Gesellschaften besitzen zahlreiche
469 2073 1628 2149 exempelhaft. Man täuscht sich nicht, daß dies des Beispiels,
2795 2106 3388 2174 Schloemp (dem Verfasser
1629 2109 2792 2175 Dampfboote, die in größerer oder geringerer Entfernung
460 2113 1619 2192 der Produzierung nachdenklicher Lebenssachen wegen ge¬
2799 2158 3370 2214 mit Illustrationen von Fran
1630 2152 2782 2228 von der Küste den Fischfang betreiben. Nun kommt es oft
458 2146 1625 2231 schieht, daß die handelnden Personen nur als typische
2791 2199 3384 2265 eichnung von C. O. Peterse
1627 2199 2790 2277 vor, daß eins der Scheffe nichts findet, während dagegen
459 2208 1619 2274 Repräsentanten erscheinen, und nicht, was dichterisch wert¬
2789 2241 3378 2305 u bereits im Herbst 1909 ers#
1620 2230 2791 2300 andere auf beträchtliche Fischmengen stoßen. Es ist nun
454 2254 1617 2332 voller, aus dem Selbstzweck heraus, höchst persönliches Er¬
2792 2283 3374 2355 10000 Exemplaren verbreitet,
1625 2286 2789 2360 für die Boote, die nichts gesunden haben, von größtem
453 2289 936 2361 lebnis zu vermitteln.
1626 2327 2789 2387 Nutzen zu wissen, wo sie günstigere Aussichten für ihre
2779 2328 3365 2397 die Beschlagnahme erfolgt, i
544 2330 1616 2404 So wendet sich zunächst hier alles an den Kopf, nicht
2789 2375 3363 2443 Verlag hat sofort geeignete
1623 2367 2776 2448 Arbeit haben, und die Schisse, die auf reiche Beute stoßen,
463 2375 1622 2457 zuletzt auch der kluge einfallfunkelnde Dialog, den die Um¬
2788 2417 3370 2486 nommen. — Aus Neapel
1613 2404 2784 2491 würden wieder gern andere Fahrzeuge der gleichen Gesell¬
461 2427 1620 2499 welt=Staffage zur Illuminierung des Bühnenbildes auf¬
1619 2457 2778 2523 schaft zur Unterstützung haben. Bei diesen Mitteilungen
2792 2464 3371 2528 Maxim Gorki sich, anders
459 2472 1612 2544 führt, — besonders beweglich in dem flüssigen dritten Akt,
1620 2504 2776 2574 muß natürlich eine gewisse Vorsicht walten, denn man wird
2776 2505 3376 2582 über, bei guter Gesundheit be
463 2518 1616 2595 auf dem dankbaren Situations=Schauplatz einer mondänen
1617 2557 2772 2608 ncht gern Konkurrenten über eine fischreiche Stelle unter¬
2843 2559 3374 2635 Bildende Kunst und Mu
449 2566 1623 2639 Apenhotel=Hall. Auf dem Umweg über den Kopf, gedank¬
1623 2597 2782 2669 richten. Die drahtlose Telegraphie bietet dafür die besten
2784 2589 3377 2665 vorgestern unter zahlreicher
449 2604 1615 2664 lich übertragen, trifft diese Spiegelung dann aber auch un¬
1622 2633 2782 2705 Hilfsmittel. Kleine, einfache Apparate erlauben den Schiffen
2777 2648 3373 2718 und Amerikanern im Ed#
458 2647 1616 2726 ser Gefühl, unseres: die Stendhal lieben und den Fürsten
1613 2679 2777 2751 desselben Unternehmens, sich gegenseitig ins Einvernehmen
2775 2688 3375 2745 Richard Wagners enthüllt.
455 2694 1611 2768 Pückler und die Liaisons dangereuses, die mit Anatol jung
1612 2717 2771 2793 zu setzen und Telegramme einander zu senden etwa der
2779 2732 3375 2801 Ceveland wohnenden Deutsch
457 2742 1613 2810 waren und mit Herrn von Sala wissend läthelnd an der
1614 2769 2778 2837 Art: „Auf dem und dom Längengrad und in der und der
2773 2776 3373 2844 zweite Denkmalsweihe fand
442 2776 1613 2860 Lebenswende vor- und rückwärts blickten, die es nicht lassen
1604 2800 2774 2881 Breite habe ich reichen Fang“, oder: „Mittelmäßiger Fang“,
2783 2813 3376 2885 statt, wo ein von den De
450 2824 3373 2956 können, an den Küsten zu stehen, zu schauen, wie alles oder: „Gar kein Fang“. Die anderen Schiffe können sich 1 Goethe=Schiller=Denh
