3248 4384
563 409 697 473 we
131 400 1131 533 24. bas1te Land
1169 427 1735 516 box 29/2
64 951 460 1062 & Seidel
27 1051 757 1138 eitungeausschnitte.
31 1111 601 1200 Georgenkirebplatz 21!
24 1217 548 1291 ten Zeitungen und ist 4es
28 1284 568 1359 ste Bureau Deutschlands.)
158 1392 223 1475 1.
50 1513 197 1585 ar
66 1676 214 1768 □. 1
984 1841 1986 1924 R
815 1908 1962 1974 nen Abend schuld war, lasse ich dahingestellt. Es genügt
1953 1914 3107 1971 und bestimmter die Charaktere Hofreiters und Genias zu um¬
813 1962 1967 2014 mir, die beschämende Tatsache konstatiert zu haben, und ich
1962 1958 3105 2026 reißen. Infolgedessen haftet diesen etwas Lehrhaftes, etwas
18 1928 481 2042 Seuilleton.
824 1993 1970 2049 beeile mich, dem Dichter selbst, diesem liebenswerten, klugen,
1958 2003 3109 2061 zuviel Absicht an. Das weite Land, das menschliche Seele
816 2014 1932 2093 hellseherischen Seelenfinder meine Reverenz zu erweisen.
1949 2029 2686 2103 heißt, erscheint künstlich ausgeweitet.
20 2051 625 2132 = und Nationaltheater.
916 2059 1964 2138 Schnitzler hat die Kunde von der modernen Seele auf
2041 2065 3093 2133 Mit dieser Seele aber hat es noch eine besondere
824 2093 1955 2169 eine ganz eigene, besondere Weise bereichert. Es ist Sitte ge¬
1949 2103 3095 2167 Bewandtnis. Schnitzler nennt sie natürlich nur ironisch
28 2111 765 2206 Schnitzlers 50. Geburtstag.
816 2142 1962 2203 worden, die Eigenart seiner Kunst aus seinem ärztlichen Beruf
1960 2144 3091 2206 ein weites Land. (Denn dieser Vergleich, der von einem
813 2183 1956 2243 zu erklären. Diese Sitte der Feuilletonisten ist mehr bequem
47 2176 484 2256 „Das weite Land“.
1947 2198 3094 2255 Dichter stammen soll, ist eher, wie es im Drama heißt,
812 2219 1963 2285 als begründet. Denn Schnitzler hält sich nirgends an das
1950 2233 3096 2304 einem Hoteldirektor zuzutrauen.) Aber er benutzte die Weit¬
28 2232 488 2307 (Erstaufführung.
814 2264 1957 2332 gegenständliche Phänomen, nirgends an die Körperlichkeit der
1955 2275 3097 2333 des Seelenlandes doch dazu, um in ihr ein paar Launen
11 2297 820 2351 rtstage Arthur Schnitzlers wurde seine
811 2297 1954 2359 Erscheinungen; er ist niemals Naturalist gewesen. Vielmehr
1952 2312 3107 2380 des Schicksals verschwinden zu lassen, die im Drama stark
22 2334 827 2397 kas weite Land“ vom Mannheimer
816 2339 1955 2400 gestaltet er stets die Grundstimmung einer Welt oder eines
1945 2350 3103 2418 theatralisch wirken. Vor allem ist die Erschießung Otto
10 2390 823 2439 ltheater auf ihre Widerstandsfähigkeit ge¬
812 2388 1962 2445 Lebens und läßt erst daraus die Umrisse einer Gestalt und
1955 2390 3102 2454 von Aigners eine Laune des Dichters und seiner Gestalt.)
8 2415 821 2487 lar und sein Drama hielten sich trefflich
816 2428 1962 2469 einer Seele auswachsen. Er ist eine Ausnahme weiter Kom¬
1952 2433 3106 2490 Derlei paßt gewiß in ein „weites Land“, aber es steht
39 2455 829 2527 der Unzulänglichkeit der Aufführung
820 2463 1959 2530 plexe ein Ueberschauer verschwimmender Perspektiven, einer
1948 2467 3091 2532 fremd und unorganisch im Seelenleben Hofreiters. Und
11 2490 823 2553 Dem Kritiker aber bleibt nichts anders
819 2493 1962 2573 der Auserwählten, die mit dem Tastsinn der Seele begabt sind.
1940 2515 3091 2568 auch das Schicksal seiner Freunde, des einen, der an seiner
11 2531 827 2597 ichter Arthur Schnitzler an seinem 50.
811 2540 1957 2594 Meist liegt eine weiche, zarte Stimmung, durchsichtig und ver¬
1949 2546 3088 2606 Seite im Gebirge sich zu Tode fiel, und auch des andern
30 2576 819 2637 das Mannheimer Hof= und National¬
807 2579 1954 2640 hüllend zugleich wie ein Schleier, über seinen Werken. Aber
1951 2578 2980 2655 jenes Pianisten, der um Genias willen starb, —
2955 2589 3088 2658 auch
8 2626 828 2677 igen, ihn gegen die Unbekümmertheit, mit
816 2614 1951 2672 auch härtester Zusammenprall und glutigste Theatralik sind
1947 2628 3094 2689 dieses Schicksal ist mit spielerischer Laune erfunden und
23 2653 817 2712 seine letzte Bühnendichtung heranwagte,
813 2652 1952 2724 ihm nicht fremd. Schnitzler ist bei aller Zartheit seiner Mittel
1948 2663 3091 2741 zu absichtsvoll zur künstlichen Ausweitung der Seelen¬
1 2683 821 2748 en. So ehrt das Hoftheater seir: Dichter:
814 2703 1949 2760 und Wirkungen niemals ein Verweichlicher und Verwässerer.
1941 2715 2347 2775 perspektive benutzt.
19 2725 820 2790 und krastloseste Schmarren Otto Ernsts
812 2737 1951 2804 Gewiß! In seinen Dichterträumen wandeln Anatol und
2038 2745 3083 2810 Wie aber drängt diese Dichtung gleicherweise zum
0 2774 824 2832 umgibt man ihn mit neuen Dekorationen.
810 2771 1946 2835 Medardus, aber er scheut auch nicht vor den unbequemen Wirk¬
1936 2772 3091 2844 Seelischen und Theatralischen, zur äußeren Form und zur
-1 2801 819 2867 r=Aufführung dagegen, die überdies aus¬
811 2803 1954 2878 lichkeiten des (Geschlechts=) „Reigens“ und vor den brutalen
1940 2820 3087 2897 inneren Gehaltenheit! Es ist eine Lust, den Finessen des
5 2850 825 2903 ung des Dichters bezeichnet wird, ist der
814 2840 1946 2914 Kämpfen der Renaissance (in dem wundervollen „Schleier der
1949 2861 3077 2928 Dialogs zu folgen, und zugleich eine tiefe ästhetische Genug¬
0 2884 813 2945 enug. Man legte die verschiedenen Schau¬
803 2879 1202 2957 Beatrice“) zurück.
1939 2901 3085 2969 tuung zu erkennen, wie fest aus diesen Bausteinen das Ge¬
-3 2918 809 2980 sten Akte in einen zusammen und läßt es
896 2927 1940 2992 In seiner Tragikomödie „Das weite Land“ ist Anatol,
1940 2949 2680 3009 samtgebäude des Dramas sich fügt.
22 2960 812 3014 ärmlichen, poesielosen Gartenbilde ge¬
808 2953 1951 3033 der die Liebe in ihrer ewigen Variation liebt, älter geworden
2024 2975 3098 3040 Von alledem merkte man der gestrigen Aufführung
7 3002 812 3071 eußerliche ist schon bezeichnend genug für
819 3019 1943 3072 und verheiratet. Hofreiter liebt seine Frau und der Reihe
1948 3008 3086 3089 wenig oder gar nichts an. Ueber alle anderen ragte Frau
-2 3036 814 3118 Dichterehrung. Aber der äußerlichen ent¬
803 3048 1946 3113 nach viele andere Frauen, jetzt gerade die abenteuerlustige
1942 3067 3092 3113 Hummel als Genia empor. Sie war von sieghafter In¬
-3 3078 810 3144 kinnere Struktur der Aufführung. Man
806 3089 1949 3154 Erna Wahl. Genia, seine Frau, weiß von allem und ist ihm
1943 3111 3089 3161 nerlichkeit. Diese Darstellerin hat etwas Gothisches in
13 3120 807 3192 b herunter, zum Teil sehr undeutlich, fast
801 3128 1940 3197 dennoch treu. Ein Pianist, dem sie sich versagte, hat sich um
1930 3147 3092 3208 sich, eine Differenziertheit des Gefühls, die doch immer
-4 3157 816 3232 ob nuancen= und stimmungslos. Eine
799 3168 1945 3240 ihretwillen erschossen. Nun aber naht sich ihr Otto von
1932 3184 3094 3228 wieder in rührender Schlichtheit endigte. Neben ihr wirkte
5 3192 809 3261 Schauspielern stand absolut nicht in ihren
807 3207 1946 3271 Aigner, ein junger, stiller Mensch, und wie ihr Gatte die
1939 3220 3093 3268 Herr Koch als Hofreiter ziemlich plump. Er war nicht
1 3245 806 3297 neben ihnen oder blieb ihnen ganz fern.
811 3250 1946 3310 Jugend Ernas gierig an sich reißt, läßt sie sich selbst von
1934 3251 3088 3308 frei, souverän und liebenswürdig genug. Trotzdem war er
6 3277 811 3328 menspiel war keine Rede. Herr Richter
803 3283 1946 3348 der unverbrauchten Jugend Ottos verführen, Hofreiter erfährt
1936 3301 3086 3350 von einer unwandelbaren Echtheit der Gefühle und Töne
-6 3327 811 3383 inem übertriebenen Wiener Dialekt einen
812 3328 1947 3393 es und erschießt Otto von Aigner im Duell. Seine Frau aber
1925 3333 3094 3406 und von einer (manchmal zu wenig gelösten) Gediegenheit
5 3369 817 3426 Tennisplatz, und störte dadurch, so oft
801 3365 1944 3430 weicht entsetzt von ihm. Dies Gerippe, das einer Troubadour.
1938 3374 3076 3435 schauspielerischer Mittel. Im letzten Akt war sein Spiel¬
19 3401 812 3463 der Bühne erschien, das Ensemble der
796 3406 1946 3476 Ballade anzugehören scheint, trägt in Schnitzlers Drama ein
1938 3409 3080 3484 ebenso diskret wie beredt. Herr Rotmund spielte der¬
0 3431 816 3504 aber ihrerseits wieder kaum ein einziges
794 3436 1944 3505 breit und weit gemaltes modernes Kulturbild. Die Handlung
1934 3450 3069 3514 jungen Otto viel zu sehr aufs Ungefähre und Typische hink
4 3465 809 3544 einem Ensemble zusammenfanden. Jeder
801 3481 1929 3542 verästelt sich in viele Episoden, die aber immer Exponenten
1939 3498 3081 3555 Dieser junge Mensch ist aber eine Charaktersigur im besten
-6 3514 810 3579 orten des Dichters seine Monologe und
802 3521 1933 3583 der Haupthandlung sind. Ein verhaltener Strom lebendiger
1932 3534 3078 3607 Sinne des Wortes. Gänzlich versagte Frl. Fein als Erna##
-9 3560 807 3606 ich nach Zwiesprach' mit den Mitspielern,
803 3546 1941 3616 Energieen fließt von Seele zu Seele und ist bald von komi¬
1937 3565 3079 3643 Sie spielte dieses junge Mädchen als virtuose Dame, wat
-10 3593 806 3664 entstünde Aber es entstand keiner! Ein
798 3598 1941 3659 schen, balb von tragischen Lichtern überfärbt. Die Charak¬
1933 3618 3072 3685 aber auch in dieser Verstiegenheit ganz gefühllos und
-2 3624 806 3692 m Mahlerfest, das zeigte, wie man Künst¬
802 3636 1941 3695 teristik sowohl Hofreiters als auch Genias wird aus all die sen
1929 3649 2059 3715 leer.
2033 3657 3069 3707 Sehr echt und diskret war Frl. Wittels als Mut#
-2 3666 803 3739 mühte sich das Theater zu zeigen, wie man
799 3680 1938 3741 Episoden gespeist, wie ein stiller Weiher aus vielen unruhigen
1924 3691 3063 3752 ter Otto von Aigners, sehr delikat Frl. Blankenfeld
-5 3707 800 3764 ll. Herr Reiter begnügt sich als Re¬
798 3719 1937 3772 Bächen. Die beiden Gatten stehen glaubhaft in einer Kultur
1934 3730 3080 3810 als verflossene Geliebte Hofreiters und Bankiersgattin
-6 3751 803 3815 idener Inspizientenarbeit und Herr Gre¬
806 3758 1937 3816 (nicht in einer Natur!), weil diese sich in ihnen wie in allen
1939 3765 3070 3824 Geradezu ein Labsal in dieser grob skizzenhaften Aufführ
-8 3796 809 3849 azu und verhindert es nicht, daß man
802 3791 1937 3852 andern Personen individualisiert. Auch in diesem Drama ist
1935 3820 3070 3877 rung war die Darstellung des Bankiers Natter durch Herr¬
-5 3827 800 3879 heater an einem Dichter derartig vergeht.
797 3843 1936 3909 das Milien das Primäre und das Individuum erst das
1922 3851 3068 3920 Kolmar. Diese Gestalt war ein kleines Kunstwerk stim¬
1 3861 806 3929 bsich von dem Vorwurf der Pietätlosigkeit
795 3876 1934 3938 Produkt einer Stimmung, einer allgemeinen Leben situation.
1933 3898 2745 3944 mungsvoller Charakterschöpfung für sich.
4 3909 1947 3986 hen Dichter nach dieser Vorstellung schwer= Schnitzler hat aber aus der Grundstimmung der dramatischen
2016 3923 3064 4003 Von allem andern laßt mich schweigen. Schauspiele
-5 3958 3066 4027 en. Wa##und wer an di ain kunstverlasse Handlung zuviele Einzelbeisviele losgelöst, um desto sicherer #aierten wie in einer ireinden oder alliu vertrautenun
1913 4062 3068 4154 darum trivialen Welt. Ich wage keinem einzigen einen
1919 4122 3061 4193 Vorwurf zu machen. Aber um so leidenschaftlicher klage
1917 4162 3087 4249 ich einen Theaterleiter an, der eine solche Vorstellung
1892 4206 2781 4287 zum unzulänglichen Ereignis, werden ließ.
2841 4217 3105 4298 H. S. 4
