3344 4256
306 180 1264 296 2A   S R
728 1775 1532 1857 Hieronymus zurückgeht, zu beachten. We
726 1820 1530 1888 aber ist dieser Tat wissenschaftlichen Ger
736 1857 1530 1941 künstlerischer Einfühlung und religiöser
722 1897 1496 1976 schöpfung eine lebendige Wirkung auf d
728 1948 1527 2018 zu wünschen. Erwartungsvoll und im Ver
728 1984 1530 2051 auf ein gleichermaßen vollendetes G.
728 2016 1518 2085 sehen wir dem Fortgang des Werkes en
719 2058 1514 2139 das, nach seinem Gesamttitel, alle vier E
728 2098 1521 2178 lien umfassen soll. Was vorliegt, ist na
722 2139 1509 2214 halt und Ausstattung eins von den Büche
711 2187 1522 2264 wie ein Geschenk zu persönlichem Dank sti
1238 2245 1611 2317 Joseph Bern #t
741 2304 1624 2401 Munnheimer Musik. Im ersten der sechs vom
696 2353 1619 2435 neueröffneten hiesigen Kunsthaus veranstalteten
704 2394 1612 2468 Vormittagskonzerte für Freunde zeitgenössischer
705 2425 1615 2505 Musik horte man Kompositionen von Busoni,
705 2470 1611 2550 Bela Bartok und Hindemith. Weit mehr als
699 2509 1566 2590 eine thematisch wie in der Durchführung
702 2545 1609 2638 wenig einheitliche Suite Bartoks interessierte
694 2586 1606 2661 Busonis Sonate on. 36a für Violine und Kla¬
699 2624 1608 2705 vier mit Luise Schatt=Eberts und Elisabeth
696 2670 1618 2751 Stürmer. War auch Busoni der stärkste Ein¬
698 2702 1605 2785 druck dieses Vormittags, so wirkte doch auch
698 2744 1603 2827 Paul Hindemith in seiner Sonate für Violine
694 2782 1027 2842 und Klavier op.
1142 2801 1606 2869 weit geschlossener wie
693 2820 1596 2906 Bartok. Mancherlei Anregungen vermittelte
681 2867 1599 2940 das jüngste Volkstümliche Konzert im Nibelun¬
692 2907 1600 2981 gensaal unter Leitung von Musikdirektor Han¬
691 2946 1594 3011 sen, bei dem man u. a. ein von Luise Schatt¬
688 2981 1597 3046 Eberts mitreißend gespieltes Konzertstück Bu¬
681 3012 1594 3094 sonis, Chöre von Bruno Stürmer und dessen
677 3060 1399 3130 Violinkonzert zum ersten Male hörte.
1417 3078 1567 3142 K. 8.
697 3102 1179 3168 Anton Bruckners 6.
1181 3122 1524 3180 Symphonie ist
670 3149 1587 3219 Plauen i. V. unter der Leitung des Geraer
671 3182 1574 3289 Autkahellmeistera Nu## Heinrich Laber mit
1420 186 1850 280 box 29/4
1792 773 2409 927 Klose & Seidel
1788 903 2400 984 Burenn für Zeitungsausschnitte
1766 966 2453 1043 arlin NO. 48, Geergenkirchplats ##
1852 1016 2530 1180 Kausnm-Haatrichten
1707 1133 2402 1260 zetung München
1712 1198 1844 1269 Ort:
1701 1267 2235 1364 Datum:  .
2191 1337 2491 1429 N01.1921
1846 1842 2373 1958 Berliner Theater
1830 1948 2378 2027 Von unserem Mitarbeiter
1692 2004 2575 2086 Ganz gewiß spielen die Serien= und Amüsier¬
1649 2061 2568 2136 theater ihren französischen und auch ihren deut¬
1657 2099 2575 2169 schen Schund. Aber der Sachverständige im
1654 2139 2576 2219 Reigen=Prozeß, der den Berliner Direktoren
1658 2186 2580 2255 empfahl, sich mit ihrem Repertoir vor dem Aus¬
1651 2215 2572 2303 land zu schämen, scheint mir so sachverständig
1648 2258 2568 2344 nicht zu sein. Abgesehen davon, daß man sich
1643 2301 2569 2368 immer nur vor sich selbst schämen soll., Allein
1650 2337 2569 2418 in dieser Woche habe ich neun Neuaufführun¬
1633 2372 2567 2461 gen ernster Stücke gezählt, von Sudermann,
1634 2413 2563 2495 Fulda, Schnitzler, Strindberg, Wedekind, Grill¬
1633 2459 2568 2535 parzer und Shakespeare. Der Leser möge nicht
1636 2495 2565 2577 erschrecken: an einem Abend hätte ich mich drei¬
1633 2546 2562 2617 oder gar vierteilen müssen, wenn ich vollständig
1640 2576 2558 2660 sein wollte. (Ein anatomisches Problem, wie
1627 2624 2554 2703 unser verehrter Mitarbeiter „vollständig“ blei¬
1630 2656 2273 2730 ben soll, wenn er sich „vierteilt"!)
1666 2700 2550 2782 Im Deutschen Theater hätte man mit Strind¬
1625 2752 2543 2839 bergs Ostern vielleicht lieber bis zur Zeit der
1622 2793 2546 2860 Schneeichmelzt warten sollen, wann der gefro¬
1620 2829 2546 2902 rene Christ wieder aufblüht, wie Angelus Sile¬
1619 2869 2550 2942 sius so schön sagt. Die beiden ersten Akte mit
1615 2914 2542 2995 dem ewigen Geldmangel sind so recht vom
1623 2944 2545 3024 „Sohn einer Magd“. Man langweilte sich bis
1622 2999 2548 3083 zum dritten, bis zum Glaube=Liebe=Hoffnung¬
1611 3039 2531 3113 Akt heran, um endlich die Rechtfertigung des
1613 3066 2539 3156 Abenos bei Eugen Klöpfer zu finden, der den
1620 3121 2535 3190 angenehmsten aller Gläubiger, den auf Ostern
1606 3155 2544 3228 verlegten Weihnachtsmann, recht märchenhaft
1609 3196 2202 3268 drollig tappste und brummte.
1638 3242 2524 3318 Das Königgrätzer Theater hat Wedekinds
1604 3281 2527 3370 Hidalla erneuert, wenn man so sagen darf.
1602 3324 2528 3392 Ein interessanter, einer von den tragischen
1610 3363 2526 3449 Wedekind=Monologen, um den sich Karussell¬
1600 3410 2517 3485 figuren herumdrehen. Die Regie hatte sie nicht
1594 3451 2522 3520 extra aus Holz schnitzen und närrisch bemalen
1594 3490 2523 3566 sollen, man merkt es auch so. Den Zwergriesen
1596 3529 2513 3609 Hetman hielt Ludwig Hartau recht schön in sich
1596 3568 2506 3647 zusammen; über seiner Leiche weinte ein Seel¬
1590 3614 2517 3695 chen, das stille Musik in sich hat und Charlotte
1594 3643 1902 3717 Schultz gehört.
