3392 4352
1358 113 1827 208 box 29/2
245 96 1228 223 24. Das weiteLand
527 891 932 983 Ausschnitt aus
228 1023 1209 1144 Saanschweigische Landesreitung, Braunschwah
593 1178 933 1298 *5 1 111
1276 1219 3308 1369 Bankiersfrau Schluf.   ene e egeeen
1287 1346 3337 1409 an, einem jungen Mädchen, das zuerst stark geie wollte Schnitzler denn eigentlich mit dieser Fülle zi
409 1265 1178 1454 Vertanliches Halienler.
1286 1400 3302 1467 stig auftritt und sich später als lüsternes Gänschen der Gesichter, mit dieser Szenenfolge, die anschei¬
279 1425 1291 1500 V. Braunschweig, 4. November. Zum ersten Male:
1280 1441 3270 1501 entpuppt. Hofreiter gibt sich keine Mühe, seine nend ohne inneren Zusammenhang, ohne die
455 1473 3307 1525 weite Land“, Tragikomödic von Arthurlvergnüglichen Abschweifungen von der langweili= alles verbindende Idee, Gespräche auf Gespräche
295 1503 603 1582 Schultler.
2239 1506 3304 1573 rhäuft und als amüsante Unterbrechungen Kon¬
1284 1513 2199 1570 gen Chaussee der Ehepflicht zu verbergen, ja
551 1539 1301 1613 #lggisch=dramatische Forschungsreise
2282 1552 3317 1614 stellationen des „Changers les dames“! Freilichk
1276 1552 2292 1612 treibt auch seine ihn vergötternde Frau systema¬
277 1582 1300 1647 In „das weite Land“ der Seele, wo im Urwald¬
2280 1590 3299 1646 diese Leutchen, die ihr zynisches Empfindungs¬
1286 1597 2287 1661 tisch in den Ehebruch. Er bebauert wortreich den
2290 1634 3298 1685 leben stets mit schönrednerischen Falten drapie¬
279 1631 1302 1691 gestrüpp der terra incognita die Rätsel und Ge¬
1278 1624 2305 1695 Künstler, der sich aus unerwiderter Liebe zu sei¬
2282 1669 3290 1733 ren, die ihre Ironien und Selbstironien frei spie¬
278 1677 1294 1725 heimtisse der erotischen und der ehelichen Be¬
1281 1672 2300 1744 ner, Hofreiters, Frau erschossen, und macht ihr
2286 1706 3347 1760 len lassen, und die sich selbst kaum einen Augen¬ je
285 1716 1294 1765 zehungen ruhen. Aber kein erfrischender Nord¬
1291 1711 2292 1763 kaum verhüllte Vorwürfe, daß sie ein hoffnungs¬
2276 1749 3306 1805 blick ernst nehmen, sind keine tiefen, problemati¬
286 1745 1297 1812 wind, kein den Kopf klarmachender Sturm, in dem
1286 1746 2283 1799 reiches, junges Leben durch ihre Unbarmherzig¬
284 1786 1292 1846 die Eichen sich biegen wie die Halme und Tannen,
1291 1779 3292 1849 keit geknickt hat. Genta, die aus Liebe zunächst schen Naturen, die uns Anhalt und Basis geben,
2277 1821 3289 1889 auf der wir eine neue Sittlichkeit oder Lebensan¬
1283 1827 2295 1884 und dann auch aus einem gewissen „Reinlichkeits¬
278 1818 1298 1893 wie sprödes Glas zersplittern, umtobt uns, son¬
1284 1863 3293 1927 gefühl“, den verführerischen Anbeter zurückge die= schauung aufbauen könnten. Von Tragik im wah¬
268 1870 1291 1919 dern mussige Dünste steigen aus morastigem Bo¬
1284 1908 3296 1968 sen hat, -revanchiert“ sich aber schließlich doch noch, ren Sinne also nichts; und doch in den letzten bei¬
281 1908 1297 1961 eden, süßlich=faule Gerüche aus farbenprächtigen
276 1944 1292 2001 Blumen uns stickige dumfe Luft, heißes Brodeln
2277 1945 3304 2009 den Akten eine packende Theatralik, eine die
1273 1934 2297 1999 indem sie dem Beispiel der anderen folgt, und sich
2279 1988 3250 2048 Spannung in Atem haltende Bühnenwirkung!
278 1988 1286 2037 und miasmengeschwängerte Atmosphäre nehmen
1292 1987 2289 2051 einem bluttungen Fähnrich an den Hals wirft.
2332 2003 3306 2078 Und noch eins, das nicht vergessen werden
284 2020 1300 2084 uns den freien Atem, beschweren Herz und Sinne.
1646 2012 2298 2083 ihn nächtlicherweile aus dem
1514 2027 1672 2079 sieht
1279 2021 1504 2074 Hofreiter
2282 2057 3302 2121 darf: Dieler Wiener Naturalfsmus hat seine Be¬
1289 2057 2297 2110 Schlafzimmerfenster seiner Frau steigen. Aber er
276 2058 1291 2111 Die Menschen, die einem begegnen, sind keine ur¬
2278 2101 3305 2156 rechtigung, der mit einem esgenartigen Gemisch
274 2102 1305 2169 wüchsige Kraftnaturen, von der Kultur unberührte
1281 2104 2286 2155 kauft sich ihn nicht gleich. Im Gegentell, er spot¬
2292 2143 3293 2196 von Spott und Bitterkeit, Resignation und Weh¬
275 2136 1294 2196 Personen, sondern weichnervige, marklose Sybari¬
1284 2142 2296 2201 tet noch über die Hörner, die ihm aufgesetzt sind.
2281 2180 3305 2237 mut in das Leben unserer Zeit schaut, dort, wo
273 2176 1296 2236 ten, kokette Lebensnipper, genußhungrige Egoi¬
1290 2180 2299 2240 Dann aber bricht er mit dem Nebenbuhler
2280 2216 3300 2272 die sogenannten Gebildeten, die „Stützen der Ge¬
284 2222 2289 2272 sten, die Mollusken gleich ihre weichen, schleimi= einen Streit vom Zaune und schießt ihn
2284 2246 3311 2324 sellschaft“ hausen und sich in all der offenen und k
269 2268 2292 2316 gen Glieder durcheinanderflechten. Ihre Seele istl kaltblütig über den Haufen. Weshalb? Weil er
2290 2297 3298 2353 verborgenen Herrlichkeit ihrer Seele manifestie¬
336 2294 2289 2351 in weites Land, das Raum gibt für unzählige die beleidigte Gattenehre reinwaschen will? Nein,
2281 2334 3300 2399 ren. Dieser von Schnitzler vertretene Wiener
284 2320 1299 2397 Regungen, vor allem in Dingen der Liebe oder
1284 2325 2296 2393 so viel Ehrgefühl steckt nicht in dieser schlassen
2280 2367 2610 2437 Naturalismus
2588 2382 3304 2430 — von anderer Art, als der un¬
281 2370 1304 2430 vielmehr der Liebeleien, denn von Amouren und
1284 2377 2292 2430 Seele, sondern aus wilde mGrimm gegen den
2282 2414 3298 2462 barmherzige norddeutsche Wirklichkeitsfanatis=
279 2405 2299 2480 wieder von Amouren handelt das Stück, nicht von begünstigten Rivalen und überhaupt, well's nach
2287 2451 3303 2499 mus, und ihm doch nohe verwandt — läßt den
283 2441 2291 2502 großer, starker Liebe, von packenden, hinreißenden dem Ehrenkodex so Brauch ist. Sonderbare Men¬
2290 2495 3298 2544 Pulsschlag jener Welt fühlen, behorcht die Stim¬
277 2486 1289 2546 Gefühlen. Im Gegenteil, wo Gesühl sich zeigt, da
1286 2484 2297 2552 schen, die allen möglichen und unmöglichen See¬
2277 2525 3297 2592 men und die Stimmung, die unter der gleißneri¬
281 2530 1297 2593 wird es gelstreich zerredet, und krampfhaft fast
1283 2522 2302 2600 lenregungen Raum geben, denn ihre Seele ist ein
3060 2570 3297 2626 sich breit
2288 2573 3071 2622 schen Oberfläche heimlich, unheimlich
278 2578 1290 2627 hüten sich diese gelstreichelnden Dialektiker, ihre
1289 2566 1714 2646 weites Land ...
2283 2588 3292 2664 macht und ist so ein sensitives, untrügliches Baro¬
274 2598 1305 2668 „Herzensschlampereien“, in Liebe ausarten zu
2291 2636 3299 2719 meter der Wiener „Kultur“, die es so herrlich weit!
274 2642 1304 2709 lassen. So hat dieser Ausflug in das weite Land!
1336 2638 2292 2695 Können solche Menschen die allesamt nach rein
286 2695 1291 2737 der Seele auf den ersten Blick für uns derbge¬
2278 2682 3050 2757 gebracht hat. Vielleicht auch unsere?
1280 2692 2292 2740 egoistischen Motiven handekn, Träger eines kraft¬
284 2722 1296 2774 sunde Nord= und Niederdeutsche, denen das ästhe¬
1281 2721 2296 2781 vollen Dramas, einer wuchtigen Tragödle sein?
285 2760 1305 2824 tisierende schwelgerische Wien der oberen Zehn¬
1279 2748 2306 2838 Unmöglich; denn ihre nihilistisch sentimental=Le¬
2337 2793 3293 2872 Schnitzler ist weniger Dramatiker alls Ge¬
284 2800 1300 2863 tausend, diese lin de siecle=Menschheit, der kreuz
1280 2805 2281 2854 benswetsheit vernichtet à priori jeden Heldenwir¬
283 2840 1291 2896 und quer versippte Kreis verwöhnter Frauen und
2279 2841 3299 2889 seuschaftsphilosoph. Ein Intellektueller, ein nach¬
1285 2839 2297 2907 len und damit jede wirkliche Tragik. Die einzige
2287 2873 3299 2940 denklicher Kopf, der mit scharfen Blicken seine
288 2887 1289 2939 verweichlichter Männer, mit seinem zynischen
1289 2887 2290 2932 Tragik, von der sie heimgesucht werden, ist die,
2283 2914 3303 2974 Umwelt beobachtet und die Menschen darin mit!
279 2920 1290 2995 Empfindungsleben, fern liegt, etwas Unerquick¬
1285 2923 2300 2974 daß sie, wenn der graue Katzenjammer des Lebens!
1285 2960 3305 3016 über sie kommt, und sie niemandem gehören kön= all ihren Regungen: Liebe und Haß, Sehnsucht
286 2954 800 3038 liches, fast Abstoßendes.
2281 2978 3319 3052 und Zynismus, Treue und Verrat, verstandes= 5
1276 2999 2295 3048 nen, so viele sich ihnen auch zu eigen gegeben ha¬
2715 3042 3337 3098 So ist auch seine Tragikomö¬n
2283 3036 2684 3103 mäßig durchforscht.
1289 3042 2293 3087 den, daß sie dann erschauernd am Ende ihren „ein¬
2282 3078 3302 3137 die eine an psychologischen Feinheiten reiche
343 3074 1876 3122 Friedrich Hofreiter, der so etwas von Baumei=samen Weg“ gehen müssen.
2284 3104 3296 3175 Dichtung. Aber da die Seele ein weites Land
1339 3102 2283 3166 Aber Schnitzler hat ja gar keine Tragödie
278 3111 1298 3174 ster Solneß an sich hat, ist der verfüherischste und
2282 3143 3317 3203 und die Funktionen unserer Nervenbündel unbe¬ h
279 3159 2292 3211 zugleich abschreckendste Typ jener Dekadenz, die jschreiben wollen, sondern uns eine Tragikomödle,
2279 3192 3306 3245 rechenbar sind, so schwelgt Schnitzler förmlich in
283 3188 2292 3252 alles, was Wert hat, niedertreten, verwüsten und wie der Titel sagt, beschert. Gemuch! Eine Tra¬
2283 3230 3313 3297 den Aeußerungen und Regungen kompliziertert
287 3225 707 3297 in den Tod jagen.
700 3227 2304 3284 Jahrelang schon lebt er ne¬gödie soll das Stück im Grunde sein, dus Komö¬
277 3275 3290 3323 ben, nicht mit seiner Frau Genia. Trotzdem trägtIdienhafte steht nur in den Nebenthemen, in aller=Psychen. Jede Person, die nur einigermaßen zur
398 3297 3299 3374 = allmählich dämmert uns das auf  im tie= hand kleiner Gesellschaftssatire, in der Verhöh= Ider des Stückes in Beziehung steht, hat ihre be¬
281 3312 363 3367 er
2767 3339 3292 3410 die im Mittelpunkt der
286 3354 2670 3402 fen Herzen eine sublime Liebe zu seiner Frau und nung der Tennisfexerei, in niedlichen Witzen über lsondere Regung;
294 3390 3326 3435 sie liebt ihn ehrlich und wahr. Hofreiter liebelt! Rucksacktouristen und in sonstigen die eigentliche! Handlung Stehenden aber hat er sie dutzendweises
2298 3423 3325 3487 auf Lager, und so entstehen schwer definterbare 5
275 3424 2224 3503 bald hier, bald dort, hat eben mit einer lockeren! Tragödie umrankenden Begleiterscheinungen.
