3296 4256
267 132 1233 242 24. Das wei1
1379 145 1820 232 box 29/2
594 1550 963 1627 Ausschnitt aus
1052 1596 1671 1685 kfurter & BRER
824 1609 1113 1707 ∆M 1
601 1668 753 1716 vom:
569 1709 1711 1782 Erllester, biesmal dor Prof. Grüters geleitet, widmete den
556 1744 1710 1813 ritten Abend dem Vortrag von Mozartschen Werken. —
560 1771 1226 1832 Man berichtet uns aus Koln:
1334 1789 1702 1842 tlers Tragikomödie
567 1828 1697 1885 „Das weite Land“ vermochte b## hiesigen Erst¬
569 1863 1699 1919 aufführung im Schauspielhause das Publikum nicht sönder¬
572 1896 1706 1947 lich zu erwärmen. Es lag wohl mit daran, daß die Darsteller
568 1935 1708 1999 der beiden Hauptrollen uns zu lange im Unklaren über die
571 1975 1703 2032 in ihnen treibenden Kräfte ließen. Allerdings wurde auch
574 2011 1700 2076 in den ersten Akten der Dialog trotz der geistreichen
561 2049 1697 2121 Wendungen als reichlich breit ausgesponnen empfun¬
567 2087 1702 2148 den. Leider fand auch Otiomar Enkings Komödie „Das
570 2128 1695 2195 Kind“ im Deutschen Theater trotz sauberster Dar¬
559 2160 1697 2212 stellung keine allseitig freundliche Aufnahme. Viele Zu¬
572 2207 1692 2266 hörer besaßen nicht die Geduld, den sich behaglich ausbreiten¬
572 2245 1692 2311 den Kleinstadthumor voll auf sich wirken zu lassen. Besonders
560 2284 1689 2341 schade war es um die meisterliche Darstellung des alten ein¬
572 2325 1696 2386 fachen Ehepaares durch Herrn Scheuermann und Frl. Platt. —
566 2358 1699 2411 Aus Düsseldorf wird uns geschrieben: Das Schauspitl#
572 2404 1695 2458 haus führte zum ersten Mal das Lustspiel „Den Groß¬
576 2442 1696 2516 e#mhn uan Rotne #andäbengen auf. Herr Hübner gab
1872 554 2255 644 Ausschnitt aus:
2008 637 2231 726 O4%.
2237 617 3045 756 Schelnische Musik- u. Theater.
1847 682 2011 742 vom:
2344 705 2909 812 Zeitung Köln a/Rh,
2013 722 2355 807 e
2362 833 2626 906 Schauspfel.
1963 875 3089 981 Der neue Sehnitzter, die Tragikomode „Das weis
1890 903 3059 993 Land“, weist em geistreichen Dialog und im spanné
1880 943 3136 1023 den, folgerichtigen Aufbau die bekannten Vorzüge des Autor—
1885 991 3101 1085 auf, aber der Stoff ist so unerquicklich, daß sich das Publikume
1880 1034 3109 1122 des Schauspielhauses nicht für das Stück des sonste
1878 1059 3123 1141 hier sehr belicbten Autors zu erwärmen vermochte. Schnitzler“
1882 1115 3087 1205 schildert diesmal eine durch und durch verrottete Gesellschaft
1872 1147 3091 1222 die unerlaubte Liebesbeziehungen als eine Art Giesellschaftsee
1871 1189 3094 1281 spiel, aber ohne Grazie betreibt. Der Held des Stückes nimmt
1874 1227 3089 1321 es seiner Frau übel, daß sie einen Meuschen in den Tod treibt
1875 1266 3082 1358 weil sie sich ihm versagt. Aber als die Frau dann durch seine
1871 1301 3090 1396 Vorwürfe, wie durch sein Beispiel angetrieben, wirklich einen
1875 1326 3087 1437 Treubruch begeht, erschießit er den begünstigten Liebhaber,
1856 1376 3085 1462 in dem er nebenbei auch einen Vertreter der ihn von seinem
1859 1421 3083 1521 Platze verdrängenden Jugend sicht. Drei Verführungen und
1856 1465 3084 1551 ebenso viele Tote sind ein wenig viel für einen Abend. Man
1861 1502 3074 1574 weil auch nicht recht, weshalb man diese Leute ernster nehmen
1857 1538 3064 1637 soll, wie sie sich selber nehmen. Im Grunde ist nicht viel
1853 1576 3074 1668 daran verloren, wenn sie sich gegenseitig zu Grunde richten
1862 1618 3073 1695 oder umbringen. Bei der Aufführung taten sich besonders
1853 1644 3061 1739 Herr Goctz und Frau Frey in der Rolle des sich nicht mehr
1851 1693 3056 1790 zusammenfindenden Ehepaares hervor. Herr Goctz gab den
1841 1731 3071 1827 Mann als eine Art Köcknitz mit einem Auflug österreichischer
1848 1762 3071 1868 Leichtlebigkeit, Frau Frey suchte die Gestalt der etwas willens¬
1848 1805 3055 1907 schwachen Frau dadurch sympathischer zu machen, daß sie das
1844 1849 3058 1934 Mütterliche in ihrem Wesen sterk betonte. Von der großen
1842 1884 3052 1981 Zahl der übrigen Mitwirkenden seien nur Frl. Schönfeld und
1835 1920 3050 2015 Herr Dysing genannt, da ihre Rollen eine schärfere Charakte¬
1832 1971 3056 2061 ristik zuließen. Viel Fleiß hatte Herr Odemar auf die Insze¬
1823 2008 3043 2095 nierung verwandt und für das natürliche, von regem Leben
1834 2050 3055 2147 erfüllte Büd des dritten Aktes, der in der Halle eines Berg¬
1826 2078 3042 2184 hotels spielt, sei ihm besondere Anerkennung gezollt. Der
1827 2122 3042 2222 Garten und der moderne Salon der übrigen Aufzüge waren
1817 2156 2324 2223 noch Erbe Martersteigs.
1911 2201 3048 2312 Eine sehr dankenswerte, leider nur von einem Teil des
1818 2236 3036 2339 Publikums richtig gewürdigte Gabe bot das Deutsche
1824 2266 3036 2370 Theater mit der Aufführung von Ottomar Enkings
1808 2311 3031 2407 halb rührender, halb komischer. Kleinstadtgeschichte „Das
1815 2356 3027 2454 Kind“. Zwei alte Leute leben still und bescheiden in einem
1812 2387 3028 2491 holsteinschen Neste vor sich hin, ihre ganze Hoffnung, aber
1807 2433 3022 2517 auch ihre ganze Sorge ist die nach Hamburg in die große Welt
1804 2477 3017 2567 ausgewanderte Tochter. Für sie darbt und hungert das Eitern¬
1804 2516 3013 2611 paar, um schließlich, als die Tochter nach Jahren einmal zu
1798 2556 3024 2666 Besuch nach Hause kommt, zu schen, daß diese ein ganz
1797 2590 3012 2699 anderes Wesen geworden ist, als es in ihrer Erinnerung lebte,
1694 2629 2200 2721 Meuferberialle.
1738 2727 2956 2820 und daß sie vor allem ihrer Fürsorge in jeder Beziehung ent¬
1733 2773 2955 2860 wachsen ist. Der Hauptreiz des Stückes liegt, neben der liebe¬
1743 2810 2952 2898 vellen Versenkung des Dichters in die Seelen der beiden ein¬
1736 2849 2959 2928 fachen Leute, in der behaglich humoristischen Schilderung
1736 2884 2946 2984 des Kleinstadtlebens. Beides recht auf sich wirken zu lassen,
1735 2912 2948 3020 brachte aber ein Teil des Publikums nicht die nötige Samm¬
1732 2955 2945 3043 lung auf, und schließlich bedingt ja auch eigentlich die Bühne
1729 2999 2949 3100 stärkerer Mittel, Gegeben wurde das idvllische Werkchen mit
1728 3041 2940 3134 sauberster Ausarbeitung all der hundert Kleinigkeiten, die das
1729 3076 2943 3160 Milieu ausmachen, und die hier so unendlich wichtig sind. Das
1724 3120 2945 3211 alte Ehepaar wurde von Herrn Scheuermann und Frl. Platt
1722 3163 2939 3247 so schlicht und lebenswahr dargestellt, als bewegten sie sich
1720 3210 2940 3287 wirklich in ihrem kleinen Häuschen in Koggenstedt und nicht
1725 3245 2926 3323 auf einer Großstadtbühne. Frl. Reimann gab die „moderne“
1728 3270 2929 3367 Tochter recht gewandt und den übrigen Episodenrollen spielen¬
1722 3320 2937 3406 den Darstellern, den Herren Grünberg, Liebl und Nunberg wie
1722 3351 2935 3428 Frau Wohlgemuth, muß man nachrühmen, daß sie ohne Ueber¬
1712 3395 2925 3482 treibung die Kleinstädter-Komik wirksam zur Geltung brachten.
2527 3471 2900 3539 Emil Kaiser.
2818 3528 2930 3613 S
