3344 4448
1322 139 1802 229 box 28/2
214 162 1178 267 24. Das weite-Land
219 466 1185 594 Itt ausziser. Volks Leitung, Wier
228 592 644 695 KE
1560 660 1953 728 —
1269 700 2289 782 ist Hofreiter reich, besitzt eine Geliebte sowie eine schöne
524 728 1089 822 Das weite Land.
1277 765 2286 827 Frau, die ihm Liebe und Treue entgegenbringt. Aber
305 796 2296 881 (Tragikomödie in fünf Akten von Artur Schnitzler. gerade dieser „embarras de richesse“, macht ihn
1266 855 2189 906 genügsam, wirkt verstimmend auf seine Nerven.
307 855 1153 918 Erstaufführung am Hofburgtheute
1355 879 2298 944 Wenn es wenigstens wahr wäre, daß sein Freund, ein
372 899 1287 954 Wer vermag die Tiefen der Menschenseele zu er¬
1292 934 2296 988 russischer Klaviervirtnose, ihn mit Genia betrogen habe. Doch
297 913 1274 989 Pmessen und im forteilenden Gedanken hinabtauchen bis
1294 985 2301 1033 der plötzliche Tod des Russen steht mit der Persönlichkeit
305 986 1287 1041 auf ihren Grund? All das Wunderland unseres
1296 1023 2298 1083 Frau Genia Hofreiters in ganz anderem Zusammen¬
307 1021 1286 1082 Wünschens, Hoffens. Sehnens, Begehrens, die tausend
1283 1071 2298 1130 hange. Der junge Künstler tötete sich, da ihn das an¬
303 1069 1288 1132 Leidenschaften, die unser Innerstes erfüllen, zu verstehen
1287 1108 2302 1170 gebetete Weib nicht erhören wollte. Ein Brief, den
308 1121 1278 1176 und beim Namen zu nennen? Gut und Böse — eine
1284 1154 2294 1199 Genia ihrem Gatten zeigt, spricht völlig für ihre Un¬
310 1154 1277 1214 schier unüberwindliche Kluft liegt zwischen diesen entgegen¬
290 1190 2299 1258 gesetzten ethischen Begrissen. Doch beide wohnen zusammen schuld. Also Genias Tugend war schuld an des Virtnosen
295 1245 2301 1299 in unserer Brust und mit ihnen die ungekannten, un= Tod! Hofreiter, der mit dem Gedanken an Genias
291 1287 2304 1350 gezählten Regungen unseres Gefühles, die wir oft selbst Untreue spielte, erschaudert vor ihrer todbringenden
287 1326 2294 1391 nicht zu erklären vermögen, ja vor denen uns nicht Tugend. Er sagt ihr das auch offen ins Gesicht und
1278 1365 2300 1422 entflieht auf einige Wochen ins Gebirge. Frau Genia
294 1379 868 1443 selten geheimes Grauen erfaßt.
1279 1414 2298 1485 bleibt mit ihren Freunden in ihrer Badner Villa zurück.
367 1396 1289 1483 Des Menschen Seele ist ein weites Land und nur
1357 1463 2287 1512 Der zweite Akt zeigt uns die Halle eines vornehmen
287 1458 1291 1525 der Dichter mag es, ohne sich zu verirren, durchwandern.
1287 1508 2284 1560 Dolomitenhotels. Unter den zahlreichen Fremden, denen
301 1505 1284 1570 Unter den Psychologen der Moderne, die darin Meister
1285 1550 2299 1605 der Direktor des Hotels, Dr. v. Aigner, die
306 1555 1281 1612 sind, stehen die russischen Dichter an erster Stelle. Mit
1287 1590 2286 1645 Honneurs macht, befinden sich auch Hofreiter und dessen
305 1597 1297 1662 unbarmherziger Kunstfertigkeit zerfasern sie jegliches Ge¬
296 1633 2305 1687 fühlsleben, nichts Menschliches bleibt ihren scharf= Freund Dr. Franz Mauer. Die beiden Herren treffen
304 1667 2295 1744 blickenden Augen verborgen. Diese gründliche, fast wissen= im Hotel mehrere Bekannte: außer Dr. Aigner, der
1284 1725 2291 1785 ihnen indirekt durch seine geschiedene Frau und seinen
307 1726 1287 1785 schaftliche Methode läßt sie im Epischen den Höhepunkt
1284 1759 2286 1824 Sohn, den Marinefähnrich Otto v. Aigner, bekannt ist,
298 1775 1290 1828 ihrer Darstellung erreichen; auf dem Gebiete des Dramas,
1290 1797 2307 1882 auch noch ihren Badner Tennispartner, den jungen Paul
302 1817 1286 1859 das stetes Leben und Fortschreiten der Handlung er¬
1285 1867 2300 1921 Kreindl sowie Frau Wahl mit ihren Kindern Gustav
298 1859 1280 1912 heischt, versagt ihre ernste Kunst. Wir haben dieses Bei¬
1300 1902 1504 1961 und Erna.
295 1898 1277 1955 spiel gewählt, um auf die Schwierigkeiten hinzuweisen,
1353 1944 2298 1994 Diese Erna Wahl, das ist ein echtes Sport= und
295 1948 1295 2003 die sich dem Dramatiker, der diese Pfade wandelt, in
1297 1983 2294 2060 Rassemädl. Etwas Nordisches steckt in ihr. Käme sie nicht
292 1992 1284 2040 den Weg stellen. Auch Artur Schnitzler mochte ihnen, da
1284 2030 2301 2084 geradewegs aus Baden, man könnte sie ihrem Naturell
299 2039 1281 2091 er ins „weite Land“ zog. begegnet sein. Aber er müßte
299 2080 1281 2135 nichts von seiner graziösen Leichtigkeit, nichts von seiner,
1298 2071 2296 2130 nach für eine Wickingerin halten. Jedenfalls scheint sie
303 2120 1285 2169 bei aller Nachdenklichkeit doch so liebenswürdigen Art an
1292 2113 2314 2180 Ibsen gelesen zu haben, da sie nach dem Beispiele Maja#
1285 2166 2305 2211 Rubeks mit dem Manne ihrer Liebe ins Hochgebirge
292 2163 1279 2242 sich gehäbt haben, hätte er nicht alle Fährnisse glücklich
297 2209 559 2267 überwunden.
1289 2209 2306 2266 klettert. Mit Erna und Hofreiter, denn diesen hat sie ins
1283 2253 2292 2310 Herz geschlossen, unternimmt noch als Dritter im Bunde
380 2233 1286 2310 Schnitzler ist in seiner Tragikomödie Philosoph und
288 2295 2287 2347 Wiener zugleich, alle tragischen Bitternisse sind vom Doktor Franz Mauer die gefährliche Partie zum Aigner¬
1288 2330 2287 2405 turm. Er wird hiebei Zeuge, wie Hofreiter und Erna.
286 2335 1288 2396 Lichte einer sonnenhellen Landschaft übergoldet und
289 2383 1288 2446 durch allen Pessimismus ringt sich am Schluß eine
1288 2381 2305 2434 von ihrer Liebe überwältigt, sich küssen. Da Doktor
286 2412 1288 2481 hoffnungsfrohe Lebensbejahung. Diesen Typus zeigt auch
1295 2431 2294 2476 Mauer selbst in Erna verliebt ist, erleidet er alle Qualen
292 2480 2301 2539 der Held des Stückes, der Fabrikant Friedrich Hofreiter. Wir der Eifersucht. Im Hotel angelangt, reist er unter einem
301 2507 2295 2577 sehen in ihm einen Mann in den sogenannten besten nichtigen Vorwande ab und überläßt Hofreiter und
297 2560 1284 2610 Jahren, die etwa als Pendant zu dem gefährlichen,
1294 2560 2301 2617 Erna dem Schicksale ihrer Liebe. Dieses erfüllt Ich mit
293 2605 1287 2674 Alter der Frau in Betrackt kommen könlnen. Ueberdies
1298 2602 2301 2686 notwendiger Konsequenz. Der „Höhenrausch“ umfängt die
1289 2681 2274 2751 beiden im Taumel wilder Leidenschaft. Aber endlich
1282 2734 2284 2790 —fährt der Weg doch-u Fal. Hofreiter und seine Freunde
1293 2780 2282 2846 kehren nuch Bäden zurück, wo sich inbessen manches ver¬
1281 2809 1535 2879 ändert hat.
1362 2848 2273 2919 Auf Frau Genia scheint das Beispiel ihres Gatten
1292 2899 2286 2966 telepathisch gewirkt zu haben, denn sie hat Gleiches
1296 2941 2281 3007 mit Gleichem vergolten. Ihr Liebster, ein gar
1292 2989 2269 3049 junges Blut, ist der Marinefähnrich Otto v. Aigner.
1284 3032 2274 3094 Mehr Spielzeug als Liebhaber, doch gut genug, die Un¬
1287 3072 2272 3135 treue des Gatten zu rächen und ihn ein wenig zu ver¬
1284 3114 2272 3177 gessen. Hofreiter erfährt durch Zufall, wie es um seine
1284 3164 2277 3222 Frau steht und nimmt das Spiel bitter ernst. Ein unbe¬
1278 3197 2283 3283 greiflicher Haß quillt ihm, dem Zyniker, aus seinem tiefen
1284 3243 2259 3311 Innern empor. Eine öffentliche Beleidigung des Fähn¬
1285 3296 2267 3362 richs und die Voraussetzung eines Zweikampfes ist
1278 3327 1471 3399 gegeben.
1366 3377 2257 3444 Frau Genia versteht die Welt nicht mehr. Ihr war
1281 3404 2261 3483 einst die Liebe etwas Heiliges. Nun scheint sie zur
1282 3452 2260 3526 lächerlichsten Komödie herabgesunken. Die beiden werden
1284 3509 2254 3568 sich ja wohl nur zum Scheine duellieren! In zitternder
1278 3555 2266 3618 Erregung harrt dagegen Erna des Ausganges des
1279 3603 2264 3661 Zweikampfes. Ihr bangt um den Geliebten. Diese mit
1269 3637 2262 3693 großer Feinheit geführte Szene gibt einen sehr wirkungs¬
1276 3687 2256 3740 vollen Kontrast. Die Spannung wird durch die darauf¬
1274 3718 2252 3780 folgende Unterredung Frau Genias mit Ottos Mutter
1325 3775 2260 3822 die von dem Zweikampf keine Ahnung hat — in
1269 3801 2251 3871 geschickter Weise verlängert. Nun erscheint Hofreiter mit
1265 3851 2258 3918 heiter lächelnder Miene. Er begrüßt Frau v. Aigner,
1271 3897 2261 3953 wechselt mit ihr ein paar gleichgültige Worte und verrät
1272 3943 2249 3992 keine Spur von Erregung. Als Ottos Mutter das Haus
1259 3985 2254 4044 verlassen, erklärt er seiner Frau, daß er den Fähnrich
1264 4027 2252 4092 erschossen habe. Sie will das Furchtbare nicht glauben.
1349 4070 2244 4126 „Du hast doch seiner Mutter die Hand gedrückt?“
1323 4113 2246 4164 Was blieb ihm anderes zu tun übrig? Und er
2271 2677 3287 2776 Lande? Der Mann wendet sich von der Geliebten ab
2276 2727 2829 2802 und eilt dem Sohn entgegen.
2344 2762 3274 2844 Eine Tragödie der Leidenschaften und eine Komödie
2271 2796 3283 2886 des modernen Menschen ist Artur Schnitzlers „Das
2276 2870 3281 2930 weite Land“. Vom Ballast der herkömmlichen Moral=
2273 2907 3286 2988 begriffe befreit, unfähig, sich mit dem Gewichte einer
2280 2958 3275 3028 neuen Ethik zu beschweren, fliegen die himmelstürmenden
2272 3000 3285 3067 Leidenschaften in den blauen Aether hinein. Kindern
2275 3045 3262 3089 gleichen diese Menschen in ihrer Erdenferne. — Des
2280 3083 3260 3155 Dichters Kunst weiß aus dem Labyriuth den rechten
2271 3120 3259 3192 Weg zu finden und in dem scheinbar Unfaßlichen
2281 3166 2941 3238 das Ewig=Menschliche zu offenbaren.
2341 3209 3274 3279 Die Rolle Hofreiters spielte Herr Korff mit einer
2272 3267 3252 3319 samosen Verbindung von Liebenswürdigkeit, Tempera¬
2268 3308 3266 3380 ment und Zynismus. Sein ganzes Wesen atmete den
2262 3354 3267 3423 Hauch frisch zugreifender Lebensfreudigkeit, die er im
2267 3400 3268 3470 gegebenen Augenblicke ohne große Geste ins Gegenteil
2268 3450 3263 3497 zu verkehren wußte. Fräulein Marberg glich als
2267 3490 3264 3541 Genia einem schönen Bilde, das mehr in der Dar¬
2272 3529 3262 3586 stellung hoheitsvoller Ruhe als in der trauernden Miene
2272 3575 3267 3640 den seelischen Schmerz zum Ausdrucke brachte. Nur in
2260 3612 3255 3682 der Szene mit Frau v. Aigner — da sich das Leid in
2267 3659 3252 3729 Tränen auflöst — schien die Starrheit zum Leben zu
2264 3705 3269 3750 erwachen. Prächtig war Fräulein Hofteufel als
2259 3744 3254 3810 Erna. Willensstarke und absolute Hingebung vereinte ihr
2264 3788 3257 3850 Spiel zu seltener Harmonie. Den Hoteldirektor gab Herr
2265 3833 3250 3880 Devrient mit sicherer Ueberlegenheit. Die Ent¬
2264 3875 3254 3923 täuschung der geschiedenen Frau wußte Frau Bleibtreu
2265 3922 3263 3982 mit Würde zu tragen. Sehr gut war Herr Gerasch in
2265 3963 3255 4029 der Rolle des Fühnrichs. Als Dr. Mauer war Herr
2259 4004 3254 4073 Paulsen von schlichter Innigkeit. Ein wahres
2265 4047 3285 4117 Musterexemplar eines Hoteiportiers lieferte Herr
2255 4089 3258 4152 Thimig, dessen sichere Regieführung gleichfalls warme
2266 4132 2633 4191 Anerkennung verdient
