3344 4256
655 61 733 127 W
1351 61 1813 156 box 28/4
238 62 1202 174 24 DsteLand
951 662 2638 734 638 Mhiimmimmmimmmmmmmmmmmmtmmmmmmmmnm Friedrich Düsel: Ainmmmmmmmmmmmminmmmmmmmmimmmiminhnim
947 752 2640 820 #terung gewesen, sie schuldig zu wissen, schon zur ahnen dürften, daß hinter diesem sichtbaren Aus¬
948 810 1787 866 Beruhigung seines schlechten Gewissens, ist er
1798 814 2648 864 gang in der Ferne der Tage vielleicht doch noch
953 850 1788 901 doch gerade wieder dabei, seinem lechzenden In¬
1803 857 2649 914 ein andrer uns unsichtbarer liegt, ein Tag, der die
954 891 1785 952 gend= und Eroberungsdrang in Erna Wahl ein
1799 900 2647 941 Gatten, ihn in sehend gewordener Resignation, sie
953 943 1788 996 neues Opfer darzubringen, ein ganz junges noch
1797 945 2638 1005 in unerschütterter, nur zur Mütterlichkeit gedämpf¬
954 976 1784 1029 dazu, eine Sentimentalitätslose und Unbeküm¬
1792 986 2640 1046 ter Liebe, an der Hand ihres aus der Fremde
952 1026 1789 1078 merte, schon eine von dem neuen unbedenklichen
1806 1034 2590 1091 heimgekehrten Kindes zueinander zurückführt.
954 1070 1798 1133 Geschlecht, das um uns herum auswächst. Und
1826 1077 2642 1131 Das Thema von dem weiten Lande, in dem
946 1112 1791 1176 glückgesegnet wie er ist in allem, was er will
1802 1116 2637 1176 wir schwankende und irrende Gestalten uns nicht
950 1155 1785 1215 und möchte: das Schicksal gewährt ihm den
1806 1162 2641 1215 zurechtfinden, weil Treue und Verrat, Liebe und
948 1205 1789 1256 Wunsch. Als er vom Gebirge, wo die neue Ge¬
1798 1211 2640 1251 Haß, Gleichgültigkeit und Leidenschaft sich so zum
948 1246 1789 1299 liebte sich ihm im Sturm gegeben, herunter ins
1800 1251 2643 1306 Verwechseln ähnlich sehen, wird bei Schnitzler
951 1291 1790 1338 Tal steigt, findet er seine Frau — war's Troß,
1803 1294 2651 1340 mit einer Fülle von Geist und Witz polyphonisch
953 1332 1794 1383 war's Lanne, war's Rache oder nur vage Sehn¬
1791 1341 2643 1385 in schier endlosen Variationen abgewandelt. Nur
951 1381 1722 1445 sucht und trostsuchendes Einsamkeitsgefühl?
1795 1380 2651 1439 vor dem Buche, nicht vor der Bühne ist man
955 1428 1792 1483 in den Armen eines Marinefähnrichs, dem außer
1799 1430 2640 1488 imstande, all den dichten Verschlingungen und
948 1473 1787 1511 seiner Jugend nichts weiter zu dieser Gunst ver¬
1804 1469 2646 1525 seinen Zerfaserungen zu folgen, so sicher dieser
947 1515 1789 1566 bilft, als daß er eben da ist, während der andre
1791 1514 2643 1571 an Ibsen geschulte Meister des analytisch=synthe¬
951 1550 1788 1607 sern. Nun könnte der Ehemann ja wohl Halle¬
1798 1560 2646 1625 tischen Dialogs auch die Fäden der Handlung
951 1604 1790 1655 Iuj. Lugen, und eine französische Komödie würde
1798 1598 2644 1665 und der Charakteristik in der Hand hält. Das
945 1644 1789 1689 in der Tat alles hübsch glatt und grad auf¬
1791 1648 2645 1697 Kultivierteste, was dem Drama allenfalis noch
954 1686 1791 1748 gehen lassen. Bei Schnitzler aber — und das
1794 1692 2639 1747 möglich, hier ist es erreicht. Weiter vermag eine
958 1732 1787 1788 allein schon macht ihn zum seherischen Psycho¬
1792 1738 2633 1778 Dichtung der Bühne den sich kräuselnden, ver¬
947 1766 1794 1837 logen und Dichter vor hundert andern — springt
1803 1776 2655 1837 schwebenden und zerflatternden Wölkchen latenter
955 1818 1788 1862 der Mechanismus „Wie ich dir — so du mir“
1805 1820 2640 1866 Gesühle schlechterdings nicht zu folgen, will sie
955 1863 1782 1920 gerade jetzt aus dem Räderwerk: der Ungetreue
1805 1863 2642 1915 sich nicht versteigen — eine Gefahr, die diesem
954 1908 1793 1963 aus Profession, der sich noch vor kurzem nichts
1795 1910 2643 1971 Stücke schon ganz nahe auf den Leib rückt. Sie
950 1945 1789 2007 sehnlicher wünschte als eine Vergeltung, ver¬
1803 1954 2636 2009 vermöchte es selbst dann nicht, wenn das Wun¬
949 1993 1784 2043 wandelt sich auf einmal in den beleidigten Ehe¬
1804 2000 2646 2057 der Wirklichkeit würde, daß alle sieben tragenden
954 2036 1791 2091 herrn und provoziert den Nebenbuhler auf die
1801 2039 2634 2101 Rollen so seinhörige und auch im Differenzierte¬
946 2080 1785 2137 brutalste Art von der Welt. Das Duell ist un¬
1800 2087 2647 2136 sten sicherstellige Darsteller fänden wie im Berliner
953 2133 1788 2182 vermeidlich; schon morgen früh soll es ausge¬
1794 2127 2633 2190 Lessingtheater Frau Genia in Irene Triesch
958 2170 1789 2235 sochten werden. Bis dahin steht das „Tragisch
1796 2175 2652 2238 und ihr weibliches Gegenbild, die klare, reinliche
955 2219 1789 2276 oder Komisch?“ noch auf des Messers Schneide.
1792 2219 2642 2271 Schauspielerin, in Mathilde Sussin. Diese
941 2260 1787 2311 Ja, auch als wir im letzten Akt Friedrich Hof¬
1790 2260 2642 2322 beiden in dichtergetreuer Gestaltung zu übertreffen,
940 2308 1783 2359 reiter im Gehrock und Zylinder heimkommen
1796 2307 2643 2351 wird auch Schnitzlers Heimatstadt sich schwerlich
956 2350 1793 2399 sehen, gelassen, ruhig, mit seiner alten boshaften
1792 2355 2638 2414 rühmen können, während es Herr Korff als
954 2390 1787 2441 Ironie gewappnet, können wir noch hoffen, die
1798 2393 2646 2441 Hofreiter und Fräukein Hofteufel als Erna
958 2437 2634 2492 „Tragikomödie“ von dem weiten Land werde Wahl im Wiener Burgtheater leicht genug gehabt
951 2470 2644 2529 ihren Akzent auf die dritte statt auf die erste haben werden, Herrn Monnard und Fräulein
944 2521 1785 2577 Silbe nehmen, aus dem Knäuel der halben Ge¬
1782 2527 2646 2602 Herterich, ihre Berliner Rivalen, durch Weltton
943 2562 1789 2620 fühle und verwegenen Spielereien werde sich die
1800 2571 2317 2633 und Echtheit zu beschämen. —
946 2612 1793 2657 Komödie der nur zeitweilig verdunkelten Treue
1826 2609 2604 2674 Was ist nicht Spiel, was wir auf Erden treiben,
952 2654 1793 2704 entwirren, die reuig zum häuslichen Spinnrocken
1828 2661 2608 2708 Und schien es noch so groß und tief zu sein? ...
944 2697 1792 2758 zurückkehrt. Aber Schnitzlers — ja, man muß
1830 2702 2583 2743 Wir wissen nichts von andern, nichts von uns;
1817 2734 2516 2807 Wir alle spielen — wer es weiß, ist klug!
949 2744 1798 2804 hier leider sagen: launische, nicht überzeugende
944 2790 1785 2849 Willkür will es anders und brutaler. Der große
1801 2766 2647 2851 Diese Verse aus Schnitzlers „Paracelsus“ klin¬
951 2826 1782 2879 Unpathetische zielt wirklich, zielt kalt und über¬
1798 2838 2639 2889 gen auch aus seiner neuen Tragikomödie vom
951 2876 1786 2937 legt auf des Gegners Herz und streckt ihn tot
1798 2882 2641 2935 weiten Land der Seele herauf, in der sich das
950 2921 1789 2972 in den Sand. Nur weil ihn der junge, freche
1801 2924 2643 2980 lustige Rakett plötzlich in die mörderische Pistole
939 2968 2636 3008 Blick reizt und ärgert, ihn, dessen Schläfen schon verwandelt: es ist sein altes, immer wieder¬
947 3008 1790 3053 das mahnende Alter anfängt grau zu färben ...
1789 3014 2630 3067 kehrendes Thema. Max Dauthendeys Drame
952 3047 1789 3107 Wir zucken zusammen, doch der Schauer vor der
1801 3059 2642 3118 „Spielereien einer Kaiserin“ (Bachausgabe
947 3089 1782 3151 grinsenden Roheit der Lebens, der uns für einen
1793 3097 2644 3155 bei Langen, München), das erste, mit dem sich
948 3141 1780 3190 Augenblick anrührt, weicht bald dem eklen Schau¬
1791 3142 2638 3206 der empfindungsstarke Lyriker das Theater erobert
949 3184 1788 3239 der vor diesem Spieler um Güter, die ihm nicht
1795 3187 2637 3251 hat, greift verwandte Töne, aber es sind recht
943 3232 1784 3285 gehören. Das bißchen Entsagung, das er sich durch
1798 3226 2639 3276 ungeschickte Finger, die sich da auf dem Instru¬
950 3268 1787 3323 den Verzicht auf die auch jetzt noch zum Aus¬
1792 3277 2639 3341 ment der Bühne versuchen. Dauthendeys Heldin,
942 3318 2646 3360 harren entschlossene Geliebte auferlegt, kann ihn eine Heldin, die während der sechs Akte — denn
937 3357 2654 3425 nicht entfühnen — wenn, ja wenn wir nicht etwa Vorspiel und Epilog zählen mit — kaum von
