3392 4352
1364 103 1824 202 box 29/2
234 110 1231 218 24. Das weiteLand
260 1231 3276 1288 Bankiersfrau Schluß gemacht und fängt mit Erna; Entbehrt denn das Werk jeglicher Tragik? Was Charaktere. Und um so unverständlicher, kompli
275 1270 2297 1333 an, einem jungen Mädchen, das zuerst stark gei= wollte Schnitzler denn eigentlich mit dieser Fülle
2278 1282 3254 1333 zierter und unklarer werden diese Charaktere,
279 1313 2293 1372 stig auftritt und sich später als lüsternes Gänschen der Gesichter, mit dieser Szenenfolge, die anschei¬
2269 1311 3268 1370 unerwarteter immer wieder eine neue Regung i
134 1334 291 1401 Male:
280 1355 2286 1413 entpuppt. Hofreiter gibt sich keine Mühe, keine] nend ohne inneren Zusammenhang, ohne die
2275 1348 3279 1410 ihrer Seele auftaucht. Man hat bisweilen dal
149 1380 286 1455 rthur
284 1391 3289 1442 vergnüglichen Abschweifungen von der langweili= alles verbindende Idee, Gespräche auf Gespräche! Gefühl, als menn Schnitzler die Sache über bei
349 1431 2296 1498 nChaussee der Ehepflicht zu verbergen, ja er häuft und als amüsante Unterbrechungen Kon¬
2280 1438 3287 1489 Kopf gewachsen ist, als wenn er anfangs mit si
140 1451 294 1520 sreise
276 1466 2282 1523 treibt auch seine ihn vergötternde Frau systema= stellationen des „Changers les dames“! Freilich
2275 1472 3285 1527 komplizierten Charakteren gar nicht gerechnet hat
140 1505 294 1559 wald¬
1284 1505 2295 1572 diese Leutchen, die ihr zynisches Empfindungs¬
285 1500 1300 1563 tisch in den # bruch. Er bedauert wortreich den
2274 1510 3292 1565 als habe nicht er die verschiedenen Empfindungen
167 1546 297 1594 Ge¬
286 1545 1297 1604 Künstler, derch aus unerwiderter Liebe zu sei¬
2277 1550 3292 1620 in die Seelen seiner Geschöpfe hineingelegt, son
1278 1543 2285 1594 leben stets mit schönrednerischen Falten drapie¬
276 1590 1291 1641 Iner, Hofrei###s, Frau erschossen, und macht ihr
2285 1590 3292 1635 dern als seien diese ohne sein Zutun entstanden.
1287 1585 2286 1644 ren, die ihre Ironien und Selbstironien frei spie¬
138 1621 291 1680 Norb¬
288 1621 1291 1680 kaum verhüllte Vorwürfe, daß sie ein hoffnungs¬
1275 1619 2298 1687 len lassen, und die sich selbst kaum einen Augen¬
2280 1631 3302 1674 je weiter er in seine Arbeit hineingewachsen ist.
137 1662 291 1717 n dem
290 1670 1289 1727 reiches, junges Leben durch ihre Unbarmherzig¬
1284 1647 3302 1725 blick ernst nehmen, sind keine tiefen, problemati= Er hat den Stoff zu sorgfältig nach allen Seiten
144 1701 294 1756 hinnen,
293 1698 3310 1751 keit geknickt hat. Genta, die aus Liebe zunächst schen Naturen, die uns Anhalt und Basis geben, gewendet und beschaut, und statt zwingende Ein¬
173 1746 295 1787 son¬
280 1741 1295 1801 und dann auch aus einem gewissen „Reinlichkeits¬
1283 1736 3309 1802 auf der wir eine neue Sittlichkeit oder Lebensan= fachheit des Aufbaues walten zu lassen, hat er in
233 1783 1294 1830 osl gefühl“, den verführerischen Anbeter zurückgewie¬
1277 1780 2288 1839 schauung aufbauen könnten. Von Tragik im wah¬
2276 1778 3306 1848 dem Streben, ein buntes Weltbild zu malen,
141 1811 1300 1871 chtigen sen hat, „revonchiert“ sich aber schließlich doch noch,
1279 1821 2282 1888 ren Sinne also nichts; und doch in den letzten bei¬
2287 1823 3310 1885 Prismen funkeln zu lassen und erstaunlichen.
133 1850 1296 1908 rodeln indem sie dem Beispiel der anderen folgt, und sich
1288 1863 2068 1908 den Akten eine packende Theatralik,
2083 1844 3305 1922 eine die Reichtum zu zeigen, die Fabel übermäßig weit
142 1889 291 1952 ehmen
1283 1898 2243 1964 Spannung in Atem haltende Bühnenwirkung!
2278 1903 2576 1954 ausgedehnt.
286 1894 1293 1949 einem blutjungen Fähnrich an den Hals wirst.
2554 1891 3294 1960 Die Bühnenwirkung fehlt dem
135 1929 301 1992 Sinne,
283 1928 1294 1998 Hofreiter sieht ihn nächtlicherweile aus dem
2278 1930 3304 1989 Stücke keineswegs, aber die ihm innewohnende
1336 1924 2296 1998 Und noch eins, das nicht vergessen werden
134 1963 303 2024 ne ur¬
280 1976 1283 2028 Schlafzimmerfenster seiner Frau steigen. Aber er
1283 1971 2286 2025 darf: Dieser Wiener Naturalismus hat seine Be¬
2278 1972 3293 2020 Theatralik verliert anfangs ihre Kraft im Geplau¬
2275 1999 3294 2066 sche des gelstreichen Planderers, der Szene für
133 2014 1288 2070 rührte kauft sich ihn nicht gleich. Im Gegenteil, er spot¬
1280 2011 2287 2066 rechtigung, der mit einem eigenartigen Gemisch
134 2045 1290 2116 ybari= tet noch über die Hörner, die ihm aufgesetzt sind.
1279 2053 3304 2115 von Spott und Bitterkeit, Resignation und Weh= Szene, Akt für Akt durch feine Worte. glitzernde
155 2080 1299 2139 Egoi= Dann aber bricht er mit dem Nebenbuhier
1279 2093 3308 2152 mut in das Leben unserer Zeit schaut, dort, wo! Aphorismen, überraschende Knallbonbons nur!
138 2126 295 2186 hleimi¬
1279 2124 3296 2183 die sogenannten Gebildeten, die „Stützen der Ge= Traurig=Lustiges über das Süßeste und Wichtigste
277 2122 1288 2182 einen Streit vom Zayne und schießt ihn
225 2166 305 2222 ist
278 2161 1284 2224 kaltblütig über den Haufen. Weshalb? Weil er
137 2167 225 2221 Fele
1283 2172 2282 2224 sellschaft“, hausen und sich in all der offenen und
2277 2164 3303 2226 des Daseins, die Liebe, erzählt. Der Strom sein;
138 2197 299 2265 äblige
283 2203 1309 2254 die beleidigte Gattenehre reinwaschen will? Nein,
2282 2211 3304 2263 ziselierter Worte fließt schnell und reichlich, aber
1286 2212 2289 2263 verborgenen Herrlichkeit ihrer Seele manifestie¬
2276 2241 2390 2300 es
142 2238 288 2304 k oder
2372 2245 2862 2308 fehlen ihm zuerst
1284 2242 2283 2305 Iren. Dieser von Schnitzler vertretene Wiener
277 2241 1299 2302 so viel Ehrgefühl steckt nicht in dieser schlassen
2841 2244 3049 2303 Strudel,
3152 2250 3295 2307 eine
128 2278 297 2338 n und
280 2279 1291 2335 Seele, sondern aus wilde mGrimm gegen den
1285 2279 2280 2342 Naturalismus — von anderer Art, als der un¬
2283 2289 3291 2352 Fahrt auf ihm zu einem spannenden Ereignis
2288 2326 2461 2386 machen
279 2320 1290 2386 begünstigten Rivalen und überhaupt, weil's nach
1288 2327 2287 2382 barmherzige nordbeutsche Wirklichkeitsfanatis¬
169 2331 300 2422 eien
280 2359 1283 2418 dem Ehrenkodex so Brauch ist. Sonderbare Men¬
1278 2360 2042 2419 mus, und ihm doch nahe verwanot
2060 2356 2292 2427 läßt den
1281 2394 2288 2460 Pulsschlag jener Welt fühlen, behorcht die Stim¬
288 2395 1287 2452 schen, die allen möglichen und unmöglichen See¬
2325 2392 3285 2459 Diese Art des Dichters verpfichtet die
1288 2444 2288 2503 men und die Stimmung, die unter der gleißneri¬
276 2440 1287 2510 lenregungen Raum geben, denn ihre Seele ist ein
2271 2441 3294 2497 Regie, der Inszenierung und dem Zusammen¬
167 2477 305 2544 ihre
1278 2482 2288 2533 schen Oberfläche heimlich, unheimlich sich breit
289 2478 697 2558 weites Land ...
2285 2480 3296 2547 spiel einen subtilen Schliff zu geben. Die Insze¬
139 2505 294 2575 sten zu
1278 2518 2285 2569 macht und ist so ein sensitives, untrügliches Baro¬
2277 2521 3288 2588 nierung war zum größten Teile gelungen, das
130 2538 295 2619 e Land
1289 2564 2289 2631 meter der Wiener „Kultur“, die es so herrlich weit
324 2550 1284 2613 Können solche Menschen die allesamt nach rein
2277 2555 3291 2614 Zusammenspiel vollkommen. Der lauschige Gar¬
138 2591 295 2654 erb e¬
1283 2596 2054 2663 gebracht hat. Vielleicht auch unsere?
271 2587 1293 2652 egoistischen Motiven handeln, Träger eines kraft¬
2277 2603 3299 2662 tenausschnitt aus dem Parke der Hofreiterschen
147 2632 288 2691 asthe¬
279 2638 1298 2698 vollen Dramas, einer wuchtigen Tragödie sein?
2283 2633 3298 2700 Villa mit seinen Bosketts, den blendenden Wie¬
138 2678 303 2732 Zehn¬
281 2674 1304 2741 Unmöglich; denn ihre nihillstisch sentimentale Le¬
2273 2675 3300 2738 ner Korbmöbeln, dem weißleuchtenden Garten¬
139 2707 305 2772 kreuz
282 2717 1296 2773 benswelsheit vernichtet à priori jeden Heldenwil¬
1332 2699 2304 2763 Schnitzler ist weniger Dramatiker alls Ge¬
2277 2727 3295 2785 zanne, über den im Hintergrund die sanft ge¬
125 2744 290 2806 en und
276 2755 2290 2814 len und damit jede wirkliche Tragik. Die einzige sellschaftsphilosoph. Ein Intellektueller, ein nach¬
2283 2760 3294 2811 schwungenen Linien des Wiener Waldes anhei¬
128 2788 293 2847 nischen
287 2790 1294 2845 Tragik, von der sie heimgesucht werden, ist die,
2284 2801 3295 2864 melnd traulich herübergrüßten, war von überra¬
1283 2798 2290 2849 denklicher Kopf, der mit scharfen Blicken seine
139 2832 292 2899 rquick¬
1282 2831 2285 2886 Umwelt beobachtet und die Menschen darin mit
2865 2838 3300 2897 s war ein Geschenk
2280 2840 2844 2899 schend malerischer Plastik.
275 2755 1290 2926 Meieit eteltreiteher
1282 2866 3300 2933 all ihren Regungen: Liebe und Haß, Sehnsucht geschmackvoller, stimmungsfeiner Bühnenillusion,
283 2920 1290 2967 nen, so viele sich ihnen auch zu eigen gegeben ha¬
1288 2898 2287 2961 und Zynismus, Treue und Verrat, verstandes¬
2263 2912 3285 2963 das man mit noch mehr Freude genossen hätte,
287 2952 1298 3020 ben, daß sie dann erschauernd am Ende ihren „ein¬
1276 2948 2291 3004 mäßig durchforscht. So ist auch seine Tragikomö¬
2272 2942 3299 3009 wenn das Landhaus mit mehr Liebe und Sorgfalt
134 2975 307 3041 aumei¬
283 2981 878 3059 samen Weg“ gehen müssen.
1278 2990 3280 3044 die eine an psychologischen Feinheiten reiche in dies Milien hineingepaßt hätte. Die dachlosen
135 3019 296 3082 te und
745 3034 3292 3081 at ja gar keine Tragödie Dichtung. Aber da die Seele ein weites Land [Kulissenwände, die nicht einmal die gleiche Höhe
341 3010 714 3089 Aber Schnitzler
132 3064 1304 3119 kiz, die schreiben wollen, sondern uns eine Tragikomödie,
1280 3065 3286 3127 und die Funktionen unserer Nervenbündel unbe= hatten, wirkten mit ihren gemalten Fenstern
1276 3101 2291 3155 rechenbar sind, so schwelgt Schnitzler förmlich in
144 3110 1300 3157 en und wie der Titel sagt, beschert. Gemach! Eine Tra¬
2279 3110 3306 3162 greulich ernüchternd. Einheitlicher war das Ho¬#
1288 3147 2287 3194 den Aeußerungen und Regungen komplizierter
135 3150 1287 3198 er ne¬gödie soll das Stück im Grunde sein, das Komö¬
2286 3151 3296 3191 telvestibül mit seinem recht natürlichen Getriebe,
1284 3173 2306 3247 Psychen. Jede Person, die nur einigermaßen zur
139 3185 1299 3244 trägt dienhafte steht nur in den Nebenthemen, in aller¬
2286 3178 3296 3256 seinem Lift, seiner Treppe und seinen bequemen
121 3224 3294 3275 im tie= hand kleiner Gesellschaftssatire, in der Verhöh= Idee des Stückes in Beziehung steht, hat ihre be= Klubsesseln. Und über der ganzen Aufführung
134 3256 3291 3315 u und nung der Tennisfexerei, in niedlichen Witzen über lsondere Regung; für die im Mittelpunkt der dieser Tragikomödie lagerte, das war die Haupt¬
134 3287 2449 3342 liebelt Rucksacktouristen und in sonstigen die eigentliche Handlung Stehenden aber hat er sie dutzendweise sache,
2429 3303 3299 3357 trotz aller äußerlichen leuten Lustigkeit,
137 3337 1215 3411 sockeren Tragödie umrankenden Begleiterscheinungen.
1267 3336 3308 3407 auf Lager, und so entstehen schwer definierbare' die beklemmende Stille, unter der die unheimliche
