3392 4320
674 116 738 173 W
1364 115 1828 205 box 28/5
263 101 1212 213 24. Das Leite Land
526 421 1074 528 schnell, complett, preiswert.
320 521 518 614 itung:
319 625 456 706 um:
542 663 941 746 17.012. 1911
726 774 1067 859 Feuilleton.
1485 766 2622 885 das Stück, Blättermeldungen zufolge, einen von Akt zu
1483 828 2617 918 Akt steigenden Erfolg, in Berlin wurde es ohne Enthu¬
406 806 1463 905 * Thegfer=Premieren. Aus München wird uns
1481 862 2620 944 siasmus, aber mit Freundlichkeit, ausgenommen. Aus
324 872 1462 960 Ggeschriebenk Arthur Schnitzlers fünfaktige Tragi¬
1481 908 2615 1001 Mainz wird berichtet, daß das Publikum bereits durch
324 919 1466 984 komödié „Das werre=Land#fand bei der Urauffüh¬
1485 940 2613 1036 die Länge der beiden ersten Akte ermüdete und nach dem
329 951 1465 1038 rung im Kgl. Residenztheater am 14. Oktober eine sehr
1481 982 2603 1054 britten Akt schon Zeichen der Ablehnung zeigte. Der
334 993 1462 1085 kreundliche Aufnahme, so daß Regisseur Basil für den
1469 1032 2613 1098 Schluß brachte eisiges Schweigen, wenn nicht gar offene
324 1020 1442 1111 abwesenden Autor danken konnte. „Das weite Land“
1475 1057 2609 1159 Ablehnung. Vereinzelter schwacher Beifall galt den ein¬
324 1078 1461 1156 ist die Seele, von der Schnitzler behauptet, daß sie ein
1480 1091 1887 1162 heimischen Kräften.
322 1118 1464 1197 absolutes & sei. völlig unberechenbar Alle Personen des
1539 1145 2599 1221 „Die Hydra“ ein dreiaktiges Lustspiel ohne Ehe¬
331 1160 1451 1232 Stückes, vom stolzen Fabrikanten Hofreiter mit seiner
1477 1172 2600 1264 bruch und Situationskomik von Karl Ettlinger,
325 1192 1453 1281 Frau Genia bis zum tückischen Bankier Natter, handeln
1473 1218 2598 1293 dem bekannten „Karlchen“ der „Jugend“, hatte bei der
313 1231 1447 1309 gewissermaßen außer jeder Verantwortung. Die Han¬
1464 1263 2602 1341 Uraufführung im Münchener Schauspielhause einen
319 1272 1456 1346 delnden sind von ihren eigenen Seelenregungen selbst
1471 1296 2600 1384 großen Lacherfolg. Der Schwank behandelt in ulkiger
309 1310 1448 1388 am meisten überrascht. Bei diesen Seelenzuständen
1471 1336 2594 1409 Weise das Theater. Direktoren, Schauspieler, Dichter,
321 1350 1447 1421 handelt es sich, wie immer bei Schnitzler, natürlich um
1459 1373 2602 1469 Theateragenten sind die Sprachrohre für eine Menge
320 1388 1454 1466 „Liebelei“. Ein bißchen „Sterbelei“ ist bei dem Wiener
1468 1418 2589 1480 guter Witze. Man ist eben nicht ungestraft Witzblatt¬
316 1424 1445 1507 Autor jedoch auch immer dabei. Auch das obligate Duell
1458 1451 2598 1553 redakteur. Es hieße dem amüsanten Witzraketenfeuer
317 1454 1445 1547 ist da. Ein festes Gefüge fehlt dem Drama, es ist im
1454 1489 2583 1572 Unrecht tun, wollte man nach Handlung, Charakterzeich¬
301 1486 1446 1586 Grunde ja auch gleichgültig, an welchen Paaren und
1464 1530 2590 1616 nung und ähnlichen Dingen fragen. Gespielt wurde die
312 1547 1441 1630 Pärchen Schnitzler seine Wienerische Philosophie mora¬
1463 1574 2586 1664 Schnurre recht lustig. Besonders Waldau als bekehrter
310 1566 1441 1665 lischer Knochenerweichung demonstriert. Er hat jeden¬
1450 1601 2214 1686 Idealist hatte vortreffliche Momente.
307 1626 1446 1701 falls den Beweis erbracht, daß auch mit völlig moralin¬
1536 1649 2585 1721 Die dreiaktige Komödie „Bürl“ von Arno Holz
315 1658 1435 1741 freien Stimmungen — Marlittsche Wirkungen zu er¬
1455 1676 2585 1762 und Oskar Jerschke errang bei ihrer Uraufführung
297 1702 1445 1785 zielen sind. Fade Romanluft wehte von der Bühne
1463 1728 2588 1814 im Berliner Neuen Schauspielhause einen stürmischen
302 1741 1447 1823 herab. Keine der Gestalten gewinnt wirkliches Leben, doch
1450 1775 2596 1870 Heiterkeitserfolg, der auch nach dem dritten Akt anhielt,
296 1775 2518 1885 machte manches seine Wort aufhorchen, wie das von der Jobwohl dieser gegen die beiden ersten etwas abfällt.
303 1815 1443 1894 „Herzensschlamperei“. Leider ist es einer ganz verzeich¬
302 1860 1442 1956 neten Figur, einem humor= und salzlosen Doktor Mauer,
299 1898 1428 1958 der die Moral im Stück zu vertreten hat, in den Mund
293 1928 1424 2014 gelegt. — Dasselbe Stück wurde an demselben Tage u. a.
302 1978 1432 2054 auch im Burgtheater zu Wien, in Berlin im Lessing¬
290 2011 1469 2112 theater und in Mainz aufgeführt. In Wien fand
1972 2587 2790 2736 Fräuiseher Courier, Mürnden
290 2734 603 2825 Zeschnn. „.
2162 2733 2512 2843 11710 11
515 2798 1393 2888 „#eerliner Börsen Courier, Borlin
1883 2790 2880 2912 S. In München hat am Samstag obend im
376 2814 617 2902 17 0e1
713 2842 1204 2947 Morgenausgabe
1809 2825 2868 2962 Residenztheater die Uraufführung von Ar¬
292 2876 636 2969 mals hervor.
1819 2892 2856 3006 tur Schnitzlers fünfaktiger Tragikomödie Das
391 2926 1403 2983 Derselbe Abend brachte uns im Residenz¬
1805 2926 2853 3045 weite Land“ stattgefunden. 13 Bühnen deutscher
319 2969 1395 3031 theater eine der zahlreichen gleichzeitig erfolgten
1808 2981 2859 3085 Sprache beteiligten sich an dieser „Simultan“=Urauf¬
324 3006 1389 3083 Uraufführungen von Artur Schnitzlers Tragi¬
1802 3007 2851 3124 führung. In dem Dichter Schnitzler steckt aber auch
339 3060 1385 3123 komödie „Das weite Lant——hiehter, wie ich
1796 3077 2850 3171 kaufmännisches Talent. War dem Stück schon durch
335 3087 1397 3150 bereits telegraphisch meldete, zunächst das Publikum
1804 3113 2855 3217 eine höchst geschmackvolle Inszenierung seitens des
331 3148 1382 3200 nicht recht erwärmte, dann aber — vom dritten Akte
1798 3151 2850 3264 Regisseurs Basil und durch eine geradezu glän¬
335 3181 1392 3236 ab, der die ideelle Deutung bringt — mehr und mehr
336 3228 1395 3270 in den Bann des Dichters zog und zuletzt einen aus¬
1809 3205 2804 3297 zende Darstellung ein äußerer Erfolg gesichert, so
327 3257 1389 3312 gesprochenen Erfolg erzielte. Für den sehr lebhaften
1807 3245 2847 3349 darf man doch wohl sogen, daß der von Akt zu Akt
335 3310 1384 3359 Schlußapplaus dankte im Namen des Autors Regisseur
1791 3279 2848 3401 sich steigernde Beifall nicht minder auch dem Dichter
322 3345 1387 3391 Basil, der das Stück in schönem, zum Teil neuem
1789 3341 2848 3433 galt. Steinrück als Fabrikanten Hofreiter ge¬
325 3386 1395 3457 dekorativen Rahmen mit gewohnter Sorgfalt inszeniert
1793 3373 2831 3484 bührt vor allem uneingeschränktes Lob. Das war
324 3416 1394 3485 hatte. Hier wurden die Hauptrollen von den Herren
1784 3416 2835 3524 eine Gestalt, unserer Gesellschaft so wahr und echt
330 3468 1387 3513 Steinrück (Fabrikant Hofreiter) und v. Jacobi
1784 3462 2839 3554 entnommen, wie sie eben nur ein Schauspieler der
319 3511 1381 3573 (Fähnrich), den Damen v. Hagen. (Frau Genia),
1783 3511 2835 3595 Sonderklasse hinzustellen vermag! Wie unser Herr
330 3549 1384 3597 Dandler (Frau Aigner) und Michalek (Erna)
1779 3551 2837 3659 sch.=Mitorbeiter aus Leipzig schreibt, hot dort
334 3593 1387 3642 mit trefflicher Kennzeichnung gegeben. Der Gesamt¬
1774 3595 2836 3714 die Tragikomödie im Neuen Theater nur einen Ach¬
335 3632 1413 3684 eindruck litt übrigens hier merklich unter den Längen.—
1771 3637 2184 3715 tungserfolg erzielt.
326 3672 1404 3744 des Dialogs und auch der Zwischenakte; die Vör¬
322 3713 888 3772 #ellong wähete bis 11 Uhr
1754 4055 1833 4120 —
2643 4035 3025 4128 ———
