3392 4384
668 255 798 318 WE
493 255 560 317 D
1090 251 1189 320 n
1314 250 1822 348 box 29/1
265 252 1228 366 24. Las 11e Lan
473 1579 2484 1640 dabei: die Inszene zeugte von dem oft bewährtenj eingungen annehmen, wenn sich die Türtel der¬
473 1635 1487 1690 Geschick in der Regieprüfung. Erfreulich war weiter¬
1491 1637 2490 1694 pflichte, gegen die Italiener auf ottomanischem Ge¬
467 1676 1478 1735 hin die Beobachtung, daß unsere Bühne in Adol]
1491 1674 2489 1730 biet keine Repressalien zu ergreifen. Die Türkei
470 1716 1484 1778 Mehner und Johanna Flessa zwei Dar¬
1490 1715 2488 1774 verharrt indes nach wie vor auf der Forderung
1481 1754 2487 1823 der türkischen Souveränität über Tripolis, wie
476 1752 1486 1796 steller von hohen Qualitäten gerade für das mo¬
473 1792 1484 1832 derne Schauspiel besitzt. Mehner''s Hofreiter war
1485 1789 2281 1854 aus folgendem Telegramm hervorgeht:
472 1826 1483 1890 der überlegene Herrenmensch, weltmännisch, elastisch,
1536 1823 2484 1906 Paris, 14. Okt. Der Großwesir Said Pa¬
467 1876 1485 1920 vibrierend. Kleine Züge wie die verkniffene Kurz¬
1488 1875 2479 1923 scha telegraphierte dem hiesigen Botschafter Ri¬
473 1904 1477 1966 sichtigkeit, die Nonchalance, wo es ernst wird, setzten
1488 1917 2486 1962 saat Pascha, der Ausgangspunkt jeder diploma¬
477 1951 1480 2000 seiner den Part restlos ausschöpfenden Darstellung
1489 1958 2487 2018 tischen Vermittlung müßte die Anerkennung der
473 1982 1484 2042 scharfe Lichter auf. Mit solcher Frau Genia bot
1497 1997 2478 2057 nominellen Souveränität des Sultans
475 2024 1486 2087 Johanna Flessa ein glänzendes Debut. Das
1482 2038 2481 2089 über Tripolis seitens Italiens sein. Sollte Ita¬
463 2056 1476 2120 war eine fesselnd interessante Frau mit diesem Ver¬
1481 2071 2490 2147 lien ablehnen könnte die Türkei die Ausweisung
464 2104 1477 2158 haltenen, Undurchdringlichen, das Durchlebte klug
1478 2108 2334 2176 aller Italiener nicht mehr hinausschieben.
471 2148 1484 2207 verbergend. Dabei Dame sans phrase, nobel und
1600 2164 2413 2248 Begeisterung in Konstantinopel.
468 2185 1484 2239 voll Haltung und einer suggestiven Ausstrahlung
468 2215 1479 2267 tiefen feelischen Innenlebens. Für die Pflege der
1941 2225 2462 2293 Konstantinopel, 14. Okt.
473 2264 1476 2308 Moderne werden diese beiden Darsteller garantieren.
1541 2262 2485 2331 Das Komitee der Nationalen Vereini¬
476 2294 1482 2356 Desgleichen Georg John, der daneben als wacke¬
1490 2323 2480 2368 gung har gestern in Stambul große Bekannt¬
462 2345 1486 2395 rer, ehrlicher und treuherziger Freund abgeneigt allen
1485 2357 2483 2405 machungen angebracht, in denen die Bevölkerung
477 2384 1475 2428 „Herzensschlampereien“ rangierte. Der demi=vierge
1492 2398 2477 2450 zum Kampf gegen Italien bis aufs Messer
475 2422 1475 2471 Natur Erna's hielt Erika Nymgau ihre starken
1482 2437 2483 2485 aufgefordert wird. Der Aufruf schließt wörtlich:
471 2452 1481 2510 Ausdrucksmittel, sodaß sich das vorher tändelnde
1483 2478 2477 2527 „Wir werden eher Europa zertrümmern,
472 2488 1473 2553 oberflächliche altkluge Dämchen jäh in ein leiden¬
1482 2504 2486 2569 als der räuberischen italienischen Nation auch nur
471 2535 1472 2590 schaftlich sich geberdendes Weib wandelte. Adolf
1492 2552 2478 2596 einen Zoll unseres Landes abzutreten.“ Im
463 2571 1477 2626 Pfeiffer hatte sich eine hübsche Mischung von
1479 2586 2482 2637 Laufe des Tages hatten sich vor den Plakaten größe
471 2605 1472 2658 ironischer Welterfahrung und philosophischer Resig¬
1484 2624 2490 2667 Gruppen Neugieriger eingefunden, die Hochrufe auf
466 2653 1474 2711 nation zurecht gelegt. Gute Figuren waren ferner:
1476 2658 2484 2719 die türkische Armee ausbrachten und sich in
476 2690 1476 2731 Adele Darmer als schwergeprüfte Frau und
1487 2704 2473 2757 heftigen Schmähworten gegen Italien er¬
462 2724 1473 2778 Mutter; die ein bissel beschränkte Frau Wahl von
1488 2731 2481 2794 gingen. Die Wirkung der Bekanntmachungen war
473 2773 1469 2824 Agathe Decker; das Natternpaar Hans Ar¬
1486 2781 2482 2841 eine ungeheure. Bis zur späten Nachtstunde
475 2806 1473 2857 nold's und der Erna Bormann; der Par¬
1487 2820 2476 2881 stauten sich die Menschenmassen auf Straßen und
463 2844 1476 2889 force=Tennisspieler Karl Heinz Wolff's. Der
1480 2858 2360 2926 Plätzen, in denen der Aufruf zu lesen war.
466 2883 1476 2923 Marineleutnant Bernhard Reichenbach's
474 2923 1470 2976 war wiederum zu elegisch. Im übrigen erfreute die
1654 2903 2319 2984 Die Stellung der Araber.
472 2958 1473 3005 prächtige Gesamtdarstellung, die gegenüber den Aus¬
1524 2961 2483 3014 Nach einer Meldung der „Frankf. Ztg.“ aus Kon¬
474 3004 1469 3058 sichten für's Schauspiel nunmehr optimistische Re¬
1485 3011 2481 3074 stantinopel erklärte die Araberfraktion
476 3040 1467 3088 gungen aufkommen ließ. Was über den Eindruck
1476 3071 2485 3135 des türkischen Parlaments, die etwa 40 Abgeordnete
468 3078 1487 3134 des literarischen Ereignisses beim Publikum zu sagen
473 3111 2499 3196 wäre, entzieht sich unserer Beurteilung. S. N. Izählt, daß wenn die Türkei Tripolis
2510 1595 3176 1685 zu piesem Iweue Asestene
2554 1660 3326 1739 Die Revolution sorgsam vorber
2550 1733 3334 1795 Berlin, 14. Okt. Ueber die chinesisch
2496 1782 3325 1844 lution lauten die Nachrichten nach wie
2488 1826 3331 1886 drohlich. An hiesigen amtlichen Stel
2492 1878 3335 1931 heute aus Peking Nachrichten eingetroffen,
2499 1927 3343 1992 fiziell die Meldungen über die Vorgän
2497 1981 3330 2032 Wutschang bestätigen. Der Viz
2496 2022 3342 2088 von Nanking telegraphierte, daß die L###
2504 2073 3326 2140 sehr ernst sei. Aus Peking liegt die
2498 2123 3343 2176 vor, daß zahlreiche Enngländer und Amerik#
2491 2166 3327 2235 dem dortigen Wochenexpreß aus Hankau
2486 2220 3332 2278 werden. Die jüngst aus Hankau in ##
2502 2272 3335 2322 eingetroffenen Nachrichten bestätigen die pla
2496 2316 3324 2372 Agitation des Führers der Revolutionäre,
2486 2365 3341 2429 es scheint, auch in den bisher völlig ruhig gen
2490 2408 3333 2480 Provinzen zahlreiche Anhänger besi
2489 2464 3337 2542 Revolution ist anscheinend von lange
2495 2507 2903 2578 vorbereitet worden.
2528 2568 3334 2646 Das Interesse Rußlands und Ja
2542 2644 3336 2700 Die „Köln. Ztg.“ schreibt zum Beginn der
2491 2681 3335 2748 schen Revolution am Schluß eines länge
2492 2738 3315 2782 tikels, daß die Gefahren für China
2485 2775 3338 2835 internationalen Völkerkreis nur von aus
2488 2834 3329 2894 kommen könnten. Wie die Türkei und P
2485 2879 3328 2946 unter dem Einfluß benachbarter Mächte st
2482 2923 3336 2990 mache man in Rußland und Japan k##
2484 2979 3337 3042 daraus, daß man ein schwaches Chin
2492 3023 3328 3082 sehe als ein starkes. Beide Länder sind best
2494 3074 3320 3134 innere Krise Chinas so zu beeinflussen, daß
2496 3122 3316 3195 nicht stärker, sondern schwächer aus
