3392 4352
281 155 469 244 24.
1410 146 1822 239 bos 28/2
469 163 1219 252 Das weite-Land
525 1137 1066 1231 Berliner Tageblem
767 1336 1064 1451 24 10. 107
643 1419 885 1483 ——
1910 1422 1966 1506 M
3230 1451 3348 1548 1—.—
1606 1509 2853 1552 üblich ist im Balkangebirge, er hat kurz vorher sein Landgut um ein
643 1467 1348 1594 Wiener Tagebuch.
2903 1528 3354 1615 „Was stellen Sie sich den
1608 1549 2847 1621 paar tausend Kronen verkauft, ist die Tage über in Schenken und
2895 1577 3268 1638 Verlegenheitspause.
363 1548 1411 1657 (Von unserem Korrespondenten.)
1615 1590 2847 1648 Freudenhäusern gelegen, hat noch ein paar hundert Kronen in der
2897 1619 3264 1677 „Nun, was denn?“
1199 1611 1591 1694 (Nachdruck verboten.]
1619 1631 2498 1700 Rocktasche. Ein Balkanheld im Katzenjammer!.
2551 1649 2845 1708 So sehen doch
2901 1656 3343 1715 Endlich kommt eine Ante
420 1646 1599 1749 Denke ich zurück an all das, was man in diesem Herbst „Ereigns“
1614 1664 2853 1756 nicht die Elendsrevolteure aus!“ Aber mein Russe behielt das schiefe
2897 1705 3338 1761 Reden so politische Revol
365 1674 1602 1779 nennt, so sinken alle Theatervorstellungen, alle Klatschgeschichten, alle
1607 1710 2840 1779 Maul. denn eben jene Einmischung der gar nicht Betroffenen, die Mit¬
2838 1712 3349 1813 brüder“ im ganzen vierun
360 1742 1600 1820 Feuilletonwichtigkeiten sofort in einen großen schwarzen Abgrund der
1606 1759 2834 1833 wirkung der Dégenerés, berührte ihn heimatlich. Ich mußte an
359 1774 1604 1850 Unwesentlichkeit, und aus dem Halbdunkel der schon fast vergessenen
1606 1802 2840 1885 diesem Abend zu einer Operettenpremiere, das stimmt ja immer trist,
362 1827 1596 1899 Dinge treten ein paar grelle, erregte Massenszenen ins scharfe Licht
2887 1835 3342 1897 Das gemütliche Wien vo
1610 1843 2836 1926 aber diesmal sah ich auch noch das grün=bleiche Gesicht meines Russen
363 1871 1598 1943 exakter Erinnerung. Ich sehe noch immer das große Heerlager auf
2884 1884 3349 1941 Gestern hielten die Staat
1607 1887 2730 1967 vor mir und hörte seinen stillen Hohn: „Ihr russifiziert Euch“.
363 1906 1599 1993 der Ringstraße vor mir, gerüstet, in starrer Linie, in der Sonne
2841 1915 3345 1983 haltserhöhung oder passive
354 1951 1597 2035 blitzend, und davor Tausende ausgemergelte Vorstadtexistenzen, die
2834 1961 3329 2027 zusammen! Uebermorgen
1644 1978 2833 2055 Nein, wir russifizieren uns nicht! Der eine Rjegusch ist ein ver¬
361 1997 1593 2069 sich vor Wut heiser schreien und icht glauben möllen, daß diese
2845 2002 3341 2064 frauen, denn das argentinis
1600 2026 2824 2098 irrter Serbe, der momentan zu Hause, in Montenegro oder Serbien,
362 2027 1600 2128 Armee gegen sie ausgeschickt worden!. Das Bild, (or vier Wochen
2835 2050 3342 2110 bereit lag, mußte wieder abse
1600 2058 2823 2139 keine rechte Betätigung finden kann. Sonst absorbiert irgendein
356 2084 1590 2152 Wirklichkeit, brennt im GedächtnisSeither stah die beiden Lager
2843 2096 3339 2157 eine Rede im Parlament, i
1600 2102 2834 2183 Balkan=Königsmord dergleichen Phantasien, und wir an der Donau
354 2125 1592 2201 längst wieder aufgelöst, Soldaten mischen sich gemütlich ins Ge¬
2830 2130 3321 2200 zu viel Bedürfnisse haben.
1601 2148 2833 2225 haben Ruhl ... Es gibt einen deutlichen Beweis dafür, wie wenig
356 2151 1583 2240 dränge, die Grenzlinien sind verwischt, dennsche=ich werde das Bild der
2844 2174 3337 2246 Auge behalten, wer seine
1596 2189 2824 2274 russifiziert wir sind. In den letzten Wochen ist in Wien in aller Stille
355 2211 1587 2273 kriegsbelebten Ringstraße nicht los, icht fühle: es wird wiederkehren.
2828 2216 3348 2280 Winter liegt vor uns. Hu#
1606 2241 2836 2321 eine Art Ausnahmsgericht geschaffen worden, und es hat Strafen ge¬
355 2256 1586 2322 Die Gemütlichkeit, die dieses Bild vesschleiern will, ist glatt und
2829 2255 3338 2321 klappernd vor Kälte, durch
1597 2275 2828 2348 geben, wie wir sie in Oesterreich seit zwanzig Jahren nicht erlebten.
355 2291 1589 2369 stumpfinnig. Das alte Backhähndlwien lebt noch in ein paar Zeitungen
2829 2295 3339 2358 am Gürtel sollen Holzbarack
1602 2319 3337 2405 Weh dem, der in diesen Tagen eine Fensterscheibe zertrümmerte! Die unterkommen. Aber die St
356 2334 1581 2409 voll Theaterwichtigkeiten, aber nur dort! Das wirkliche Wien be¬
1588 2364 2833 2457 Gerichte hatten sich plötzlich einen eigenen Revolutionstarif angeschafft,
350 2380 1584 2455 steht aus zwei Lagern, den ausgemergelten Vorstadtmenschen, die gar
2832 2384 3332 2451 sagt: „Das ist Sache der E
1598 2405 2811 2474 wonach gebrochene Laternen mit gebrochenen Existenzen gefühnt wur¬
346 2423 1582 2490 keine „Wiener“ im Sinne der Theatertinterln sind, sondern grad so
2836 2425 3338 2503 reichische Wort auf: „Negati
1597 2440 2822 2527 den. Die Wiener Revolte im September war eine große Aktion im
352 2450 1584 2535 Proletarier wie ihre Genossen in Elberfeld=Barmen oder in Bochum
2827 2466 3207 2548 geht mich nichts an“.
1595 2489 2368 2552 Interesse der notleidenden Glaserer .
2373 2504 2821 2564 An Fensterscheiben und
343 2503 1590 2567 oder in Prag oder in Lyon. Und die Säbel glänzen auf dem Wiener
1595 2527 2827 2593 Straßenlaternen erschöpfte sich der Ingrimm der Erregten. Keinem
336 2547 1585 2624 Franzensring grad so wie in Belleville oder in Treptow, und die
2871 2538 3335 2625 Aber die Kunst, die uns
1590 2567 2834 2655 eleganten Herrn auf der Ringstraße wuxde auch nur der Zylinder
346 2579 1587 2656 exakte Hab=acht=Stellung, die aufs Kommando harrt, ist so gut öster¬
3194 2614 3238 2667 9
1595 2614 2822 2690 verwischt! . .. Dennoch gab es furchtbare Urteile. Ein Jahr für eine
343 2627 1576 2703 reichisch wie deutsch, wie französisch. Wir Feuilletonisten werden über¬
2817 2631 3343 2715 spielen s.,t ununterbrochen
1592 2662 2820 2729 zerschlagene Fensterscheibe, zwei Jahre für einen zum Schutz gegen
342 2665 764 2733 flüssig oder lächerlich.
2834 2694 3329 2751 Ich weiß schon: Schnitzler
1588 2697 2819 2774 die reitende Polizei erhobenen Stock, sechs Monate für eine gebrochene
928 2718 1019 2787 *
2826 2738 3338 2791 seinen Gestalten wie dieser 2
1591 2742 2814 2809 Gaslaterne. Es sollten Exempel statuiert werden! Als ob die vier Er¬
400 2763 1585 2836 Am Tage, da der Dalmatiner Njegusch Wawrak von der zweiten
2827 2767 3335 2834 lsch und nachdenklich! Sein „n
1591 2783 2817 2878 schossenen, die in der Ottakringer Erde ruhn, nicht Exempel genug
342 2797 1585 2885 Galerie des Abgeordnetenhauses auf den Justizminister schoß, begeg¬
1591 2825 1752 2885 wären!
2825 2824 3343 2881 plizierten Menschen, in der L
343 2843 1583 2923 nete ich einem jungen Russen. Seine dünnen Lippen verzogen sich zu
2819 2859 3333 2931 keit, Ehe neben Ehebruch
338 2883 1587 2943 so was wie einem Lächeln, und sein grüngelber Teint rötete sich für
2826 2899 3326 2960 Schnitzler — chaotisch, gut.
1631 2888 2265 2971 Aus diesen Abschreckungsprozessen:
344 2934 1576 3000 einen Moment. Er sagte spitz: „Ihr habt gehofft, daß Rußland sich
2822 2941 3337 3017 Weite bedrückend eng! Es ist
1629 2951 2812 3049 Ein junger Mensch ist angeklagt: „Hoch die Revolution!“ gerufen
332 2984 1563 3039 europäisiert, hehehe, inzwischen . .. russifiziert Ihr Euch!“ Der stille
2808 2986 3088 3056 Tennis spielt!
1574 2992 1778 3054 zu haben.
343 3016 1573 3087 Hohn ging auf die Nerven. Ich setzte mich hin und erklärte dem
2858 3008 3314 3085 Die Kunst, die entrückt.
1635 3023 2803 3120 „Sind Sie organisiert?“ fragt der Vorsitzende in allen diesen Pro¬
339 3062 1571 3133 Manne mit den dünnen Lippen: „Sehen Sie denn nicht, wie falsch
2857 3061 3345 3151 Ein schwarzer, lichkloser 9#
1576 3094 2817 3172 zessen. Der Angeklagte, seit vier Wochen in Haft, antwortet offen:
341 3104 1577 3173 Ihr scharfes Auge fieht! Da kommt ein junger Serbe aus seinem
1627 3119 1781 3180 „Nein.“
339 3141 1575 3217 dalmatinischen Nest herauf. Er versteht fast kein Wort Deutsch, er
1631 3163 2722 3250 „Warum haben Sie denn „Hoch die Revolution“ gerufen?“
332 3185 1569 3267 brinat noch den raschen Handgriff zur Waffe mit, wie das schon so
1609 3207 1893 3280 „I waß net.“
