3344 4256
241 76 1217 177 24. Das veite-Land
284 625 659 704 —.—
761 656 1399 803 Wialstehe Ronateheite, dante
396 697 851 785 11 JANGRRNS
270 724 390 786 Au:
401 810 1120 913 An: Los- Im. Lessingtheater spielte
299 847 1120 966 ##rsscater man die neue: Diehtung
569 918 1113 984 Schnitzlers Das weite Land:
328 937 586 1005 eine Diel
661 960 836 1014 TSST
896 966 1114 1032 Eürlichkeit
327 994 1116 1058 und Wahrheit. Daß Schnitzler bei die¬
326 1026 1120 1104 sem Werk in einer unidealisierten Wirk¬
319 1068 1123 1150 lichkeit beharrt und Zustände des All¬
319 1114 1108 1180 tags mit einer, man muß das Wort wie¬
310 1157 1104 1219 derholen: trostlosen Echtheit gestaltet,
312 1186 1097 1262 kommt der Spielweise des Lessing¬
316 1220 1104 1298 t#eaters entgegen. Und so gab es eine
313 1270 1101 1339 Aufführung, die schlechthin über jedes
310 1296 1105 1383 Lob erhaben ist. Das bleibt merkwürdig,
306 1345 1097 1427 weil der ganze Abend eigentliche schau¬
306 1390 1096 1459 spielerische Höhepunkte nicht gab und
307 1431 1092 1504 weder einen Bassermann noch eine Leh¬
303 1468 1088 1524 mann auf die Bühne brachte. Gerade
294 1507 1091 1579 hierin offenbart sich die unvergleichliche
296 1542 1099 1614 erzicherische Wirkung, die diese Bühne
300 1576 1094 1650 in ihrer Gesamtheit auf ihre Mitglieder
294 1633 1084 1695 ausübt. Wenn immer das Lessingtheater
293 1663 1091 1736 eine begabte neue Kraft seiner Truppe
292 1699 1081 1773 eingliedert, hat man beim ersten Auf¬
281 1742 1081 1813 treten das Gefühl eines unzulänglichen
279 1785 1064 1848 Fremdkörpers, der das Niveau des Thea¬
281 1812 1078 1894 ters nicht erreicht. Wer dann nach
288 1857 1076 1926 längerer Zeit wieder eine Aufführung
283 1901 1070 1967 besucht, muß erleben, wie das Ensemble
284 1929 1079 2009 den Neuling förmlich aufgesaugt hat. Er
282 1967 1068 2049 ist in die Gesamtheit eingefügt und ein
268 2017 1069 2090 scheinbar unlösbarer Teil eines einheit¬
285 2088 1074 2152 lichen Organismus geworden. So geht
290 2132 1074 2199 es auch mit Monnard. Ich sah ilm zuerst
296 2170 1086 2232 vor vielen Jahren in München, er war
287 2204 1076 2271 noch Anfänger und hinterließ in meiner
287 2251 1072 2301 Erinnerung Grauen und Entsetzen. Als
278 2292 1073 2354 er zuerst im Lessiagtheater auftrat, be¬
284 2327 1083 2391 schattete die Erinnerung an die unver¬
283 2369 1074 2435 gleichlichen Leistungen Bassermanns die
285 2412 1071 2473 Wirkung seines Spiels, und man ging mit
276 2441 1070 2517 dem lauwarmen Gefühl heim: gewib.
272 2477 1066 2552 eine tüchtige Kraft, ein routinierter
276 2519 1067 2592 Schauspieler, ein anständiger, gewandter
277 2565 1074 2621 und geschmackvoller Darsteller. Ich
267 2593 1068 2657 hatte auch mit der Schnitzleraufführung
271 2646 1066 2709 nicht das Gefühl einer mitreißenden Per¬
280 2679 1062 2749 sönlichkeit, aber ich ziche den Hut vor
272 2725 1072 2784 einem Mann, der in seiner Kunst s0
263 2763 1059 2810 ernst arbeitet und so vorwärtskommt.
271 2799 1070 2876 Der traurige Held des Stücks kommt in
278 2837 1066 2905 Monnards Gestaltung restlos zum Leben.
264 2868 1066 2945 und das mit einer Natürlichkeit, die jeden
269 2923 1062 2983 Gedanken an Routine verdrängt und nur
269 2966 1060 3024 den Glauben an einen reinen, einheit¬
266 2999 1061 3061 lichen Künstler weckt. Das Wunderbare
265 3038 1057 3091 aber an dieser Aufführung ist, daß auch
253 3068 1050 3142 nicht eine einzige Persönlichkeit der an¬
259 3113 1047 3177 gefn im Licht stand. Jeder stcht auf
252 3152 1054 3219 Pseinem Posten und füllt ihn aus, füllt
254 3196 1049 3258 ihn so aus, daß jede Erinnerung an die
263 3232 1057 3310 Arbeit der Darsteller oder des Regisseure
253 3279 1049 3328 schwindet, und nicht mehr der Schau¬
256 3313 1063 3402 spieler wirkt, sondern die zur Wyklich
250 3352 732 3427 keit erweckte Dichtung.
1363 74 1818 163 box 28/4
1480 892 1658 955 Nr. 42
2029 893 2355 964 Berliner Salon
2674 901 2887 968 Seite 17
1690 1070 2367 1179 Das weite Land. -
2442 1066 2687 1186 Gürk.
1547 1223 2913 1285 Arthur Schnitzlers fünfaktige Tragikomödie „Das weite Land“ ist
1444 1261 1617 1339 Teine-M
2100 1277 2915 1347 gt sie wenig von dem, was den Appetit
1457 1329 2913 1378 der großen Menge zu reizen vermag. Die stille, leuchtende Inner¬
1454 1369 2910 1433 lichkeit dieses Dichters findet jenseits der Rampe nicht immer die
1452 1418 2910 1472 Resonanz, deren die Bühne bedarf, wenn sie auf stärkere Wirkungen
1452 1472 2908 1532 hinarbeitet. Zu solchen Wirkungen gelangt Schnitzler aber erst auf
1448 1524 2915 1575 weiten Umwegen, die fast ganze zwei Akte füllen. Die Exposition ist voll¬
1450 1572 2908 1616 kommen novellistisch gehalten. Sie will ein breites Gesellschaftsbild
1440 1628 2914 1694 geben von dem Leben und Treiben einer bestimmten Wiener Gesell¬
1449 1674 2897 1744 schaftsschicht, in der Männlein und Weiblein ziemlich wahllos durch¬
1446 1723 2913 1774 einander lieben, bald frisch und fröhlich, bald mit melancholischer
1442 1767 2904 1832 Resignation und müder Skepsis. Aber geliebt wird auf alle Fälle,
1432 1810 2905 1892 und wenn sich mal einer das Leben nimmt, weil seine Liebe un¬
1438 1867 2910 1930 erwidert blieb, dann hat man dafür höchstens ein mitleidiges Lächeln.
1436 1935 2909 1993 Der Fehler dieser einführenden Szenen liegt nun darin, daß sich von
1431 1971 2911 2044 diesem in satten Farben ausgepinselten Bilde die Haupifiguren nicht
1442 2013 2900 2090 von Anfang an kräftig genug abheben, so daß sie dem Hörer nicht
1441 2058 2900 2134 gleich von vornherein jene Anteilnahme abzwingen, die er braucht, wenn er
1444 2117 2906 2170 ihrem Schicksal bis ans letzte Ende mit Spannung folgen soll. „Das weite
1436 2163 2907 2234 Land“, über das der Dichter mit ruhiger Beschaulichkeit den Blick
1441 2213 2905 2274 schweifen läßt, ist die Seele der Menschen, die sich durch mehr oder
1440 2269 2896 2319 minder brutale Instinkte zueinander gerissen und aneinander gekettet
1440 2317 2893 2384 fühlen. Und in diesem weiten Lande sind viele Wohnungen für alle
1424 2371 2904 2427 Nuancen von jenem blinden Trieb, den wir Liebe nennen. Da sehen
1424 2416 2907 2483 wir den gefühlvollen Bankier, der um die wechselnden Liebschaften
1430 2468 2895 2532 seiner Frau genau Bescheid weiß und der doch nicht von ihr los kann,
1433 2516 2893 2570 weil er „rettungslos in sie verliebt ist“ Dann das junge, lebensprühende
1427 2554 2893 2630 Mädel, der das Blut wie gärender Most durch die Adern treibt und
1428 2614 2896 2687 die sich ohne Bedenken dem verheirateten Manne hingibt, der
1433 2660 2891 2718 ihr jünger als alle anderen erscheint, weil er mehr Kraft
1433 2710 2894 2780 hat und Temperament. Und noch eine Menge anderer
1436 2761 2898 2831 Typen, die mit hellen Augen gesehen und mit sicherer Hand auf die
1419 2807 2893 2863 Leinwand geworfen sind. Zwischen ihnen allen enthüllt der Dichter
1431 2859 2893 2933 uns zögernd, leider allzu zögernd, die Herzen der beiden Menschen,
1426 2908 2903 2980 deren Schicksal ihm als eine Tragikomödie erscheint. Das ist der
1426 2953 2891 3020 Mann, der im letzten Grunde nur seine eigene Frau liebt, der aber
1416 3005 2885 3079 trotzdem in naivem Egoismus alles an sich reißt, was ihm an Schön¬
1424 3041 2899 3130 heit und Jugend über den Weg läuft. Neben ihm steht die Frau,
1420 3106 2886 3176 die wehen Herzens an seiner Seite geht, die sich fast schon von ihm
1422 3150 2889 3209 trennen will, bis sie endlich auch einmal ihr Fenster einem jungen
1427 3191 2898 3262 hübschen Mann offen läßt. Der Mann erfährt's, und er, der selbst
1428 3253 2896 3301 seiner Leidenschaft nie einen Zügel angelegt hat, kann's nicht ver¬
1421 3311 2891 3387 zeihen. Er beschimpft den andern und erschießt ihn im Duell.
