3392 4448
1305 209 1726 290 box 23/2
585 224 684 293 W C
181 229 1145 324 24. Das Leite-Land
1415 1215 1873 1290 „Wiener Mode“ XXV.
423 1244 543 1318 fr 4
596 1340 1441 1437 Wiener Theakerchronik.
515 1416 1644 1477 Artur Schnitlers „Der=junge Medardus“ war das
403 1446 1644 1518 Zugstück des Burgtheäters im letzten Jahre, die Tragikomödie
418 1488 1643 1564 „Das weite Land“ wird vielleicht einen nicht so raschen und
428 1527 1647 1600 intensiven Erfolg haben, zeigt aber den Dichter auf einen Gipfel der
420 1564 1642 1647 Ertenntnis alles Menschlichen und im Vollbesitze einer technischen
414 1603 1648 1671 Meisterschaft, die dem Werke Ewigkeitswerte verleihen. Die Aufgabe,
427 1648 1648 1716 die sich Schnitzler gestellt hat, gehört zu den kühnsten Heraus¬
425 1680 1653 1759 forderungen, die ein Dramatiker an sich selbst gelangen lassen kann.
430 1718 1657 1805 Das Exempel, das er zeigen will, soll für das Publikum dadurch be¬
430 1755 1652 1832 wiesen werden, daß den Charatteren die Einheitlichkeit ihrer inneren
421 1801 1651 1876 Natur, den Geschehnissen die gemeine Logik unserer Moral= und
430 1831 1657 1915 Ehrbegriffe und der Ethik des Stückes der Maßstab der Konvention
432 1874 1650 1949 wie ihrer Träger genommen werden. Der Dichter will also die Vor¬
431 1901 1662 1982 aussetzungen, unter denen wir der Gesellschaftsschichte, die er uns
431 1957 1650 2026 schildert, entgegengetreten, gewissermaßen auf den Kopf stellen, will
426 1990 1654 2069 uns zwingen, eine Entwicklung als notwendig zu empfinden, die er
443 2030 1664 2105 mit Bewußtsein und Absicht aus einem Chaos in der Seele seiner
429 2073 1669 2155 Helden ableitet. Selbstverständlich konnte er in diesem Falle noch weit
432 2110 1673 2179 weniger als bei seinen früheren Arbeiten dem Vorwurf entgehen, daß
434 2137 1663 2212 Probleme und Charatiere gekünstelt, ausgetüftelt, allzu artistisch emp¬
447 2186 1657 2262 funden seien. Aber an diesem Urteil können diesmal nur diejenigen
435 2220 1666 2287 festhalten, die nicht imstande sind, etwas zu Ende zu denken. Daß sie
452 2256 1667 2344 sich in der Majorität befinden, ist leider nicht verwunderlich. Der
444 2302 1660 2381 neueste Schnitzler ist von keinem Publikum und von keiner Kritik an
447 2335 1677 2413 einem Theaterabend zu r edigen; man wird gut daran tun, die Be¬
451 2372 1672 2461 schäftigung mit diesem Werke nicht so bald aufzugeben, wenn man sich
439 2411 1678 2516 nicht einmal sagen will, daß man an einer der köstlichsten und reichsten
455 2452 1677 2531 Gaben der gesamten Bühnenliteratur unserer Zeit verständnislos
439 2517 848 2583 vorübergegangen ist.
549 2534 1677 2603 Die Fabel dieses Stückes ist in zahlreichen Inhaltsangaben von
442 2572 1666 2642 der Tagespresse längst dargestellt worden. In seiner Hauptsigur,
446 2597 1673 2685 dem Fabrikanten Friedrich Hofreiter, zeigt Schnitzler einen Egoisten
1677 2640 2902 2725 Stenenbild aus Das weite Land“ von Arthur Schnitzler. (3. Akt. Friedrich Hofrei#er
448 2656 1663 2728 der Liebelei, der Fäuste und Ellbogen so lange gebraucht, bis ihm
1724 2682 2847 2758 der Kors, Otto Aigner — Heer Gerasch, Adele Rater — Fräulein Wilke)
460 2697 1671 2764 sein eigener, grübelnder Intellekt, mit dem er sein Ringen um die
1997 2708 2577 2770 Photographie von Viktor Angerer, Wien.
456 2733 1671 2807 freie Betätigung seiner Individualität begleitet, den Boden unter den
430 2746 2916 2879 Pererenenenenenrererenrenenenenerereneneerenenenenenengenenen verenenernenennerenteneeneeneneneneneneenenennennenenenenenenmenng
1654 2827 1757 2901 62
1814 2842 2393 2930 liefern alles
963 2867 1740 2952 Stöckig & Co.
2611 2841 2822 2959 60
1685 2914 1754 2981 *
996 2932 1552 3014 Dresden-A. 16 (für Deutschland)
1500 2964 1755 3038 Hofliefen
1390 3019 1756 3086 als Elite-Versandha
912 3060 1727 3133 : Katalog Uró: Uhren, Gold, Juwelen, Talelgeräte, Bestecke
1007 3109 1690 3173 30 u Sonen Vin k)verpas-en hrlcer
443 3072 809 3171 i
