3344 4448
1356 114 1575 195 DOX
625 115 732 187 W
208 114 1160 221 24. DasteLang
1681 1216 3317 1288 aber einmal die Dichtung als Gegenspiel der! (welche die erratende G
853 1243 1364 1340 Das weite Land.
2833 1264 3308 1336 seinem Gefühl der Vern
2543 1274 2828 1351 Nicht die
1693 1274 2506 1347 zeitlichen Gesellschaftsart entstanden.
2837 1313 3307 1379 Frau ein Leben ruhig
1704 1314 2829 1385 Eingrenzung der persönlichen Freiheit durch zu¬
679 1332 1516 1416 Tragikomödie von Artur Schnitzler.
2830 1354 3323 1431 ihre Hingabe zu reit
1698 1374 2832 1437 dringliche Neugierde; nicht das Mißverständnis,
874 1379 1349 1461 (Burgtheater.)
2840 1399 3312 1479 des zwanzigsten Jahrhu
1690 1422 2826 1483 welches stets zwischen dem Ereignis und dem Schein
636 1432 1671 1515 La,ville la plus superficiellement indiscréte
2840 1459 3318 1533 der ewige Frondeur d
1697 1476 2833 1528 des Ereignisses sich einzwängt, gibt den dramatischen
525 1485 1675 1556 du monde hat ein Franzose Wien genannt. Er meinte
2832 1499 3315 1575 läufigen Zeitmoral. Kul
1695 1513 2825 1573 Kern des Stückes. Sondern was aus dem Widerspruch
530 1550 1678 1606 wohl (demit, daß hier der Nächstenklatsch schamloser,
2847 1549 3325 1618 geworden, meint er, dies
1695 1564 2826 1621 eines Menschenerkenners und =Gestalters gegen ein solches
525 1601 1687 1663 banaler, talentloser geübt wird als in anderen Großstadt¬
2836 1600 3288 1677 der Liebeswahl auch
1706 1613 2834 1676 Sittenbild der Gegenwart, als Sehnsuckt als Gedanken
520 1636 1677 1689 zentren, dast er in barbarischer Vereinfachung auftritt.
2828 1644 3320 1719 können. Halb zu Gin
1702 1641 2836 1731 sich regte, ist zu Menschenschicksalen kristallisiert. Aus den
518 1681 1680 1752 Die brutale Stofffreude füllt aus. Die Affäre, als Tat¬
2840 1692 3318 1777 anderer ihrer begehrte,
1693 1708 2838 1764 moralischen Philisterium einer Stadt entringt sich die
534 1731 1676 1804 sache kraß gebracht, abgeurteilt, veraröbert weitergegeben,
2847 1748 3288 1818 er sie doch von sich.
1689 1762 2826 1836 schöne freie Melodie, welche Schnitzlers Tragikomödie
523 1773 1691 1866 genügt. Das Künstlerische der Gesellschafts=Spionage, das
2834 1774 3321 1866 unter der Erde verwe
1691 1806 2831 1881 als Leitmotiv durchzieht, „Die Seele ist ein weites
533 1822 1690 1896 Herausarbeiten der Motive, das Ablauern des psychologi¬
2843 1836 3318 1907 doch du! Natürlich u
1698 1860 1843 1934 Land.“
536 1871 1681 1951 schen Prozesses, die feinfühlige Differenzierung der Fälle
2846 1895 3276 1964 Ein anderer als
1811 1886 2837 1971 „Warum ich sie (meine Frau) betrogen habe? Sie
589 1928 1682 1987 kurz die intellektuelle Kultur des „Man sagt“ fehlt
2842 1937 3328 2017 auf den Knien liegen,
1694 1951 2837 2018 fragen mich? Sollte es Ihnen nicht aufgefallen sein, was
530 1950 1693 2055 uns vollständig. Wien ist zwar die indiskreteste Stadt
2845 1990 3235 2060 gerade deswegen!
1704 1992 2838 2066 für komplizierte Subjekte wir Menschen im Grunde sind?
540 2019 1685 2084 der Welt, in Wien werden die privatesten Eigen¬
2844 2016 3336 2115 Mir bist du gerade dat
2543 2039 2838 2105 — Liebe und
1705 2054 2558 2115 So vieles hat zugleich Raum in uns. —
525 2071 1684 2134 angelegenheiten als herrenloses Allgemeingut betrachtet.
2846 2081 3309 2156 Und um sich gegen
1692 2091 2837 2157 Trug. ... Treue und Treulosigkeit.. Anbetung für
529 2111 1691 2181 Nichts darf verschlossen bleiben: keine Seele, kein Porte¬
2845 2134 3325 2204 zu wehren, die zwisch
1691 2145 2831 2210 die Eine und Verlangen nach einer Andern oder Mehreren.
541 2166 1687 2232 monnaie; jede Liebe, jede Trauer wird gewogen, betastet;
2849 2184 3318 2253 Liebesblüte, von Korsa
1692 2197 2831 2274 Wir versuchen wohl Ordnung in uns zu schaffen, so gut
531 2213 1687 2295 jede Reise, jedes Kleid kontrolliert, eingeschätzt. Aber all
2835 2223 3328 2304 beginnt — reist Fried
1775 2253 2829 2318 geht, aber diese Ordnung ist doch nur etwas Künst¬
1693 2255 1786 2303 es
684 2261 1681 2336 Sichkümmern und Nur=vom =Andern=leben,
536 2272 671 2332 dies
2845 2278 3303 2348 einer anderen nach.
1950 2282 2839 2354 Das Natürliche — ist das Chaos. Ja,
1692 2293 1953 2359 liches.
538 2298 1694 2374 all diese Materialanhäufung von fremdem Handeln
2856 2314 3336 2404 Anderen, der ihrer bege
1699 2335 2846 2401 mein guter Hofreiter, die Seele ist ein weites Land, wie
675 2361 1686 2435 Geschehen dient keiner tieferen Kenntnis¬
527 2368 667 2433 und
2945 2381 3332 2452 Aus Liebe? Aus
1697 2393 2377 2463 ein Dichter es einmal ausdrückte.“
546 2398 1691 2471 nahme des Daseins und seiner Mannigfaltigkeit.
2849 2425 3336 2510 Trotzgefühl? Oder vi
1809 2444 2843 2506 Hier ist die Abgrenzung des Seelengebietes genau
532 2456 1694 2515 Talentlosigkeit der Einfühlung zeichnet das Urteil des
2850 2473 3333 2553 Sinne folgend, die d
1710 2480 2849 2560 gegeben, welches Schnitzler seinem Experiment
544 2493 1698 2570 indiskreten Wien aus. Und die öffentliche Meinung trägt
2844 2527 3339 2597 Einen, durch das eigen
1696 2535 2847 2595 unterwirft. Die Komplexität, die Vermengung und Durch¬
536 2546 1699 2623 die Züge des Hausmeisterischen. Sie bestimmt die mensch¬
2859 2584 3322 2657 dem Verschmähtsein sich
1694 2584 2833 2646 dringung rätselhafter Antagonismen in einer Menschen¬
542 2595 1696 2654 liche Wertung in gut, böse, anständig, unanständig. Liebe
2853 2619 3342 2701 lichen Schicksal Bestin
1689 2627 2840 2706 brust vereint — ließe sich gewiß in den verschiedensten
539 2649 1687 2709 ist rosarot, Haß gallgelb; eine glückliche Ehe, wenn
2852 2677 3327 2745 hier, steht man der 1
1704 2680 2838 2742 Beziehungen des Menschen zum Dasein —, nachweisen.
544 2686 1701 2770 Mann und Frau eingehängt gehen. Daß es auch für
2853 2722 3325 2788 schon breiten sich die
1702 2734 2838 2798 Hier aber wird nur das Verhältnis zwischen Mann und
543 2745 1696 2806 Schicksale eine Qualitätsfrage gibt, davon läßt sich das
2851 2761 3326 2850 heimnisses. Man wei
1709 2780 2834 2847 Weib und insbesondere zwischen Ehemann und Eheweib
540 2786 1696 2854 Wienertum der Gesellschaftlichen nichts träumen. Sie sind
2857 2821 3337 2906 der Wille, der sie lenk
1705 2822 2838 2888 als Rätfelding beleuchtet. Friedrich Hofreiter
542 2839 1688 2902 Banalisierer des seelischen Erlebnisses. Sie sind die Pri¬
2850 2869 3018 2941 Seins.
1812 2872 2843 2937 seiner Frau Gina seit Jahren untreu und
536 2892 1043 2972 mitiven der Medisance.
2958 2893 3342 2983 Friedrich Hofrei
1712 2907 2855 2998 dennoch schlummert in ihm Leidenschaftsmöglichkeit
2861 2959 3332 3032 Gina in den Armen ih
1708 2971 2847 3041 nach ihr. Er erfährt, daß ein Freund von Gina
657 2977 1706 3042 In Artur Schnitzler, der so tief mit der
2847 3014 3333 3086 jener Situation, die e
1704 3013 2849 3094 abgewiesen, sich aus Verzweiflung erschossen hat. Er
545 3045 1704 3105 Atmosphäre seiner Stadt verwebt ist, mag der Dichtungs¬
2867 3057 3339 3128 einer von ihrem Gatten
1720 3065 2851 3151 weiß Gina durch seine eigene Untreue frei; es
554 3080 1702 3153 keim zu seiner gestern im Burgtheater aufgeführten Tragi¬
2865 3104 3329 3179 hatte. Er mußte die W
1873 3116 2833 3178 ihm unsinnig vor, von ihr Treue zu
1721 3122 1850 3181 käme
546 3126 1702 3189 komödie aus einer Milieureaktion aufgegangen sein. In
2859 3158 3305 3223 es nach den Regeln
1723 3161 2853 3226 fordern. So wallt denn vorerst in ihm das Gefühl einer
559 3172 1701 3241 ihm mochte, umgeben von der Enge scheulederner Be¬
2865 3192 3322 3270 Aber die Mehrheit d
1720 3195 2856 3275 Erbitterung de gegen auf, daß ein junges Menschenleben
559 3223 1710 3292 schränktheit, das Gefühl wach geworden sein, auf eine
2859 3255 3334 3317 Gewalt alle Verstandes
1713 3258 2852 3333 einer sogenannten Tugendkonvention wegen erlöschen
566 3264 1714 3346 zarte, reine, künstlerische Art die Gesellschaft ihrer Tor¬
2853 3303 3322 3368 Liebhaber, weil dieser
1707 3316 2852 3378 mußte. Denn Hofreiter glaubt sich innerlich frei genug,
558 3321 1706 3391 heit bewußt werden zu lassen. Hebbel verlangt vom
2855 3350 3332 3419 Frau zu besitzen wagt.
562 3379 2851 3435 höheren Schauspiel und der Komödie, daß sie Schilde= um der Besitzesdespotie seines Mannestums zu gebieten.
2843 3382 3356 3486 der Kultur=Erotiker. Da
561 3402 2859 3484 rungen einzelner Zeitalter und Stände seien. Hier ist nun! Das Aufflackern einer instinktiven Eifersucht unterdrückend,
