3344 4352
1435 162 1888 260 box 28/4
294 177 1291 283 24. Das weieLand
1460 1277 1769 1354 —ul0 odles !
1765 1280 2526 1374 sich sennt der Gesahi bnssehen, Lus —
594 1314 1767 1401 siumm und still hinzunehmen habe. Aber von  solch
1766 1346 2917 1416 empörender Weise gestört wird, sobald der Geistliche
2921 1356 3360 1433 Brühl. in dem sich
587 1352 1765 1444 einem Kadavergehorsam ist, Gott sei Dank, in der pro¬
1769 1392 2920 1473 etwas sagt, was den Offizieren nicht gefällt. Bestraft
2921 1414 3349 1466 unerhörte Räuberei
594 1408 1759 1486 testantischen Kirche doch wohl nicht die Rede. Wir
1753 1430 2914 1512 werden die Herren dafür nicht, das wissen wir ja nun.
2914 1445 3349 1514 moralische Gefühl de
582 1463 1763 1539 Evangelischen werden uns mit aller Macht dagegen
1759 1480 2920 1553 Die Herrn Leutnants als Oberzensoren der evangeli¬
2918 1500 3350 1555 und Dein“ im Völker
592 1507 3359 1597 wehren, daß unsere Pfarrer den Rekruten gleichgestellt] schen Geistlichkeit — ein krasses Bild, aber wohl nur in ] das eigene Interesse
583 1540 2153 1626 werden und daß das militärische Unterordnungsgefühl? Preußen möglich.
2904 1579 3353 1641 zeigt der Begesssterut
1759 1665 2913 1748 Freiheit, genoß sie ausgiebigst und hatte deswegen seine
2907 1681 3360 1738 so, daß eine Frau, di
971 1649 1377 1757 Feuilleton.
1767 1705 2904 1777 Frau und seinen Haushafen, von den bunten Ausflügen
2909 1720 3358 1786 glatten Spiegel ihrer
1754 1751 2905 1828 heimkehrend, aufrichtig gern. Und Genia rang sich aus
2912 1755 3358 1834 Selbstmord um ihretn
1342 1762 1703 1852 (Nachdruck verboten.)
1755 1791 2902 1863 tiefer Anhänglichkeit zu der Entwicklung durch, die einmal
2904 1808 3340 1870 geworden. Einsam, o
1765 1839 2902 1912 im Stück so ausgesprochen wird: es kommt für Frauen
2907 1858 3349 1915 freudlosen Gegenwar
639 1848 1687 1927 Berliner Theater- und Kunstbriefe.
1762 1883 2909 1946 die Zeit, wo sie auch für ihre Männer Mütter werden.
2914 1894 3360 1963 neu aufgerührten Fra
914 1900 1422 1991 Von Felix Poppenberg.
1758 1929 2905 1995 Nun kommt auch in dies scheinbar so ruhevolle Verhältnis
2907 1947 3360 1996 Stunde, einer Situati
1752 1965 2903 2045 die Zersetzung. Hofreiter erfährt gerade in einem Stadium
669 1974 1654 2047 Artur Schnitzler: „Das weite Land“.
2908 1987 3361 2049 die Person des Man
1835 2021 2899 2088 inneren Leere, A#s. Unokkupiertheit, dem Vakuum¬
2904 2025 3350 2094 sucht nach Wärme und
650 2025 1738 2103 Die Tragikomödie — ihre Buchausgabe erschien bei
1747 2057 2905 2129 stadiust nach der Lösung von einer Frau, daß sich ein
2898 2074 3348 2141 nie an Unireue gedach
579 2061 1741 2141 S. Fischer — wurde im Lessing=Theater vom Berliner
1749 2108 2906 2157 Pianist Genias wegen erschossen. Sie selbst zeigt ihm den
2974 2108 3359 2189 Heikler liegt der
589 2123 1753 2195 Publikum anteilsvoll und empfänglich aufgenommen. Dr.
1748 2141 2902 2225 Abschiedsbrief. Der spricht von hoffnungsloser Liebe und
2901 2141 3362 2220 lebenshungrige, natur
588 2159 1746 2241 Brahm konnte für den abwesenden Dichter danken. „Das
1747 2193 2908 2246 bestätigt das Unbeteiligtsein Genias. In dem Mann
2908 2208 3362 2272 Wangels — sich ihm
574 2204 1749 2284 weite Land“ das Schnitzler meint, ist die Seele mit ihrer
1750 2235 2901 2306 jedoch; dem erfahrenen Kenner aller Fußangeln und
2900 2245 3359 2318 lebten Höhenrausch de
586 2249 1746 2333 chaotischen Möglichkeitsfülle, ihren quälerischen und be¬
1741 2287 2901 2344 Schleichwege des Gefühls, sitzt der Haken fest und bohrt
2898 2293 3352 2353 weiter erklärt zu wer
586 2291 1740 2369 glückenden überraschungen, ihren Widersprüchen und ihren
1743 2322 2901 2399 weiter. Nicht Eisersucht, nicht Liebe ist's, aber ein Nagen¬
2902 2338 3359 2397 ger mit dem Fluidum
571 2345 1736 2414 ewigen gefährlichen und doch so lockenden Ungewißheiten.
1751 2364 2891 2427 des, ein Nervenkribbeln, die böse Lust, die Seele seiner
2893 2388 3360 2457 sind Favoris für jung
583 2381 1738 2456 Und der Dichter, der herbstlich erkenntnisvoll gewordene
1751 2414 2891 2485 Frau, an die er kaum mehr gedacht und die jetzt durch das
2904 2428 3327 2495 hübsche Einrichtung.
588 2429 1738 2493 Anatol=Mann von 50 Jahren, dichtet nun mit melancholi¬
1747 2461 2898 2526 Totenopfer in neuem besonderen Licht erscheint, sich zu ent¬
2976 2460 3353 2530 Nachdenklicher abe
580 2472 1735 2558 scherem Unterklang alte Weise auf der neu gestimmten
1748 2502 2895 2579 blößen. Und die Gedankenmühle dreht sich zermürbend in
583 2514 776 2589 Zither:
2899 2504 3352 2582 von Schnitzler nur geg
1741 2545 2898 2633 ihm und mahlt Tag und Nacht an dem Problem: was !
2896 2559 3349 2621 ausgeliefert wird. Ho
766 2553 1392 2637 Die Komödie unserer Seele,
1737 2586 2211 2659 wäre geschehen, wenn.
2896 2599 3349 2662 schaftlich begehrten Na¬
774 2605 1507 2682 Unseres Fühlens heut und gestern.
1810 2637 2888 2707 Das wohltemperierte Nebeneinander wird zur
2901 2658 3347 2706 len Begleilerscheinunge
662 2638 1727 2735 Schicksalsreigen schlingt er mit wechselnder Durchein¬
1741 2656 2891 2756 Quälerei. Hofreiter geht, um sich davon frei zu machen,
2891 2689 3358 2750 ohne sein Glück auszuk
581 2695 1736 2777 ander=Verstrickung für Männer und Frauen im jungen und
1734 2724 2889 2795 einige Wochen aufs Land. Dies Trennungs=Intermezzo
2901 2738 3361 2790 Hause zurück, entdecktd
575 2752 1736 2828 im späten Zeitalter der Gefühle. Und es reizt ihn vor
1734 2770 2888 2844 schürzt den Schicksalsknoten. Hofreiter hat in dem Gebirgs¬
2894 2780 3361 2850 den Fähnrich im Due
576 2796 1737 2868 allem die Gestalt des Mannes, der, dem Abstieg des Lebens
1737 2811 2892 2889 hotel ein leidenschaftliches Erlebnis mit einer Zwanzig¬
2892 2822 3359 2889 Lichtstreifen fallen. Di
574 2831 1739 2896 und Genießens nahe, fröstelnd dem einsamen Weg entlang¬
1739 2861 2883 2944 jährigen, und Genia gibt sich inzwischen einem jungen
2893 2871 3353 2927 Eitelkeit mag gewiß in
581 2883 1736 2962 geht. In der kritischen Zeit wanken die unbefangenen
1741 2899 2073 2967 Marinefähnrich.
2991 2921 3357 2977 —, das sagen Hofr
573 2905 1733 3010 Sicherheiten, Gedankengifte wirken stärker, Grübelei frißt
1809 2937 2887 2999 Schnitzlers Psychologie geht in diesen beiden Parallel¬
2884 2942 3361 3025 lichen Gegenüberstehen
568 2957 1014 3044 sich zerstörerisch ein.
1736 2965 2886 3067 fällen sehr diskret und wortkarg vor und überläßt moti¬
2889 2996 3360 3058 wütenden Haß des A
654 3021 3345 3059 Friedrich Hofreiters Ehe mit Frau Genia schien beiden! vierende Erklärung der Vorgänge unserem Einfühlen.] Jugend, die ihn aus d
565 3062 3359 3173 außerordentlich ruhig und fest verankert. Er hatte seine! Wir können das ungerwungen leisten. Bei Genia liegt es gängergesicht seines Ge
