3436 4320
297 138 688 238 24. Das
722 148 858 223 we
1014 159 1255 233 Land
1417 163 1864 271 box 29/6
526 161 1272 273 ite ann
374 1269 2557 1466 standslosen in städtische Armenpfiege zu norrnehmerfist.=Kan, ich wilt chm aus dem Traum heifen.
365 1341 1583 1461 und die Heimbeförderung fremder Armen zu veranlassen
2830 1388 3371 1491 Westers behnäptel Bore
367 1372 1573 1514 Nennen wir die Sache beim Namen: Der christlichsoziale
1656 1410 3378 1560 Nicht wahr, ich habe neulich von zwei Bildern! Das zweite Bild wurde von
372 1436 1567 1558 Stadtrat will den Unterstandslosen ihre Kinder entreißen,
1552 1425 3356 1586 „Der heilige Franziskus“ erzählt. Einem schlechten, das Böhler in München an den
1553 1500 3370 1637 vor zirka fünfzehn Jahren schon vom Kunsthändler Sedel= v. Nemes in Budapest verkauf
355 1493 3361 1709 weil sie arm sind, und er hat den Wunsch, die Obdachlosen, eyer an den englischen Sammler Mr. Beit verkauft Zwischenstufe, Sedelmeyer, aus
356 1557 551 1639 VE
349 1639 1545 1750 Mitte wird ihr der Bruder, am Ende der Sohn erschossen..
356 1670 1545 1807 Es ist charakteristisch für Schnitzler, daß der Tod nicht
1544 1699 3375 1841 Der Tennisplatz wirkt als Menschen=Reservoir. Braucht gibt es so schöne Debatten ##
346 1719 1541 1854 nur den First seiner dramatischen Bauten dunkel schmückt,
1542 1751 3359 1881 man Leute, so öffnet man das Reservoir und die Menschen Gegenrede, Verbleib beim Them
341 1785 1554 1919 sondern auch in deren Kellergewölben eingemauert ist. Der
1543 1796 3367 1928 strömen auf die Szene. Will man die Leute weghaben, so Frage schlagen und nicht daneh
346 1841 954 1940 erhabenen Resonanz wegen.
1533 1845 3360 1983 läßt man sie einfach wieder ab, wie man ein Bassin ent= nie gesprochenes, fiktives Etwas
1531 1898 3271 2024 leert. Ein Griff: und die Bühne ist überfüllt, ein anderer zwischen Mann und Weib -
1529 1941 2437 2061 Griff: und sie ist evakuiert. Sehr praktisch!
451 1941 1549 2065 Aus Mängeln gestaltete sich hier dem Dichter das
2684 1983 3348 2073 an beider Lebensnerv rühren -
346 2000 1548 2117 reizvolle Gebilde einer Tragikomödie. Er wußte hübsch
2697 2038 3361 2133 Disposition hielte, nicht in tauf
2688 2100 3364 2175 sich versplitterte, und am Ende
1625 2065 3358 2231 Eine feine und dichterisch gesehene Figur diese war? Und was nützen die schön
335 2065 3360 2260 und interessaut und klug von Liebe und von Leidenschaft Frau Hofreiter, das Lamm des Herrn Hofreiter. Frauen= der männlichen Schwindel=Diale¬
327 2084 3360 2329 zu erzählen; das hötte eine Komödie gegeben. Er wußte Schicksal! Sie kann tun, was sie will: Sie ist schon das richtige, weibliche Debattierkun
328 2144 3341 2367 auch mit Energu und Ernst und Würde düstere Endel durch Opfer, daß sie überhaupt etwas will; sei's das erhabenen Drei=Einigkeit von
322 2202 2710 2377 phasen eines Schicksals zu gestalten; das wäre ein kurzes Legitime sei's das Illegitime; sei's die Ruhe, sei's den
325 2243 2700 2427 Trauerspiel geworden. Aber die Liebe, die Leidenschaft so Streit; sei's ihr Glück, sei's des Mannes Glück. Sie steht
2689 2338 3132 2429 hysterischem Anfall?
324 2284 2697 2475 tief wurzelnd, von so dunkeln Säften genährt, von so im Wege, wenn sie da ist. Und sie fehlt, wenn sie sich
317 2344 2701 2519 breunender Sonne bestrahlt zu zeigen, daß die Tragik seitwärts schlägt. Ihre Treue lähmt, ihre Untreue ver¬
317 2380 1515 2504 als natürliche Blüte aus ihnen hervorbräche, das konnte
323 2439 1506 2553 er nicht. So setzte er die Tragödie neben das Gesellschafts¬
2777 2444 3317 2561 Das Sympathische an
1504 2464 3344 2599 giftet. Ihre Heiterkeit beruhigt, ihre Schwermut bedrückt Drama ist: seine Lust, seine Gol
320 2487 1510 2604 stück und verwischte ein wenig die Grenzlinie: Tragikomödie.
1507 2510 3331 2646 den Mann so sehr, daß er sie in beiden Fällen allein läßt, die es keine Antwort gibt. Wo
1497 2555 3342 2704 Leiden und Mißverstanden=Werden scheint der Sinn ihrer Lüge in erotischen Dingen? Wo
442 2590 1514 2713 Sehr merkwürdig (und einige Unsicherheit ver¬
1496 2599 3348 2755 Existenz. Sie ist das Kaninchen, an dem das Schicksal und weise, falsch und richtig? Der 1
1494 2644 2449 2754 der Dichter ihre vivisezierenden Künste üben.
302 2645 1513 2769 ratend) ist es, daß die psychologischen Gegensätze in diesem
2661 2728 3340 2805 sichtig. Und ob man ihm folgt
305 2727 1505 2818 Drama, die bewegenden Kraft=Paarungen, öfters die Namen
1608 2715 3341 2861 Schnitzler hat in seiner Literatur etwas Weiches, reichte Wegziel ist immer dassel
1499 2732 2672 2870 Weibliches. Aber er hat auch, glaube ich, eine Fähigkeit,
306 2768 1501 2868 wechseln. Eine motivische Fleckerlkunst scheint am Werk.
2671 2816 3346 2902 ist die einzige Antwort, die der
304 2802 1506 2917 Ein großer erotischer Wille steht gegen Schwäche; aber
1493 2797 3342 2952 in Frauenherzen hineinzuhören, sinnfällig zu formen, was leider pathetisch, mit einer große
1494 2852 3347 3002 amorph in ihnen steckt, und artikuliert klingen zu machen, und Wehmut, mit schmerzliche
302 2850 2665 3007 bald heißt es anders: Sehnsucht ins Weite gegen Sehn= was nur trübe und dumpf in ihnen rauscht. Das ist
296 2909 2661 3051 sucht ins Enge; und später: Wissen gegen Ahnung. Und Dichters Sache: die Stummheit von Frauen, Kindern
2648 2958 3344 3067 wenn er sagen wollte: man hat
293 2966 2669 3111 noch mancherlei. Und zum Schluß lautet das Problem auf und Tieren zu hören. Sie brauchen immer den Dolmetsch
2654 3011 2952 3093 pflichtungen.
294 2997 2654 3161 einmal so: Alter gegen Jugend. Das Drama wechselt (den der reife Mann in seinen hellsten Augenblicken zu¬
2762 3043 3336 3149 Aber immerhin ist es dies
288 3052 2195 3205 wiederholt die Achsen, um die es rotiert. Und das ist nicht mindest, sich selber abgeben kann).
2634 3080 3339 3199 entrinnbarch Allein=Sein, die au
289 3095 1495 3232 gut fürs Gleichgewicht des ganzen Werkes. Auch macht es
297 3148 1044 3258 die Zuschauer ein bißchen wirbelig.
2645 3163 3336 3246 durch sein Drama klingt. Von je
2632 3206 3330 3303 Tod weniger schwer macht. Weil
1579 3201 3312 3342 Aber das, diese Begabung der Frau, durch Dichters in die ewige Einsamkeit schickt,
1455 3261 3330 3392 Gnaden, mit der Fähigkeit der Sprache, das bedingt spürt hat, wie sehr ihr schon
391 3251 2644 3373 Das Tennisspielen ist eine großartige Erfindung für andererseits auch die große Unwahrheit aller Natürlich¬
279 3279 2646 3454 den Dramatiker. Eine Passion, wie solch ein Garten mitkeits=Dramen, der Ibsenschen Gesellschafts=Stücke sowohl wie
2631 3356 3328 3462 Auch wenn er liebt und geliebt
290 3358 2676 3529 angrenzendem Tennisplatz die Szenenführung erleichtert! der schäbigsten Boulevard=Komödien. Denn wo auf=Erden!
