3392 4224
249 106 564 214 24. Di
982 111 1168 195 Lan
567 120 1205 230 s beite
1379 137 1748 224 box 29
1498 1323 1597 1403 III.
894 1409 2190 1519 Schnitzler’s Tragikomödie „Das weite Land“
1007 1483 2102 1573 Ein Versuch psychologischer Literaturbetrachtung.
1168 1548 1917 1638 Von Dr. Carl Furtmüller, Wien.
885 1617 2318 1718 Es sei hier zunächst in grossen Zügen der Inhalt von Schnitzlers Tragi¬
777 1654 2310 1774 komödie in Erinnerung gebracht. Der erste Akt zeigt Frau Genia Hofreiter, in ihrem
772 1712 2320 1826 Landhaus in Baden bei Wien, die ihren Mann vom Begräbnis eines nahen Freundes,
775 1768 2322 1862 des Pianisten Korsakow, zurückerwartet. Freunde und Bekannte kommen und gehen;
773 1790 2304 1916 darunter schärfer hervortretend: Erna, ein energisches kinges Mädchen, von früher
760 1861 2315 1951 Kindheit an Friedrich Hofreiter verehrend. Doktor Mauer, der ernste junge Arzt, in
757 1911 2319 2010 Erna verliebt und Hofreiters bester Freund, Er und Genia verstehen einander, beide
770 1961 2302 2047 sind Friedrich, dem ständig Ungetreuen, mit etwas resignierter, etwas hoffnungsloser
766 2006 2303 2106 Innigkeit zugetan: selbst Mauers Mitteilung, dass Friedrich seine Beziehung zur
766 2031 2316 2153 kleinen Bankiersfrau Adele Natter gelöst habe, weckt in Genia kaum eine leise
764 2089 2307 2197 Hoffnung auf einen Wandel in ihrer Ehe. Nun kommt Friedrich, elegant, herrisch
749 2160 2301 2227 und gewinnend, sich um alles kümmernd — geschäftlicher Einlauf, Briefe des jungen
755 2185 2292 2291 Sohnes aus England, Erinnerungen an den toten Freund. Wieder erhebt sich die
750 2223 2306 2342 Frage, weshalb der sich erschossen hat? Mit Genia allein geblieben, fällt Hofreiter
751 2295 2294 2393 ihre Bitterkeit gegen ihn auf, er bringt sie mit raschem Misstrauen in Zusammen¬
746 2343 2294 2439 hang mit Korsakows Tod und ist sofort überzeugt, dass seine Frau — sie hätte
750 2375 2299 2494 ja ein Recht dazu! — ihn hintergangen hat. Nun gibt sie ihm einen Brief des
743 2443 2285 2539 Toten; er hat sich erschossen, weil sie nein sagte. Friedrich ist überrascht, verwirrt.
749 2464 2285 2569 Er empfindet ein Bedürfnis, unter Menschen zu sein und treibt Genia und Doktor
746 2520 2285 2634 Mauer vom Hause weg in den Kurpark, wo ja auch Erna zu finden ist, die er „nicht
739 2570 1042 2637 jedem gönne“.
856 2624 2273 2715 Der zweite Akt spielt im selben Milien vierzehn Tage später. Der Sommer
737 2662 2287 2785 ist vorgerückt, Erna soll mit ihrer Mutter nach Tirol an den Völser Weiher, Doktor
727 2709 2285 2835 Mauer will am nächsten Tag eine Urlaubswanderung nach Tivol antreten und möchte
730 2778 2278 2869 von Erna ausdrücklich ermächtigt werden, sie am Völser Weiher aufzusuchen.
729 2805 2278 2923 Zögernd, aber von Mauers unbedingter Ehrlichkeit und Treue angezogen, lässt sich
721 2849 2276 2974 Erna dazu herbei. Unter allerlei bunten Tennis-, Reise- und Flirtgesprüchen fällt
725 2920 2271 3028 plötzlich Friedrichs Entschluss, Mauer auf seiner Fusstour zu begleiten. Genia, die
724 2964 2277 3071 seit dem Abend von Korsakows Begräbnis mit heimlichem Sehnen und keuschem
720 3001 2268 3124 Stolz auf Friedrichs Annäherung gewartet hat, erreicht mit Mühe, dass er ihr auf
720 3054 2266 3170 ihre betroffene, angstvolle Frage Rede steht. Warum er fortfährt? Weil er es
711 3118 2267 3225 nicht aushalten kann, dass sie „den Selbstmord Korsakows gegen ihn ausspielt“,
709 3143 2277 3267 ihre Tugend, die einen Menschen in den Tod getrieben hat, macht sie ihm unheim¬
707 3202 2275 3297 lich. Friedrich geht und Genia schlägt in fieberhafter Lustigkeit der jungen Gesell¬
707 3254 1781 3342 schaft eine Autofahrt in die nachtdunkie Landschaft vor.
2873 851 3309 930 Dr. Carl Furtmüller, S
2833 940 3202 1012 Der dritte Akt verei
2712 992 3056 1060 eleganten Berghot
2720 1042 2918 1103 erwähnt
2719 1091 2898 1153 der Fähr
2719 1140 2866 1200 den fas
2706 1186 2851 1245 Gesells
2707 1234 2820 1301 wird
2714 1294 2798 1338 mus
2721 1330 2811 1389 Zwis
2672 3141 2742 3199 die
2664 3188 2757 3242 Sch
2664 3241 2835 3296 trennte
2657 3281 2957 3351 Spezialfall d
3128 3298 3255 3360 ers a
2662 3327 3272 3424 bieme studieren will oder
