3436 4256
261 163 1230 286 24. Das veite Land
1381 179 1848 273 box 29/3
1360 443 1558 609 2%
1730 480 1914 612 7
1512 622 2140 710 A NC
1207 737 1944 895 Seite 9 bis 14
2153 872 2455 975 6,40
946 980 2072 1047 Jahrgang 31. No. 234. — 14 Seiten
1624 1079 2450 1151 Frau entschlüpft ist, als sie ihn den Bes Uh
1623 1125 2449 1216 weis erbracht, daß sie dem todten Künstlet die
1017 1070 1502 1231 Riesen=Erfolg.
1626 1186 2370 1247 gegenüber standhaft geblieben. Um sich
1632 1229 2358 1292 und sie zu quälen, mokiert er sich förmlich
2362 1235 2441 1290 Hu
1629 1262 2365 1329 über diese Bravheit und Treue, die einen
2362 1280 2449 1325 Sa
1621 1303 2356 1368 jungen, talentvollen Menschen in den Tod
2364 1318 2451 1383 uni
874 1297 1616 1405 Saison=Beginn im Irving
1630 1348 2367 1407 getrieben hät. Es ist Eifersucht, sie hält
1628 1390 2361 1457 es für Hohn und schließt schnell ihre
1049 1382 1446 1474 Place=Cheater.
1622 1415 2372 1494 Schlußfolgerung. Sie sieht nur, daß der
1633 1466 2368 1539 Gatte von ihr weg will, sieht auch mit ge¬
1618 1497 2457 1600 übtem Auge, daß er sich mit einem ganz Bei
1616 1550 2321 1615 jungen Mädchen aus ihrer Gesellschaft —
882 1561 1608 1657 Schnitzler's „Das weite Land“ ein in¬
1615 1590 2459 1676 heißblütig, sinnlich, echt wienerisch — auf sich
1617 1636 2348 1707 einer plötzlich beschlossenen Gebirgsreise zu
881 1625 1601 1718 tensiv packendes Stück. — Arnold Korfs
1622 1677 2351 1749 trösten gedenkt. Ein Gedanke, der ihr
880 1692 1600 1788 ein g. azender Schauspieler und fein¬
1614 1718 2346 1787 schon wiederholt nahe gekommen ist, wird
2372 1748 2442 1818 4
1614 1760 2351 1825 in ihr lebendig in dieser grausamen Aus¬
1047 1766 1568 1870 sinniger Regisseur.
2346 1807 2433 1855 bei
1615 1812 2347 1887 sprache, nach der sie sich doch gesehnt: sie
1624 1848 1926 1906 will sich rächen.
2333 1832 2442 1904 des
1639 1891 2450 1952 Und so vollendet sich denn in den näch¬ Sii
1618 1922 2449 1998 sten Akten ein Schicksal. Hofreiter hat Hai
1026 1939 1566 2016 „Das weite Land“
1594 1959 2450 2039 das hübsche Mädchen leich terobert, weil 183
1024 2001 1457 2056 Tragikomödie in 5 Akten
1609 2018 2447 2082 sie eben Wiener Heißblut ist, seine Frau stief
998 2030 1482 2095 von Arthur Schnitzler.
1612 2056 2436 2121 sich mittlerweile wirklich gerächv, — mit der
874 2058 1602 2128 Friedrich Hofreiter, Fabrikant Arnold Korff
917 2103 1193 2144 enia, seine Frau
1613 2105 2437 2163 einem blutjungen Marineleutnant. Hof¬ Der
1341 2105 1594 2169 Anni Rub=Förster
867 2119 1490 2198 Anna Meinhold=Aigner, Schauspielerin,
1614 2142 2434 2204 reiter findet den üblichen Vorwand, diesen der
1381 2158 1591 2213 Grete Meyer
858 2163 1141 2229 Otto, ihr Soyn
1612 2189 2432 2251 zum Duell herauszufordern, weil er dochdie
1291 2190 1594 2258 Hans Unterkirchner
866 2191 1492 2273 Dr. von Aigner, der geschiedene Gatte
1613 2230 2335 2290 „kein Narr sein will“, wie er sagt. Sei¬
2339 2222 2432 2282 Sie
899 2234 1290 2292 der Frau Meinhold
1345 2252 1594 2300 Ernst Holznagel
864 2254 1162 2325 Frau Wahl
1600 2266 2339 2334 ner kleinen Frau, die außer sich ist über
1279 2264 1590 2324 Marie Kierschner
862 2306 1606 2358 Zustab ..... .. Gustav Paul Schütz
1605 2296 2443 2373 die Herausforderung, bemertt er leichthin, St#
888 2328 982 2364 Erna
1161 2336 1600 2390 .. Iphigenie Buchmann
891 2343 1305 2414 atter, Bankier
1598 2343 2383 2414 er werde ihm schon nichts Großes thun, ve
1368 2374 1598 2410 Ernst Robert
1338 2379 1375 2408 *
852 2383 1181 2431 Adele seine Frau
1218 2393 2432 2431 .... Aranka Eben aber, als der junge Gegner vro ihm steht, schl¬
875 2401 1045 2448 Dr. Fran¬
1065 2403 1300 2455 Mauer Arzt
1368 2427 1593 2467 Richaro Feist
852 2428 1598 2501 Demeter Stanzides, Oberleutnant, Benn Busoni
1594 2431 2337 2498 mit de mNebenbuhlerhaß im Auge, wird
856 2450 1079 2505 Paul Kreindl
1369 2460 2413 2538 Ehristian Ruß die Sache primitiv: Hofreiter knallt ihn mu
859 2486 2433 2578 Albertus Rhon Schliftsteller: Ludwig Koppee nieder. In dem Moment, da er zurück=alte
862 2517 1245 2584 Marie, seine Feau
1384 2540 1596 2578 Flora Arndt
855 2533 1004 2588 Serknitz
1255 2558 2427 2625 Heinrich Matthaes lehrt von der Wahlstatt, findet er die Caf
876 2568 1046 2620 Rosenstock
874 2596 1174 2665 Eine Engländerin
1398 2603 2318 2664 Willy Frey Mutter des abgemurksten Rivalen zufällig
2322 2596 2429 2656 und
836 2618 929 2670 4!
1401 2622 1596 2666 Iffi Engel
891 2631 1152 2681 #ns Spanierin
1353 2643 2419 2699 Helene Rothe bei seiner Frau und — drückt ihr mit von
857 2652 1123 2704 Penn, Führer
1362 2688 2425 2740 Heinrich Falt konventionellen Höflich eitsfleskeln die sam
850 2675 1362 2745 Stubenmädchen bei Hofreiter
1368 2705 1582 2757 Selma Weber
951 2724 1115 2772 Regie
1209 2729 1501 2779 Arnold Korff.
1589 2727 2423 2792 Hand. Nur einem Schnitzler konnte es auf
893 2758 1514 2831 Saisonbeginn am Irving Place
1589 2768 2320 2829 gelingen, dem Schrecken dieses Auftritts
2327 2769 2421 2813 mit
1594 2801 2440 2872 die Brutalität zu nehmen. Selbst für Fen
844 2792 1583 2871 Von jeher ein Gala=Abend, ein festliches
1584 2848 2421 2915 das liebende Weib ist das aber zu stark, an.
852 2840 1570 2916 Haus, in welchem Alles, was ein bischen
1595 2882 2410 2957 enthülltes zu viel seiner Rücksichtslosigkeit. zu.
846 2885 1592 2951 was auf sich hält, im zahlreichen Deutsch¬
1585 2922 2429 2983 Es scheint, daß sie sich, trotzdem er sich müs
849 2921 1569 2999 thum unserer Stadt sich im Deutschen
1577 2954 2311 3033 bei dem Abschied zum ersten Male weich
849 2960 1577 3041 Theater in eleganter Gesellschaftstoilette
2314 2970 2430 3034 Poli
1583 3009 2312 3076 zeigt, von ihm wenden, daß ihm nur das
2311 3017 2434 3067 dicht
835 3012 1572 3082 ein Stelldichein gab. Um sich nach der
1588 3051 2306 3117 junge Mädchen reu bleiben wird, das er
2325 3056 2446 3109 Bab
842 3047 1570 3121 langen Sommertrennung wiederzubegrü¬
1576 3095 2311 3163 aber an sich zu fesseln zu klug, zu stolz,
2311 3097 2433 3147 Anto
841 3087 1578 3161 ßen ... Auch um das erste Bild zu be¬
1584 3137 2305 3201 zu stark ist. Er will :.#“ weiter leben.
2322 3141 2420 3196 Sie:
827 3134 2302 3242 kommen von der Fülle der Gesichter, Wofür? Er hat einen Jungen von dreis
2311 3179 2443 3241 Poliz
841 3177 2306 3277 welche unsere Bühne im Laufe der Sai= zehn Jahren. Dessen Stimme hört der
842 3216 1314 3274 son darzubieten hat ...
2310 3228 2442 3287 das I
1310 3232 1568 3297 Es waltet da
1577 3253 2299 3322 Verzweifelte und es wallt sein eRinstes in
2312 3268 2448 3323 hätter
833 3260 1564 3330 immer ein Gefühl der Zusammengehörig¬
2328 3303 2440 3363 Die
1574 3301 2311 3379 ihm auf, sein überschwängliches Vater¬
826 3296 1562 3371 keit, des Wiederfindens an lieber, vertrau¬
1578 3332 1710 3398 gefühl
835 3355 1568 3410 ter Stätte. Das war aber nie fester wie
2299 3342 2426 3404 chert
1606 3376 2296 3448 Mit diesem Theatercoup läßt uns der
825 3386 1560 3454 jetzt, da der Weltkrieg uns Deut'che in
2302 3392 2427 3446 Arme
1577 3415 2411 3492 Verfasser von seinem Helden scheiden. Er dem
825 3434 1512 3490 New York so viel enger vereint hat.
1577 3460 2292 3535 ist unbefriedigend, äußerlich, der tragische
874 3473 1551 3534 So erklärt sich ohne Weiteres das bre¬
2299 3467 2420 3529 einge
1568 3494 2287 3580 Konflikt ist nicht gelöst. Im Leben giebt
2302 3515 2414 3569 holm
829 3512 1563 3573 chend volle Haus. Die erwartungsvolle
1581 3554 2288 3612 es zwar auch mehr Tragikomödien als
826 3553 1550 3630 Stimmung, die man gestern den „Neuen“
2301 3556 2416 3614 wußt
1563 3578 2303 3657 Tragödien, aber so ein in seiner Kom¬
2303 3594 2423 3651 Jahr
822 3601 1562 3667 entgegenbrachte, wie dem neuen Stück,
842 3635 880 3677 de
1571 3632 2291 3702 plizirtheit Ganzer und Vollsaftiger wie
900 3642 1551 3707 gegeben wurde, war jedoch ganz be¬
2308 3643 2417 3694 Feue
1574 3674 2293 3750 der „Hofreiter“ scheint Einem aber doch
2297 3684 2402 3736 Die
903 3686 1567 3746 derer Art. Denn das Stück war von
1570 3718 2293 3782 zu schade für die Umgehung einer letzten
2297 3723 2417 3777 muß
868 3710 1553 3792 irthur Schnitzler und die neuengagirten
1576 3757 2281 3823 Konseauenz. Gerade weil er Einen in
2305 3767 2403 3821 werk
837 3760 1552 3831 Schauspieler, die man kennen lernen
1563 3792 2282 3867 der aufregenden, wirkungsvollen Drenen
823 3797 1557 3862 sollie, kamen vom Wiener Burgtheater.
2296 3803 2397 3864 gen
1556 3831 2282 3912 der letzten Akte noch fester gepackt, denn
2291 3848 2402 3905 litte
817 3850 1513 3908 Das erweckte große Hoffnungen und ¬
1556 3879 1726 3931 zuvor.
813 3874 1543 3956 der rauschende Beifall, der durch das Haus
2297 3890 2400 3957 inn
1594 3897 2290 3994 Das Stück erregte gestern bei dem ver¬
815 3928 1554 4010 dröhnte, bewies, daß sie erfüllt wurden.
1564 3956 2292 4021 ständnisinnnigen Elite=Publikum inten¬
855 3972 1550 4038 Was zunächst das Stück betrifft, so
810 4001 1554 4066 kann man den Eindruck dahin zusammen¬
1565 4002 2402 4102 sivstes Interesse, nicht nur an und für mit
1554 4045 2392 4139 sich, sondern weil seine bedeutendste Ge= Bre
820 4049 1550 4114 fassen, daß wohl noch nie ein Drama des
1564 4084 2280 4147 stalt von Arnold Korff verkörpert wurde.
820 4098 1543 4167 eminenten literarischen Wiener Arztes das
2279 4122 2463 4208 zwi.
1566 4126 2301 4197 In ihm hat das Irving Plate Theater
801 4148 2279 4229 New Yorker Publikum so genackt und ers unMenschdrt
2208 4158 2375 4215 Ab
2679 4134 3128 4213 Sesehermenter Keneen
3174 4135 3268 4209 Ae
