3248 4384
160 323 1161 440 24. Das veite Land
1273 333 1737 428 box 29/2
321 657 580 711 n, London,
306 694 1298 792 iris, Rom, öan Francisco, Stockholm, #r. Peterser
579 754 1027 814 (Enellenangebe eime Gewäse).
1976 826 2064 881 S
903 821 1007 881 enh
298 794 1397 945 (schult aue: Aheigisch uouasunt. Zeitung, ESSe
484 858 569 939 J-
1506 863 2733 927 (Leben irgendwo zu Ende abschnurren zu lassen. Auch die letzte
1513 894 2721 981 [Liebste, die ihn begleiten will, scheucht er von sich: „Aus, Erna,
799 919 941 1001 Sun-
310 936 656 1029 Teili ist.
1516 947 2708 1023 auch zwischen uns. Du bist zwanzig, du gehörst nicht zu mir.
1574 995 2723 1059 Diese ausführliche Nachzeichnung der Hauptlinie erschien
655 984 1056 1074 PRE
1505 1036 2718 1103 nötig, da sie in der gestrigen Aufführung nicht restlos klar wurde.
356 1052 1488 1133 □ Essen, 9. Jan. Stadttheater: „Das weite Land.“ Das
1501 1068 2721 1145 Mancherlei Varianten des Themas laufen nebenher. Wenn
307 1084 1490 1175 Hin und Her der Geschlechter, oder wie der auch hier wieder auf¬
1514 1099 2710 1182 man das Drama als eine geschlossene, mit Notwendig¬
1507 1142 2219 1210 keit sich erfüllende Handlung auffaßt
305 1160 1497 1218 lauchende räsonnierende Schriftsteller Albertus Rhon im Zwischen¬
2266 1161 2710 1219 und wir wollen daran
309 1179 1488 1254 spiel es einmal formuliert, „die tiefe Unsicherheit aller irdischen
1505 1185 2707 1249 vorläufig noch festhalten — so ist diese Tragikomödie sicherlich
301 1221 1487 1293 Beziehungen zwischen Mann und Weib“, ist das Grundthema des
1506 1223 2713 1297 kein Drama. Aber das hat seinen Grund in der Meiung
294 1254 659 1319 Skeptikers Schni
1505 1266 2717 1323 Schnitzlers von der Welt und den Menschen, unter denen ihm
677 1271 1498 1332 s„vielleicht" kann ebensogut ein
300 1303 1494 1373 „vielleicht au und es beherrscht nicht nur die Zu¬
1499 1297 2712 1372 seine Wiener Zeitgenossen am nächsten stehen. Und das ist die
294 1337 1483 1411 kunft, sondern auch die Vergangenheit. Man kann nichts wissen,
1498 1351 2708 1412 entscheidende Frage: will Schnitzler hier ein zeitlich und örtlich
290 1378 1493 1452 und man soll nichts vorhersagen, nicht für die nächste Minute
1496 1375 2712 1455 begrenztes Spiegelbild geben, ist also diese Auffassung des Lebens
290 1419 1493 1492 kann man einstehen. Der Menschen Tun und Lassen entscheiden
1504 1425 2716 1490 als ein frivoles Gesellschaftsspiel lediglich Sachgestaltung? Oder
297 1465 1487 1528 nicht Grundsätze, sondern die Zufälligkeiten des Alltages; ein
1504 1457 2720 1544 steht der Dichter selbst im Reigen seiner Geschöpfe, als ein un¬
282 1493 1485 1565 Wort, ein Blick, eine Situation, eine Wallung des Bluts sind
1499 1499 2706 1576 bekümmerter Tänzer im Chaos dieser Welt? Dann wäre er,
1506 1537 2707 1600 trotz all der erstaunlichen künstlerischen Kultur, die auch in
286 1543 1484 1615 mächtiger als der sogenannte Charakter. Zwischen Mann und
291 1576 1479 1642 Weib gibt es keine Logik, sondern nur Willkür, Laune, Trieb.
1495 1578 2706 1654 diesem Stück wieder wirksam ist, für uns ein toter Mann. Aber
1490 1629 2396 1690 es ist wohl zu früh, diese Frage zu entscheiden.
293 1613 1482 1688 Im dritten Akte läßt der Dichter den Kern und Gehalt des Stückes
284 1658 1479 1727 zu Protokoll geben: „Sollte es Ihnen nicht aufgefallen sein, was
1543 1661 2695 1732 Der Aufführung fehlte eins: der wienerische Glanz, die
293 1699 1480 1771 für komplizierte Subjekte wir Menschen im Grunde sind? So
1489 1693 2705 1773 tänzerische Grazie, die auch über Schwermut und Verzweiflung
284 1739 1482 1801 vieles hat zugleich Raum in uns —! Liebe und Trug ... Treue
1500 1739 2698 1814 noch einen Hauch von Komödie breitet. Das war alles so nord¬
279 1791 1481 1843 und Treulosigkeit ... Aubetung für die eine und Verlangen nach
1498 1773 2699 1851 deutsch, schwerfällig, so unschnitzlerisch; es konnte auch ein un¬
273 1819 1477 1889 einer anderen oder nach mehreren. Wir versuchen wohl Ord¬
1495 1820 2691 1890 wahrscheinlich schlechter Ibsen oder ein überlebensgroßer Suder¬
278 1850 1477 1930 nung in uns zu schaffen, so gut es geht, aber diese Ordnung
1493 1856 2704 1923 mann sein. Einzig die Herren Bartsch (Natter) und Hübner
285 1891 1475 1982 ist doch nur etwas Künstliches . .. Das Natürliche ... ist das
1482 1888 2698 1965 (Mauer) und Frau Csillag (Anna Aigner) gaben etwas von
285 1934 1246 2000 Chaos. Ja — die Seele .. ist ein weites Land.
1483 1931 2700 2014 dem, was allein dies Stück in die Grenzen der Möglichkeit
336 1977 1465 2041 Schnitzler führt diese seine neue (oder doch früher nie so ins
1489 1978 2697 2045 rücken kann. Herr Rüthling hatte den Hofreiter sehr fleißig
277 2026 1471 2084 grelle Licht gerückte) Anschauung konsequent durch. Der Fabri¬
1487 2021 2701 2092 und mit Verständnis ausgearbeitet, aber sein Naturell gibt nicht
266 2064 1466 2128 kant Friedrich Hofreiter läßt sich treiben von Moment zu Mo¬
1483 2055 2694 2135 her, was hier nottut; am nächsten kam er der Gestalt, abgesehen
271 2097 1459 2168 ment und folgt blindlings und rücksichtslos der Eingebung des
1476 2088 2688 2189 von der verfehlten Schlußgeste, in den beiden letzten Akten. Gut,
264 2126 1441 2205 Augenblicks; Ordnung zu schaffen hat ja gar keinen Zweck. I
1486 2137 2689 2213 wenn auch ebenfalls etwas zu schwer, waren die Genia des Fräu¬
266 2171 1472 2236 mehr graue Haare sich in seinen Scheitel stehlen, desto krampf¬
1485 2172 2685 2250 lein Rosmer und der Otto des Herrn Walleck, die ja als
263 2220 1460 2284 hafter hält er die Don Juan=Rolle fest, aus Eitelkeit, Gewohnheit
1474 2214 2687 2292 Außenseiter in dem Treiben stehen. Fräulein Preußer wird
265 2259 1458 2322 und Sehnsucht nach der Jugend, die zugleich Angst vor dem Alter
1481 2250 2687 2328 die sehr schwierige Rolle der Erna noch studieren müssen; die
266 2296 1464 2367 ist. Sein Egoismus läßt ihn sogar die Liebe und Treue seiner
1475 2290 2687 2371 Anlage war richtig, aber der Ton stimesse noch nicht. Herrn
264 2328 1465 2407 Frau als anspruchsvoll empfinden, ihre Tugend geniert und be¬
1482 2332 2690 2393 Striebecks Aigner war unzwlängsich." Die Pausen waren
263 2368 1461 2444 lästigt ihn, setzt ihn ins Unrecht, und als sich einer seiner Freunde,
1468 2364 2681 2442 zahlreich und überlang; es war gegen ½12 Uhr, als der Vorhang
1474 2417 1911 2483 zum letzten Male fiel.
258 2416 1462 2482 dessen Werben sie abgewiesen hat, ihretwegen umbringt, wird sie
262 2452 1455 2518 ihm geradezu unheimlich. Seinem amoralischen und ganz in
266 2488 1464 2547 Diesseits aufgehenden Empfinden erscheint Weibestugend als
261 2534 1470 2603 etwas Unwesentliches gegenüber einer so irreparablen Sache wie
256 2559 1468 2648 der Tod. Und in plötzlicher Wallung schreit er ihr seine Stim¬
253 2606 1468 2687 mung ins Gesicht, mit Worten, die, kaum ausgesprochen, schon
254 2657 1463 2722 nicht mehr wahr sind, die aber fortwirkend die letzten Trümmer
2033 2675 2081 2758 880
252 2686 1471 2736 seiner Ehe umstürzen. Frau Genia läßt sich gleiten wie alle die
251 2734 1481 2813 anderen, im ersten Aufruhr schenkt sie sich dem ersten guten
251 2767 1463 2843 Jungen, der ihrer begehrt. Aber als Friedrich, der in den Dolo¬
1780 2773 2890 2897 0Mn. 1973 Generalanzeiger für Düsseldos!
248 2804 1463 2881 miten derweil ein neues Abenteuer zum gewohnten Ende geführt
258 2847 1465 2928 hat, heimkehrt und die Wendung der Dinge entdeckt, fühlt er sich
2321 2863 2624 2957 Dassciloni
248 2890 1465 2967 zwar im ersten Moment wundervoll erleichtert, aber dann lassen
250 2932 1476 3000 ihn alle Genüßlingsphilosopheme im Stich, und er zwingt, da
245 2971 1465 3042 er in den Augen der Leute wissenden Spott flimmern sieht, den
2616 2967 2746 3038 —
1774 2972 2071 3049 Hüptdarsteller.
240 3011 1467 3069 Nebenbuhler brüsk vor die Pistole. Gewiß zunächst nur, um
1821 3030 2389 3113 Das Stadttheatelführte
244 3053 1462 3121 einer Formalität zu genügen, aber als es soweit ist, schießt er
2450 3039 2751 3119 nitzlers Tragi¬
1814 3058 2736 3164 mödie „Das weite La
246 3086 1462 3168 ihn dennoch über den Haufen. Der Alternde hat die frische
1808 3119 2732 3201 tzung auf. Aber selbst der sauber herausgearbeitete
244 3122 1461 3201 Jugend des Andern plötzlich als freche Provokation empfunden.
1804 3165 2733 3245 sonversationsstil vermochte dem in Einzelheiten geist¬
215 3188 1489 3253 1 Das letzte Band zwischen den Eheleuten ist zerrissen; er geht, sein!
1793 3195 2732 3275 ichen, im ganzen recht schwachen Stück zu einem kräf¬
1776 3239 2735 3318 Eigen Erfolg nicht zu verhelfen. Den unmotivierten Bruch im
1762 3270 2721 3363 Charakter des Genia überbrückte Fräulein Rosmer um
1768 3313 2715 3394 so weniger, als sie ihn im ersten Akt stark vertiefte.
1763 3354 2726 3435 Herrn Rüthlieg gelang es, ein einheitliches Bild des
1756 3382 2720 3473 Fabrikanten Hofreiter zu geben, indem er ihn von An¬
1758 3435 2722 3519 fang an als leichtlebigen Stimmungsmenschen anlegte;
1750 3470 2705 3552 auf diese Weise wird auch das Duell aus einer Augen
1749 3514 2720 3591 blickslaune heraus begreiflich. In Episoden taten sich
1752 3543 2711 3629 die Damen Csillag (Schauspielerin) und Preußer (Erna)
1747 3583 2717 3670 hervor, sowie die Herren Walleck (Fähnrich), Striebeck
1751 3626 2709 3709 (Direktor), Hübner (Arzt) und Olsen (Serknitz). Das
1750 3663 2718 3741 Publikum amüsierte sich über die Bonmots des ersten
1735 3707 2712 3788 Aktes, schwieg nach dem zweiten und applaudierte zum
1749 3740 2706 3823 Schluß, jedoch nicht allzu begeistert. Schade um die
1739 3774 2722 3872 amüsante Novelle, die hier dramatisiert und zerstriche
1741 3815 1889 3870 wurde.
2573 3851 2663 3907 .
