3436 4352
288 207 1275 333 24. Das weite Land
1410 234 1863 331 box 29/2
715 1055 1893 1128 nügte über eine Reichsfinanzreform ablehnen, die denfligung.
655 1083 1754 1166 sozialen Ausgleich gegenüber den indirekten Steuern nicht,
663 1124 1685 1194 enthielt und einseitig einzelne Volksschichten belastete.
1751 1120 2796 1214 Die Wahlaufrufe der Fortschrittlichen Volkspartei und der
711 1159 2789 1247 Die nächsten Wahlen rufen das Volk auf zum Gericht! Nationalliberalen, die am gestrigen Tage an die Oeffent¬
667 1263 2798 1329 gefundene Gemälde zeigt den Dichter in Treiviertelansicht weniger ausgeprägt, seine individuellen Züge. Zugleich
664 1300 2795 1334 von links ausgenommen. Das linke Auge, die ganze Stir aber sind sie auch sämtlich mit dem Stempel einer ge¬
664 1336 1724 1393 partie und die obere Nasengegend haben volles Licht, das
1738 1350 2797 1406 meinsamen Kultur gezeichnet, beherrschen alle mit Sicher¬
669 1368 1731 1436 um die unteren Mundwinkel und um die Nasenflügel noch
1728 1389 2797 1433 heit den typischen plauschenden, liebenswürdig lächeln¬
669 1410 1725 1469 einmal emporzuckt. Das linke Ohr liegt bereits im tiefen
1740 1426 2797 1486 den, niemals ernsten Ton des Gespräches und suchen
674 1451 1741 1512 Schatten, so daß das Licht schräg von vorne eingefallen zu
1727 1467 2796 1508 einander zu übertreffen in der Kenntnis der intimen ge¬
671 1488 1730 1547 sein scheint, womit allerdings die Schatten auf der rechten
1729 1507 2798 1547 gesellschaftlichen Beziehungen und der neuesten Skan¬
664 1527 1728 1587 Wange nicht ganz in Einklang zu bringen sind. Ueber den
1726 1543 2801 1598 dälchen und Sensatiönchen. Das Ideal der jüngeren
669 1558 1736 1625 Angen fallen die seingeschnittenen Brauen auf. Die Augen
1737 1580 2802 1636 Generation, zu der sich noch mancher freiwillige Rekrut
671 1598 1725 1656 selbst blicken zu weltklug auf den Beschauer, der üppig auf¬
1725 1616 2789 1674 aus den höheren Jahrgängen gesellt. ist natürlich das
669 1649 2797 1719 geschürzte Mund hat einen leicht spöttischen Ausdruck. Mag! Tennis. Besonders gut gelungen ist ein junger Fanatiker
656 1680 1736 1747 aber das Bild auch Porträtähnlichkeit besitzen, den Eindruck
1727 1698 2786 1756 dieses Spieles, der mit dem Racket auf die Welt ge¬
669 1712 1720 1787 Ivon Kleists Wesen gibt es nicht wieder. Das Rätselhafte.
1721 1740 2785 1792 kommen scheint und der immer in den spannendsten und
1041 1764 1728 1834 ##ale ist schließlich noch besser in dem
1727 1776 2789 1837 diskretesten Situationen vom Tennisplatz hergestürzt
821 1775 1342 1862 Zeitungsausschnitte
1481 1808 1722 1864 an“ Gewiß
1731 1813 2793 1878 kommt und schon von Weitem aufgeregt von der letzten
1547 1842 1730 1898 da er so
1723 1854 2784 1914 Partie berichtet. Etwas anderes hat ihm die Natur als
629 1847 972 1924 Berlin N. 24
1210 1855 1520 1926 Telephon III. 3061.
1549 1886 1727 1937 aber es
1724 1890 2780 1950 Lebensaufgobe nicht auferlegt. Herr Kanzenel traf
1550 1924 1723 1975 genblicke
1723 1928 2790 1973 den Ton dieser Gestalt, die eine keineswegs nebensächliche
1543 1967 1718 2016 braunes
1721 1964 2780 2024 Rolle spielt und ihre ganz bestimmte Aufgabe in der
893 1966 1285 2051 Ausschnitt aus
1552 2004 1716 2054 hen nur
1732 2007 2797 2067 Entwicklung der Handlung hat, mit sicherer Erfassung des
1550 2041 1720 2096 dnet ins
1731 2044 1966 2100 Typus.
1976 2049 2784 2101 Schon diese flüchtigen Andeutungen lassen
1724 2087 2466 2148 als einen charakteristischen Zug
2467 2086 2784 2150 des Stuires
658 2062 1717 2166 General-Anzeiger, Frankfurt a. M. standen
1725 2106 2043 2178 den Reichtum
1549 2123 1726 2186 agte die
2070 2125 2157 2173 an
2182 2118 2790 2187 Charakteren erkennen, den
1589 2156 1727 2213 runde
1731 2143 2782 2217 Schnitzlers Kunst hier geschaffen hat, und den im Ein¬
1027 2158 1375 2258 1911 M
1577 2199 1715 2252 r ganze
1723 2202 2785 2258 zelnen zu beobachten, vielleicht der größte Reiz des Stückes
1541 2236 1718 2289 jeheuren
1725 2242 2789 2300 ist. Zugleich aber taucht schon hier ein grundlegender
1535 2281 1723 2328 iche war
1722 2278 2784 2342 [Mangel an der die Wirkung des Stückes empfindlich
1538 2315 1724 2377 haftester
1726 2320 2782 2379 schädigt. Es ist kein Zufall, daß der Dichter jede seiner
1534 2351 1727 2412 serständ¬
1719 2354 2794 2410 Gestalten so subtil und persönlich schildert. Es ist viel¬
1595 2396 1709 2451 .K.
1712 2383 2787 2464 mehr eine notwendige Folge seiner psychologischen An¬
1722 2436 2776 2490 schauung und jener moralischen Theorie, die Schnitzler
733 2418 1710 2500 —Frankfurter Schauspielhaus. Die mit Spannung
1720 2479 2787 2536 mit dem Titel seines Stückes symbolisch ausdrücken will.
655 2474 1708 2538 erwartete erste Aufführung von Arthur Schnitzlers
1718 2513 2774 2570 Denn sein eignes Leben hat den Dichter gelehrt, wie falsch es
651 2508 1718 2574 Trggikomödie „Das weite Land“ hat sich nun end¬
1712 2547 2779 2612 ist, den Handlungen des Menschen einen engbegrenzten Weg
650 2562 1711 2612 lich am Samstag ermöglichen lässen: Die Aufnahme des
1709 2581 2779 2641 vorzuschreiben und sie nach einem festen Maßstab zu beur¬
656 2589 1704 2652 Stückes war so, wie sie in den letzten Jahren die Premieren
1708 2627 2777 2694 teilen und er hat erkannt, ein wie ungeheuer kompliziertes
656 2614 1715 2695 neuer Stücke oft gefunden haben: es war kein Mißerfolg,
1704 2655 2776 2729 Gebilde die Seele des Menschen ist, und daß es unmöglich
669 2670 1718 2731 es war aber auch kein Erfolg. Schnitzler wird als Dichter,
1715 2708 2785 2766 ist, dieses Chaos unbewußter Gefühle und bewußter Ver¬
770 2716 1705 2772 als Menschengestalter niemals versagen. Seine
1712 2739 2782 2811 nunft mit Machtworten und Vorschriften zum Kosmos
651 2734 1708 2812 Menschen tragen immer eigene Züge. Sie haben jeder
1722 2784 2774 2842 zu verwandeln. Und er beobachtet nun von diesem
657 2784 1710 2839 mit sich selbst zu tun, erleben jeder sein eigenes und eigen¬
1713 2811 2777 2877 Standpunkte aus das Treiben der Menschen und ins¬
667 2821 1705 2886 tümliches Schicksal und haben einen eigenen Maßstab für
1718 2862 2771 2912 besondere der leichtlebigen Gesellschaft in den Kurorten
662 2859 1708 2926 ihre Handlungen, — während sie gegenüber den Hand¬
1718 2907 2779 2951 und den Sommerfrischen des Hochgebirges, das seinen scharf¬
668 2906 1701 2957 lungen der Mitmenschen die vorgeschriebene Moral zur
1716 2939 2788 3002 und weitblickenden Augen bald als ein komisches Ge¬
672 2942 1707 3011 Anwendung bringen. Es gehört eine große dtief¬
1717 2979 2776 3035 wimmel, bald aber auch als eine Tragödie erscheinen muß.:
662 2982 1705 3036 reichende Kenntnis der Seele dazu, um a. diese
1714 3018 2787 3083 Das ist die eigentümliche Auffassung vom Handeln des!
656 3020 1697 3079 Variationen menschlicher Charaktere, wie Schnitzler sie in
1716 3054 2445 3117 Menschen, zu der Schnitzler gelangt ist.
660 3056 1706 3120 besonderer Reichhaltigkeit gerade in diesem Stücke geschaffen
651 3088 1713 3156 hat, auf ihrer eigenen Bahn zuhalten und auch den kleinsten
1734 3103 2368 3168 Von hier aus aber ist es
2361 3100 2786 3177 nicht möglich, zu
664 3140 2782 3198 Rollen ein eigenes Gesicht zu geben. Da ist auch keine von leiner dramatischen, geschlossenen Handlung zu ge¬
665 3174 1713 3230 den zahlreichen Gestalten, die das Per sonenver zeichnis anführt,
1700 3190 2782 3259 langen, di diesen Einzelwesen, deren jedes nur seine
656 3226 1702 3273 mit der Schablone hergestellt. Jede ist dem wirklichen
1711 3230 2765 3289 egoistischen Zwecke verfolgt, jede Beziehung zu dem großen,
652 3264 1711 3312 Leben entnommen und zeugt von scharfer Beobachtung,
1708 3268 2777 3313 gewaltigen Schicksal fehlt, die dem Leben einen Sinn geben.
641 3297 2777 3384 wie sie nur dem Dichter eigen ist. Jeder trägt, mehr oderl und die jenen Verlauf des Menschenlebens herbeiführen,]
