3344 4352
1128 183 1197 256 I7
1405 189 1869 274 box 29/4
281 184 1256 288 24. Das veite Lann
1165 966 1544 1063 —
1168 1081 1503 1175 EIE
689 1151 1437 1244 Sersentheheten Aotennerradae
476 1210 1431 1306 ERLIN SO 16. RUNGESTRASSB 22-24
519 1369 1434 1498 Frankfurter Zeitung
712 1482 1249 1551 Ausschnitt aus der Nummer vom:
824 1604 1482 1700 Morgenblat =JUL.192
2747 1662 3119 1747 M
1646 1740 3350 1807 Melancholie, der Grundton des Dichters, weht durch die Tragi=] Bantier des Herrn Schro
1672 1781 3341 1840 komödie. Jeder hockt in seinem Käfig und kann nicht durchs von ihr gut aufgemachten
748 1741 1463 1862 Kleines Jeuilleton.
1680 1818 2842 1886 das Gitter seiner Erinnerungen heraus. Der eine sagt sich's
2824 1832 3347 1892 beiderlei Geschlechts noch ru
1680 1854 1835 1909 zynisch,
587 1845 1671 1915 [Gastspiel der Rotter=Bühnen in Frankfurt.] Für
1821 1864 2832 1922 ein anderer mit Weltweisheit, die Frauen mit
2830 1872 3356 1931 Komödie stehen. Weitere 2
498 1898 1662 1952 die Dauer der Schauspielhaus=Ferien haben wir Berliner
1673 1900 2820 1958 milder Resignation. Die Frauen kommen bei Schnitz¬
2827 1907 3353 1971 Gäste zu sagen haben. Die
503 1932 1667 1987 Gäste. Siekommen mit ihren ersten Kräften, mit Berliner Prei¬
1676 1937 2823 2004 ler gut weg. Trotz der Sachen, die sie anstellen, trotz
2832 1952 3358 2014 besondere wienerische Note
501 1976 1674 2035 sen, mit Berlner Ansprüchen für Garderobe und Tageszettel.
1680 1979 2827 2042 ihrer Unbefangenheiten. Sie lügen hier weniger und erläu¬
2822 1990 3356 2051 seinen Kollegen zu geben:
498 2012 1673 2068 Sie fanden am Samstag ein volles und interessiertes Haus und
1679 2013 2835 2072 tern sich weniger, sie sind ehrlicher. Die Männer hingegen
2832 2025 3347 2091 der deutschen Reichshauptsta
502 2056 1674 2107 werden es noch öfters finden, denn es locken die großen Namen,
1678 2058 3356 2117 gehen mehr auf die Analyse sie plädieren, drücken sich am Von Nutzen wäre es, wenn
500 2082 1678 2147 es lockt Berlin und es lockt auch das Programm. Unsere städtische
1674 2090 2842 2158 Ethischen vorbei. Etwa: Wir sind sehr komplizierte Wesen.
2827 2115 3350 2169 reiter nach der Tiefe nicht
504 2123 2827 2175 Bühne war in der letzten Spielzeit zu sehr mit Uraufführungs= Es ist unmöglich, Ordnung in uns zu schaffen, das Natürliche
2826 2156 3357 2214 nommen würde. Der Gan
501 2175 1674 2234 Zyklen und Werken des klassischen Dramas beschäftigt, als daß es
1665 2173 2826 2241 ist eigentlich das Chaos. Der einzige Mensch von bürgerlich
2813 2183 3356 2261 sehen. „Das weite Land“ ist
506 2210 1673 2267 das Theaier der leichten und halbschweren Unterhaltung hätte pfle¬
1664 2215 2817 2281 anständiger Gesinnung, ein Arzt, spielt die Rolle des Gerbers,
2828 2226 3348 2285 ein sehr weites Land, ja, der
502 2248 1660 2306 gen können. Eine willkommene Abwechselung also? Fast ist unser
1667 2258 2823 2322 dem die Felle fortschwimmen. Auch er sieht das Chaos und
2828 2274 3354 2322 gung für viel Ueberhängend
491 2299 1667 2357 an so viele Ekstasen gewöhntes Ohr kaum noch befähigt, die leicht
1676 2294 2831 2357 die Unsicherheit von Mensch zu Mensch, aber er fände im wei¬
499 2334 1669 2372 geschnellte Wechselrede aufzunehmen und spitzem ironischem Ge¬
1678 2337 2842 2411 ten Lande seinen Weg. Die andern verstreuen Erkenntnisse,
492 2363 1668 2427 züngel zu folgen — aber nein: wir könnten schon, denn wir konnten
1670 2370 2842 2445 die bekannten Schnitzlerschen Erkenntnisse. Sie sind mit der
503 2412 1665 2467 ja auch bei Shaw und anderen Autoren des heimischen Spielplans,
1667 2415 2840 2472 Zeit billig geworden, wenngleich ihre Form in glänzenden Fa¬
494 2448 1667 2506 aber unsere Gäste sind noch nicht mit der Akustik des Hauses ver¬
1673 2455 2826 2524 cetten funkelt. Nicht spürbar, daß hier ein gerechter Spiegeler
497 2481 1662 2544 traut. So fielen am Samstag manche Auftritte „unter den Tisch“
1670 2496 2834 2553 durch die Gewalt seines Gemäldes schreckt und straft. Der Dicht
500 2523 1667 2596 und manche mußten halb erraten werden. Es ist nützlich, gleich
1671 2538 2829 2600 ter zieht sich ins Objektivere zurück und hat leere Hände. Der
504 2566 1668 2611 zu sagen, daß ein Schauspieler, der zu Gunsten letzter Zwanglosig¬
1665 2584 2830 2656 Seelenschürfer Schnitzler hat keine Sprengpatronen in seine
503 2600 1664 2671 keit mit der Zigarre im Munde spricht, bei uns sehr laut und deut¬
1666 2610 2103 2688 Minier=Arbeit gelegt.
498 2637 1329 2703 lich reden muß wenn er verstanden sein will.
566 2670 1673 2739 Artur Schnitzlers vor elf Jahren geschriebene Tragi¬
1712 2679 2841 2765 Die Rotter=Bühne ist auf die Tragikomödie trefflich eingespielt.
2157 2713 2245 2762 110
500 2701 1658 2784 komödie „Das werr? Land“ eröffnet. Ein Stück ohne den
1665 2710 2840 2811 Zwar nahm die erste Frankfurter Aufführung das Tempo zu lang¬
2147 2771 2304 2805 granhert#,
492 2757 1670 2800 Klang der aufgeregten Zeit, ohne Aufruf, ohne sittliche Forde¬
1663 2769 2839 2832 sam, doch mögen das die veränderten Umstände verschuldet haben,
487 2792 1657 2846 rung, ohne Schrei. Als wären die letzten Jahre, die in jeder
2524 2814 2577 2846 H
1671 2812 2838 2872 ebenso das Zuleise=Sprechen, das einige Stellen versanden ließ.
501 2838 1665 2898 unserer Zellen spuken, nicht gewesen Man wird diesmal
1662 2844 2842 2912 Aus ihren guten, mittleren und kleinen Kräften ragen zwei
487 2870 1660 2939 nicht mit der Menschheit befaßt, es geht um den Menschen.
1658 2891 2625 2946 Spitzen: Frau Triesch und Herr Korff. Diese —
2611 2896 2841 2948 eine Köst¬
485 2923 1655 2967 Doch um den Menschen aller Zeiten. Das weite Land ist das
1667 2921 2826 2995 lichkeit, sie wieder einmal zu hören! — trug Schnitzler über Schnitz¬
491 2948 1655 3005 Chaos in jeder Brust. Der Dichter — wie so oft — bekennt
1667 2965 2835 3025 ler empor. Sie enthüllt Genias Frauen=Leid, Frauen=Duldertum,
490 2985 1654 3054 nicht. Er stellt fest. „Wir spielen immer, wer es weiß, ist klug.“
1666 3004 2837 3062 Frauen=Sehnsucht, enthüllt die Verhängte und Begehrende mit
488 3030 1652 3089 Ein Dutzend Menschen leiden an der Liebe. Hofreiter, der Weiber¬
1668 3047 2835 3109 Zagheit und Ungestüm, mit wehem Lächeln und müden Bewegun¬
494 3062 1656 3129 fresser, betrügt seine Frau mit der Frau eines Bankiers, dann
1655 3081 2825 3143 gen, mit stummer Versunkenheit, mit allem Rührenden und Innigen,
485 3109 1655 3169 mit der Geliebten eines Freundes und — kann von seiner Frau
1651 3123 2825 3180 das diese Genia haben könnte, haben müßte, wenn nicht Schnitzler
491 3152 1620 3207 nicht lassen Der Bankier weiß vom Betrug seiner Frau und -
1705 3165 2822 3214 „Wir spielen immer“ — den Einfall gehabt hätte, sie dem Hörer
480 3180 1656 3243 kann von ihr nicht lassen. Ein ob seiner Liebesabenteuer weithin
1656 3200 2826 3246 durch ihren Jünglingsraub zu entfremden. Frau Triesch schmolz
490 3219 1657 3283 berüchtigter alter Herr, von seiner Frau geschiede, gesteht, daß
1657 3237 2825 3297 die Seele in dem Abend und so oft die hilflos die Flügel schlug,
491 3258 1652 3320 er nur sie geliebt. Genia Hofreiter ist zutiefst gekettet an den
1671 3275 2838 3316 wurde es warm auf der Bühne. Zu ihr in schärfstem Kontrast
485 3308 1652 3363 Mann, der sie hintergeht und den sie hintergeht beinahe mit einem
1663 3316 2819 3375 Herrn Korffs Hofreiter: Ein bedenkenlos Griffiger, ein Skeptiker,
488 3336 1649 3400 Musiker, der sich ihretwegen totschoß völlig mit einem Jüngling,
1657 3345 2821 3414 Zyniker, nur augenblickslang nach innen gerichtet, mit der Klavia¬
492 3376 1653 3438 dem Sohn einer mütterlichen Freundin den ihr Mann deswegen
1659 3399 2814 3441 tur der Töne, die Weiber fangen, von letzter Sicherheit des We¬
485 3425 1653 3488 totschießt. Oder doch nicht „deswegen“? Nein, weil der Junge
1658 3436 2822 3498 sens kühl jedes Wort zur Helle hebend. Es fielen noch auf: Herr
491 3443 1548 3522 jung ist. Also aus Alte panik heraus, oder aus
1540 3470 1649 3528 einer
1659 3465 2817 3527 Keller=Nebri, der dem Lebens=Ueberschauer Aigner eine
489 3481 695 3556 Wallung
772 3491 1344 3557 denn alles ist ein Spiel
1424 3499 1540 3558 und
1535 3506 1658 3559 auch
1659 3513 2231 3575 fesselnde Physiognomie gab,
2248 3515 2820 3578 Frau Saldern, die in
492 3526 823 3586 aus Eisersucht.
849 3529 1650 3592 Doch nur aus einem Beischuß dieser,
1658 3551 2822 3604 einer von Erfahrung beschwerten Mutter=Rolle bewegte,
496 3578 1663 3626 denn Hofreiter nimmt seiner Frau fast übel, daß sie sich dem
1661 3588 2822 3662 der mit Einfachheit genommene Doktor des Herrn Klein, die
488 3606 1658 3677 Musiker nicht gab. Das weite Land der Seele ist ein schwanken¬
1656 3626 2826 3680 leicht komisch färbende Frau Schneider=Nissen Frl.
485 3656 2830 3732 der Boden und nur eins scheint ehern — Schnitzler sagt es ans Tietz, eine kluge Darstellerin, die einen aber im wichtigsten
488 3687 2837 3763 anderer Stelle —: „Was war, das ist!“ Diese hoffnungslose Augenblick noch nicht an sie glauben läßt, der haarscharf gestellte
2902 4114 3050 4183 —
