3436 4256
1451 91 1898 181 box 29/4
319 77 1287 182 24. Das weite Land
766 1007 1387 1134 Klose & Seidel
765 1116 1369 1196 Bureen für Zeitungsausschnitte
710 1181 1442 1265 Berim NO. 43, Gror enrirchplatz 21
692 1338 1455 1412 Zeitung: Berliner Lokal-Anzeiger
1038 1412 1227 1479 Berlin
689 1408 840 1490 On:
692 1488 1450 1558 Datum: n
928 1497 1088 1625 8 500
1471 1670 2367 1756 Wünsche und Lüste zu kennen meinen wie ein
723 1646 1277 1777 Residenz-Theater.
1474 1733 2369 1794 „ausgeklügelt Buch: Und so erlebt man denn
1478 1767 2368 1827 mit Lachen und Weinen, als ob man selbst da auf
551 1749 1455 1844 s, weite Land“, Tragikomödie in fünf
1467 1801 2358 1871 der Bühne in fremder Maske mitsvielte, das Spiel
680 1810 1328 1867 Akten von Arthur Schnihzler.
1471 1844 2363 1907 des Lebens, das so leicht, so federleicht anmutet
582 1867 1442 1940 Die Unaufführung liegt gehn Jahre zurück, fast
1467 1875 2370 1949 und in Tod und Tränen und bitterer Einsamleit
545 1912 1443 1970 auf den Tag. Auch damals war, im Lessing¬
1456 1927 2371 1985 und ... Ekel endet. Erlebt, wie einer den an¬
547 1954 1453 2017 Theater, Irene Triesch die Frau Genia, die ihrem
1461 1962 2366 2029 dern der Mann die Frau, die Frau den Mann,
543 1995 1452 2050 leichtsinnigen Manne so lange treu war und wei¬
1460 1998 2354 2064 der Freund den Freund, die Freundin die Freun¬
534 2039 1447 2087 ter treu sein möchte, weil sie ihn trotz allem und
1465 2033 2356 2109 din betrügt und wie sie im Grunde doch alle sich
537 2062 1453 2129 allem liebt, die dann aber doch, wie die andern
1470 2079 2358 2145 nur selbst betrügen. Warum? Wer wüßte Ant¬
538 2113 1453 2163 in den wunderlichen Reigen des Lebens mitver¬
1466 2107 2364 2185 wort. .. „Das ist ein weites Feld!“ würde
535 2136 1446 2212 flochten, dem Schicksal ihren Tribut zollen muß,
1454 2160 2358 2215 der alte Briest sagen. Auch Schnitzler weiß es
534 2170 1449 2247 weil das Blut, das . . . ja, das Blut es so will.
1462 2195 2359 2259 nicht, warum. Auch er läßt die Frage offen, der
541 2217 1443 2291 Und da sie nun wieder, nur an anderer Stätte,
1467 2238 2354 2295 große Menschenkenner, eben weil er ein so großer
534 2256 1442 2316 die gleiche Frau Genia Hofreiter ist, will es schei¬
1460 2278 2348 2340 Menschenkenner, ein so tiefer Seelendeuter. Da¬
534 2302 1451 2361 nen, als ob die zehn Jahre wie ein Traum ver¬
1455 2310 2348 2380 her der schmerglich=leise, geheimnisvolle Titel:
537 2334 1444 2417 flogen: sie ist dieselbe geblieben, an ihr sind diese
1463 2362 2365 2407 „Das weite Land“ Wir kennen es nicht, wir
520 2373 1152 2435 Jahre spurlos vorübergegangen.
1460 2394 2351 2458 ahnen es nur, wir leben. Und das heißt Leid be¬
559 2420 1427 2474 Kur sind an Stelle von Heinz Monnard, Hans
1454 2434 2359 2503 reiten, Leid erfahren ... bis zu Tod und Tränen
536 2453 1444 2527 Marr, Kurt Stieler andere getreten: der Friedrich
1453 2473 1933 2531 und Einsamkeit und Ekel.
530 2500 1441 2570 Hofreiter, der alle Herzen zu sich zwingt und das
1528 2509 2353 2577 Korff also der Friedrich Hofreiter. Elegant
522 2536 1442 2602 Leben mit Lachen meistert, bis auch ihn die
1456 2547 2351 2613 in der Linie, läsig, mit dem leicht angegrauten
521 2572 1445 2628 Schatten würgen, ist Arnold Korff, der gute,
1456 2591 2356 2657 Haar, den künstlich kühlen Augen, dem sinnlichen
518 2607 1442 2676 brave, anständige, noble Doktor Maur ist Josef
1450 2627 2350 2698 Mund, der Schmeichelstimme der Typ, auf den die
530 2654 1292 2730 Klein, der blutjunge Fähnrich ein Herr
1332 2660 1435 2729 arry
1455 2669 2365 2752 Frauen ... fliegen. Und ganz Realist. Spielt
515 2685 680 2744 Hardt.
1446 2702 2351 2776 Leben, Leben, wie es ist. Zuweilen denkt man
562 2704 1259 2803 Das Stück selbst, mit einigen Zeit
1308 2726 1434 2797 uschen,
1455 2759 2352 2822 an Bonn, wenn er, in den „großen“ Szenen,
518 2768 1205 2825 die überflüssig sind, ganz das alte.
1447 2795 2347 2856 Mime wird. Da wird er einem fremd. Aber im¬
517 2798 1434 2875 seinen Vorzügen und mit all seinen Schwächen.
1440 2829 2266 2894 mer wieder drängt doch Verwandtes zu ihm
516 2836 1427 2913 Wundervoll der beschwingte Dialog, der so sein
1436 2856 2349 2933 leise stöhnt das Herz: das bist ja du, du selbst!
527 2888 1438 2950 dem Leben abgelauscht, wundervoll auch die me¬
1488 2909 2349 2985 Seine Frau Irene Triesch. Nervös, vom Ge¬
513 2933 1428 2985 lancholische Grazie, mit der hier die dunklen, ewig
1440 2947 2338 3019 wissen zerquält. Die dunklen Augen sprechen. Die
518 2961 1429 3035 dunklen Rätsel zwischen Mensch und Mensch be¬
1435 2982 2344 3051 Hände fiebern. Gattin, Mutter, Geliebte ... alles
521 2997 1421 3069 handelt sind. Man folgt dieser Komödie der
1451 3020 2350 3089 davon ganz und doch zugleich die Frau, die ihres
523 3043 1257 3102 Worte, diesem Zwischenspiel, dieser ...
1251 3045 1424 3110 Liebelei
1449 3063 2344 3127 Blutes dunkle Sünden in einen Wirbel des Ge¬
517 3082 1423 3131 mit atemloser Spannung, und selbst da, wo der
1444 3100 2345 3159 fühls reißen, aus dem es keine Rettung gibt. Sie
510 3123 1424 3186 Dichter vor Krassem und Gewagtem nicht zurück¬
1443 3143 2338 3211 hat sich meisterlich in Gewalt, sie gibt dem vierten
523 3158 1423 3222 schreckt, versagt das Herz ihm nicht die Anteil¬
1438 3179 2335 3244 Akt. der die Enideckung bringt und das Duell
514 3191 1418 3259 nahme, Vernunft nicht den Glauben. Immer
1439 3227 2332 3289 zwischen ihrem Manne und dem Fähnrich vorberei¬
504 3236 1427 3302 wieder sagt man sich, muß man sich sagen, der¬
1435 3256 2341 3328 tet, ein inneres Leben, das die sparsamen Worte
509 3271 1407 3338 weilen man hingegeben lauscht, betört auch — ich
1433 3298 2235 3349 Schnitzlers in heißem Feuer aufsprühen läßt.
515 3310 1421 3389 ####e es zu — von der Süße und Verhaltenheit
1466 3331 2339 3415 Gut der Arzt Josef Kleins (den ein Unfall fast
516 3344 1405 3414 des Tons: So ist das Leben! So ist es . .. lei¬
1442 3377 2342 3441 am Auftreten verhindert hätte): er ist wirklich
510 3372 1416 3457 der. Der alte Reigen, in dem wir alle, schicksal¬
1424 3418 2329 3485 der noble Mensch, den all dies sündhafte Treiben
516 3427 1394 3497 gebunden, tanzen. Nur Heuchler, Toren und ...
1431 3458 2324 3519 anwibert, schlicht, einfach, überzeugend. Gut auch,
516 3457 1422 3535 Einfältige können das leugnen, die Stolzen, die
1419 3494 2327 3543 im grauen Seidenkleidchen sehr süß anzuschauen,
519 3495 2324 3597 sich und der Seale weitas Land, des Blutes wirro! Gertrud Welcher als Erna Wahl mit ihren über¬
2378 1712 3130 1766 großen, dunklen Augen. Schroth marka
2383 1750 3067 1812 Bankier, Annelise Halbe ein wenig z
2378 1789 3036 1846 seine Frau. Sehr würdig Rosa Ber
2381 1835 3002 1888 Frau Meinhold, des Fähnrichs M
2378 1866 2973 1943 das hübsche Talent Harry Hardis
2383 1899 2590 1965 ausreicht.
2407 1930 2946 2001 Die Inszenierung weder Sch
2376 1973 2923 2045 Triesch und Korff, ja nicht ei
2372 2020 2899 2081 würdig, die schon Besseres gel
2386 2059 2893 2119 ist unmöglich, diese Hotelha
2368 2095 2877 2160 Rei. Schade! So fehlt de
2370 2137 2862 2194 Rahmen, der seine edle Ge
2362 2177 2875 2245 Kultur richtig hervortreten
2375 2210 2900 2280 mit leichter Muhe zu errei
2374 2258 3004 2334 Stürmischer Beifall dankt Korff un
2374 2300 2933 2363 und dem verlästerten Dichter.
2742 2336 3227 2429 Ludwig Sternauz--
