3392 4320
680 165 732 214 10
979 145 1041 219 L.
1364 154 1839 251 box 28/5
261 146 1218 257 24. Das 116and
988 891 1126 975 776
2284 918 2550 992 Rundschau
985 972 2539 1046 Ammnnnasngnsnnenaggnrapgen
982 1041 2538 1092 der Sprößling eines primitiven Volkes legt ein Quell sind sie, der sich selber abgräbt.
979 1075 1525 1142 Urtriebe gegeneinander los.
1754 1091 2549 1145 Wie ein Sternenstück, das in die Bögen der
1037 1144 2539 1181 Die Gliederung in Kosors“, Brand der Nacht verschießt. Die Perversion ins Pas¬
978 1183 1747 1245 Leidenschaften“ entfaltet sich zunächst in
1763 1187 2547 1244 sive hat es Otto Julius Bierbaum einmal
971 1233 1970 1299 der einfachsten dualistischen Form von einem geheißen.
986 1291 2536 1336 Spieler und einem Gegenspieler, worauf Konnte darum das Schauspiel nur drei
983 1335 2537 1379 im Innern des Spielers selbst der Haupt= Wiederholungen finden, darunter zwei vor
984 1380 2534 1443 kampf zwischen Gut und Böse, Gott und beschämend leerem Haus? Oder darum,
986 1434 2534 1478 Satan angebunden wird. Sonst gibt es weil diese Walze für eine Zeit abgespielt
975 1479 2527 1547 keine Verschlungenheit, keine Wirrung. Ist ist? Weil eine naturalistisch auf die Szene
983 1530 1742 1598 doch das des Rätsels genug, daß ein From¬
1763 1532 2528 1590 gestrichelte Ethnographie so wenig mehr
977 1578 1751 1644 mer sein Leben lang in Demut, Gottes¬
1765 1586 2530 1650 fesselt wie das Unterleben der geistig und
972 1627 1750 1687 und Menschenfurcht um den Nächsten wer¬
1759 1635 2531 1685 seelisch Eingeschränkten, oder weil Tolstoi
983 1679 1754 1747 ben kann und dann zum Ende ihm die
1758 1681 2530 1750 aus der gesellschaftlich gleichen Schicht schon
977 1728 1757 1778 Gurgel eindrückt. So der Ausgang des
1763 1734 2538 1790 Funken einer tieferen Sittlichkeit und Ge¬
980 1769 2532 1823 Dramas. Aber dieser Ausgang ist kein Ab= wissenspein schlug und uns Dostojewsky be¬
969 1843 2521 1897 schluß, denn der Bauer, der da seinen reits in die Mystik dieses großen, dichten¬
978 1876 2534 1927 tückischen Hasser und Widersacher nieder= den Volksgeistes bannte, während die
971 1920 2531 1975 stampft, wird kein anderer werden, sondern Qualen und apokalyptischen Schauer des
980 1975 2530 2026 weiterseufzen und keuchen, bis ihn der Bauern hier zu wenig außerpersönliche, all¬
966 2021 1690 2083 Wahnsinn oder der Tod hinwegwischt.
1741 2016 2398 2086 persönliche Bedeutsamkeit erlangen.
1788 2068 2524 2137 Immerhin kann man verstehen, daß die
1022 2073 1754 2139 So dumpf belastend scheint das Gefühls¬
1762 2123 2523 2183 Intendanz das Drama billigte. Es ist Erd¬
969 2129 1747 2190 und Willensleben der Slaven noch immer
1759 2174 2526 2234 geruch darinnen, Aufruhr und Nührung,
961 2171 1746 2235 zu verlaufen, denn, was uns hier einer
1760 2224 2526 2286 endlich Poesie, Urzellenpoesie, die biblische
972 2219 1743 2289 aus den kleineren slavischen Völkerschaften,
1752 2270 2531 2333 Poesie der Erzväter. Da teilt sich das
967 2271 1742 2342 ein Slavonier, vorführt, das haben auch die
1754 2321 2522 2381 Wesen noch frisch, unmittelbar mit von
969 2328 1732 2381 jüngsten Russen so abgeschildert. Bezeich¬
1747 2364 2523 2425 Mensch zu Mensch, vom Herrn zu Knecht
966 2375 1738 2420 nend ist, wie ihnen allen, ob sie nun Gorki
1746 2411 2526 2472 und Magd, und von Baum und Frucht,
974 2422 1740 2482 oder Brjussoff, Birinski oder Andrejanoff
1748 2455 2522 2527 Bienenschwarm und Pflugschar, von den
966 2472 1739 2528 heißen, derselbe dramatische Rhythmus eig¬
1759 2516 2520 2575 Stimmen der Wolfswildnis und des Abends
965 2525 1747 2587 net, nicht bloß die äußere Technik des breiten
1750 2564 2520 2626 wieder zu den Menschen. Und solches wird
962 2553 1742 2629 Pinselzuges, sondern auch das Pathos zur
963 2608 2525 2660 Tat und Selbstermannung, das uns west= in der sprachlichen Verständigung, im Aus¬
966 2658 2531 2707 liche Europäer so rhetorisch anklingt, dann druck wirksam, indem jede Bezeichnung, jedes
1740 2709 2520 2774 Verlangen, ja jede Abstraktion sich ein an¬
960 2714 1745 2776 auch der Linienriß der Aktionen und Ge¬
965 2761 2518 2821 stalten, jene Stilisierung in einen leiden= schauliches und darüber hinaus ein senti¬
959 2812 2463 2864 den Heroismus, dann jene fatalistische mentales Natur= und Lebensbild prägt.
2177 2857 2514 2929 Joseph Sprengler.
962 2860 1748 2922 Spannung, mehr noch jenes jähe, zwecklose
968 2905 1928 2973 Aufflackern und Verflackern von Hand= Künst
965 2960 1732 3016 lungen und Kräften. So sehr ihre Kata¬
1737 2971 2514 3068 Stilmaterialismus und Kunstge¬
966 3010 1730 3059 strophen vorbereitet und hineingezimmert
1751 3042 2514 3111 schichte. Es ist erstaunlich, wie wenig die
960 3057 1738 3112 sind, sie überraschen uns, und, wie oben
1744 3096 2505 3150 gegenwärtige Kunstgeschichtschreibung zur
962 3103 1730 3166 angedeutet, sie befriedigen nicht, weil sie
1735 3153 2520 3212 Erfassung des Wesens der Kunst beiträgt.
961 3155 1720 3213 weder lösen noch ausklären, weil sie nicht
1741 3194 2518 3258 Gewiß in keiner anderen wissenschaftlichen
951 3207 1727 3270 zum Eckstein einer Entwicklung werden.
1739 3242 2517 3308 Disziplin steht die geschichtliche Behand¬
965 3259 1721 3316 (Siehe dagegen Hebbel!) Diese Menschen
1737 3296 2514 3361 lung den Problemen, um deren historische
963 3301 1731 3365 martern sich um der Marter willen. Wie
1729 3353 2504 3405 Lösungen sie sich dreht, innerlich so fremd
1740 3391 2511 3448 gegenüber wie in dieser. Die Kunst¬
1033 3408 1722 3458 * Josip Kosor, Brand der Leidenschaften. Schau¬
945 3453 1622 3519 spiel in 4 Akten. (Rubinverlag, München.)
1735 3438 2521 3517 geschichte will nicht Asthetik sein, sondern
