3296 4320
1284 98 1720 199 box 29/1
892 118 1007 183 La
173 114 1126 218 24. Das Weite——
789 980 866 1077 91
712 1003 764 1104 #
975 1003 1276 1139 ger Zeitren¬
392 1005 707 1124 K
488 1242 1256 1350 Kunst und Wissenschaft.
392 1319 1461 1421 — Deutsches Schauspielhaus. Arthur Schnitz¬
307 1403 1426 1458 lersneueste Tragikomödie „Das Weile Land, die
330 1434 1427 1498 gestern in Wien, Berlin, Hamburg, Frankfurt und ander¬
334 1485 1416 1543 wärts zu gleicher Stunde gegeben wurde, hatte im Deutschen
332 1537 1428 1586 Schauspielhause ein günstiges Schicksal. Sie machte neu¬
324 1586 1423 1643 gierig mit ihrem ersten, interessierte mit ihrem zweiten,
330 1637 1430 1698 belustigte mit ihrem dritten, spannte mit ihrem vierten und
326 1677 1432 1752 packte mit ihrem fünften Aufzuge. Demgemäß gab es nach
332 1734 1431 1798 den ersten drei Akten eine freundliche Aufnahme, die sich
327 1783 1434 1843 nach dem vierten und namentlich nach dem fünften Aufzuge
329 1830 1422 1908 zu einem kräftigen Erfolge steigerte. Robert Nhil, Marie
323 1881 1425 1946 Elsinger, Franziska Ellmenreich, Carl Wagner,
333 1942 1437 1999 Paula Silten, Ludwig Brahm, Margarethe Otto¬
324 1999 1419 2045 Körner, Hans Andresen, Konrad Gebhardt, Hein¬
327 2031 1437 2083 rich Lang, Hans Pichler und Emil Stettner standen
335 2079 1417 2150 im Vordergrunde der darstellerischen Begebenheiten. Ro¬
321 2125 1435 2196 bert Nhil, Marie Elsinger und Paula Silten
323 2184 1419 2247 dankten für den lebhaften Beifall. In ihrer Mitte Direktor
338 2237 1315 2312 Dr. Carl Hagemann als Regisseur der Novität.
382 2307 1412 2393 Unter einem minder glücklichen Stern stand die gleich¬
328 2385 1414 2446 zeitige Premiere des Berliner Lessingtheaters.
327 2430 1135 2492 Denn aus Berlin wird uns telegraphiert:
417 2469 1423 2545 Arthor Schnitzlers „Das weite Land“ wurde hier nach den
334 2528 1423 2591 beiden ersten Akten freundlich, nach den drei letzten Akten nur
344 2572 1426 2621 noch kühl aufgenommen. Zum Schluß mischte sich sogar
339 2626 1424 2685 einige Opposition in den Beifall, doch durfte Direktor
328 2673 1434 2737 Brahm für den in Wien weilenden Dichter vor der
335 2738 1432 2782 Rampe danken. Das Resultat wäre vermutlich noch uner¬
330 2772 1437 2833 freulicher gewesen, hätte nicht das Stück eine über alles
324 2822 1019 2897 Lob erhabene Wiedergabe gefunden.
2079 1357 2482 1443 Unelienangabe ohne Gewähr.)
1716 1430 2884 1516 Ausschnitt aus: #eeburger Corresponder
1895 1491 2401 1583 13. GRtöbER Grf
1725 1539 1888 1599 vom:
1900 1636 2627 1706 Deutiches Schaulptetbaus.
1711 1693 2908 1775 Hamburg hatte gestern gleichzeitig mit Wien, Berlin, Leipzig
1642 1750 2891 1818 und einem Dutzend anderer Städte die Ur=Aufführung des neuesten
1645 1791 2895 1861 Stückes von Art# der Tragikomödie Das
1643 1836 2896 1914 weite Land. Der Erfolg war sehr stark und der Beifall so
1637 1894 2900 1953 anhaltend, daß mit den Darstellern auch Dr. Hagemann, der
1630 1935 2901 1995 die Regie besorgt hatte, wiederholt vor der Rampe erscheinen
1641 1981 2905 2047 mußte. Ob freilich dieser Beifall nicht mehr den ausgezeichneten
1641 2019 2904 2083 schauspielerischen Leistungen von Fräulein Elsinger, Herrn
1634 2060 2904 2133 Nhil und den übrigen Mitwirkenden galt, als dem Stück selbst,
1642 2114 2897 2159 diese Frage darf wohl aufgeworfen werden. Schnitzler hat hier
1642 2151 2909 2230 sehr mertwürdige Probleme aus dem modernen Leben aufae¬
1669 2201 2927 2303 griffen. Es scheint aber, als ob deren Behandlung besser im
1660 2244 2926 2358 Roman als im Drama erfolgt wäre. Jedenfalls weist der Dialog,
1655 2298 2928 2405 trotz einiger Kürzungen, die die Regie vorgenommen hatte, er¬
1663 2344 2917 2434 müdende Längen auf, durch die der Zuschauer nur schwer den
1665 2382 2927 2468 Weg zum Verständnis der Albsichten des Dichters findet. Da die
1661 2438 2919 2514 Vorstellung erst gegen Mitternacht ihr Ende fand, muß die ein¬
1659 2474 2784 2565 gehende Besprechung auf Montag vorbehalten bleiben.
2652 2552 2850 2631 C. M.=R.
1727 2579 2909 2691 rs. Berlin, den 14. Oktober. (Privattelegramm.) Arthur
1651 2628 2909 2744 Schnitzlers fünfaktige Komödie „Das weite Land“ konnig
1650 2685 2907 2764 trotz einer klassisch vollendeten Regie und Darstellung das Publi¬
1653 2726 2918 2815 kum des Lessing=Theaters nicht erwärmen. Man ab¬
1650 2774 2903 2870 plaudierte zwar ein wenig nach den Aktschlüssen aus Achtung vor
1651 2815 2900 2908 dem Dichter, aber die verworrenen Fäden, in denen sich ddas
1656 2855 2904 2961 Hauptproblem der Handlung abwickelte, ließen das Publikum
1656 2906 2905 3019 über die Absichten des Dichters im Unklaren, sodaß das ganze
1648 2948 2645 3044 Werk mit seinem gewaltsamen Schluß verstimmte.
