3392 4320
694 172 741 227 W0
1000 166 1079 229 I.
1107 179 1177 231 II
263 162 1218 252 24. Das
1386 163 1826 244 box 29/1
2465 118 2744 181 Wnen Aene
2235 174 2404 247 1 aus:
2752 165 3127 260 Sohmen, Prag
2257 239 2466 312 10. 19711
2490 385 3001 464 Das weite Land.
2261 446 3207 508 Tragikomödie in fünf Akten von Artur Scchnitzler.
2356 496 3249 580 Erstaufführung im Neuen DeutschenTheatr
2582 552 2904 611 Samstag abends.
2326 602 3222 667 Man kann es als eine Art programmatischen Be¬
2253 638 3233 710 kenntnisses auffassen, wenn die neue Direktion ihre im
2254 706 3226 758 eigenen Namen zu führende Tätigkeit mlt der Erstauf¬
2254 750 3232 811 führung eines österreichischen Dichters und in der Oper
2253 791 3229 843 mit einem klassischen Werk beginnt. Auf gute Kost gesetzt
2257 849 3233 903 zu werden, wird niemand bedauern. Wenn man aus den
2254 898 3226 942 ersten Vorstellungen darauf schließen darf, daß durch das
2252 943 3225 1002 Gestrüpp der französischen Possen und ungarischen Schwänke
2238 1010 3230 1050 der Weg für das klassische Repertoir — das Wort im
2248 1044 3228 1111 weitesten Sinne verstanden — frei gemacht werden soll, so
2249 1091 3238 1147 darf die Direktion der Zustimmung aller ernsten Theater¬
2248 1143 3225 1205 freunde gewiß sein... Der neue „Schnitzler“, der
2257 1187 3231 1256 Samstag abends auch bei uns zum erstenmale in Szene
2242 1244 3230 1309 ging, ist Wiener Milieu, mit liebevollen klugen Augen er¬
2260 1296 3225 1345 schaut, ist Gesellschaftsdrama der lebendigsten Gegenwart.
2247 1339 3215 1394 Nicht mehr das große historische Geschehen ist Problem
2247 1385 3218 1456 wie im „Jungen Medardus“, sondern die innere Revo¬
2244 1442 3225 1502 lution im modernen Menschen, das Auflehnen gegen über
2247 1487 3221 1541 lieferte Begriffe. Die Seele ist das weite Land, meint
2248 1537 3229 1592 der Dichter, die jauchzende Fahrt ins Dunkle das beste.
2238 1587 3230 1650 Mit echt Schnitzlerischem Geiste wird dieses Thema von
2240 1633 3223 1702 den Helden des Spiels variiert. Von Frau Genia Hof¬
2243 1689 3226 1754 reiter, um deretwillen sich der junge Korsakow als Opfer
2251 1730 3231 1788 eines amerikanischen Duells das Leben genommen hat,
2252 1783 3229 1844 und die nun das Manko in der Liebe ihres Gatten bei dem
2251 1831 3225 1892 Fähnrich zur See Otto Aigner deckt, von Herrn F. Hofreiter
2235 1878 3226 1935 dem Fabrikanten, der auch die Liebe industrialisiert und
2245 1942 3218 1997 neben der Frau Natter, die über die ersten Lenze bereits hin¬
2243 1974 3226 2040 aus ist, dem blutjungen Ding Erna am Völser=Weiher mit
2241 2028 3223 2081 Erfolg den Kopf verdreht. Um dieses Problem bemühen
2242 2077 3224 2140 sich der Hoteldirektor Dr. Aigner, der geschiedene Gatte,
2239 2132 3228 2191 der kühne Hochtourist, der als der erste den nach ihm be¬
2239 2148 3251 2258 nannten schroffen „Aignerturm“ bestiegen hat, und der ##
2236 2225 3223 2279 kluge Dr. Mauer, der vertraute Freund der Hofreiters.
2249 2281 3215 2325 Mit blendender Lampe leuchtet der Dichter in die geheimnis¬
2232 2321 3224 2394 vollen Tiefen der menschlichen Psyche, in scharf geschliffenem
2237 2372 3222 2443 Dialog läßt er uns die wechselvollen Kämpfe unruhvoller
2243 2424 3212 2484 Seelen miterleben. Fünf Akte lang hält er uns in seinem
2244 2466 3221 2529 Banne. Auch dort, wo wie im dritten, die Handlung eine
2251 2521 3218 2577 lange Unterbrechung erfährt und an die Stelle des Ge¬
2239 2567 3212 2632 schehens Zustandschilderung tritt. Allerdings meisterliche.
2243 2620 3215 2680 Um die Hauptpersonen gruppieren sich in buntbewegtem
2247 2671 3226 2736 Reigen eine stattliche Reihe scharf geschauter Gesellschafts¬
2240 2726 3230 2787 typen, die auf das mehr innerlich denn äußerlich farben¬
2248 2770 2948 2833 reiche Bild neue leuchtende Reflexe gießen.
2319 2819 3226 2891 Unsere Bühne, an der jetzt Schnitzlers Muse bekanntlich
2242 2868 3229 2925 eine liebevolle Pflegestätte gefunden hat, erblickte in der
2245 2911 3229 2974 sorgfältigen Vorbereitung und stilvollen Ausstattung eine
2243 2974 3224 3026 Ehrenaufgabe, die sie mit aller Eindringlichkeit gelöst hat.
2243 3019 3226 3078 Das ist ein besonderes Verdienst des Regisseurs Herrn
2243 3066 3224 3132 Dr. Paul Eger. Er ist selbst Wiener und da bekanntlich
2246 3133 3230 3176 ein Wiener dem andern nicht die Augen aushackt (solange
2237 3164 3225 3230 die Politik ausgeschaltet ist), so durfte man sich freuen, wie
2247 3216 3229 3267 verständnisvoll die Regie auf die feinsten Atemzüge der
2242 3265 3228 3325 Dichtung lauschte. Auch das entzückende Bühnenbild der
2244 3310 3212 3363 beiden ersten und des vierten Aktes trug nicht wenig zur
2245 3359 3226 3414 einheitlichen Wirkung bei. Auch alle anderen Mitwirken¬
2237 3412 3215 3478 den haben sich redlich bemüht, dem Werke zu geben, was
2233 3462 3212 3517 des Werkes ist. Herr Faber, Fabrikant Hofreiter impo¬
2232 3506 3214 3567 nierte durch Ueberlegenheit, Frl. Medelsky brachte die
2232 3562 3218 3620 Sentimentalität der „unverstandenen Frau“ zu innerlichster
2236 3605 3221 3665 Wirkung. Frl. Neff überzeugte durch die Schlichtheit des
2252 3660 3210 3718 Ausdrucks. Tapfer sekundierte Frau Steinheil, Fräu¬
2241 3709 3215 3761 lein John, Frau Monati, Frl. Niedt. Trefflich
2233 3755 3222 3805 hielt sich auch das Ensemble der Herren Tiller, Rit¬
2246 3805 3223 3861 tig, Huttig, Balder und Manning. In kleineren
2242 3846 3220 3913 Rollen standen die Herren Bauer, Hofer, Fried¬
2243 3907 3211 3963 berg, Kaden, Romanowsky am rechten Platz.
2241 3951 3212 4011 Das Publikum kam der interessanten Novität mit Wärme
2231 4012 3219 4059 entgegen und ließ es an Beifall nicht fehlen. Oberregisseur
2239 4047 3020 4110 Dr. Eger dankte für den abwesenden Dichter.
2238 4134 2556 4191 Der Freischütz.
