3344 4320
667 136 732 199 W
1375 142 1742 239 box 29/
258 124 1209 240 24. baste-Land
319 744 1191 848 Schlesieche Volkszeitung, Fresian
560 902 869 1028 15 10 PI7
737 1035 1098 1129 Lobetheater.
768 1109 1070 1173 Uraufführung.
687 1151 1153 1209 „Das weiie Land.“
443 1180 1403 1241 Tragikomödie in 5 Arten von Artur Schnißler.
338 1226 1567 1296 Ein Sittenbild will Schnitzler in seinem neuesten Werke zeichnen, eine
279 1257 1576 1334 Groteske hat er verfaßt. Es ist zur Genüge bekannt, daß in unseren
279 1307 1572 1375 Tagen der Begriff von Ehre und Sittlichkeit oft eine Auslegung erfährt,
281 1342 1576 1418 die tief bedenklich erscheint. Man weiß, daß sich in vielen Kreisen ein
275 1384 1573 1464 Geist der Entartung, der auf unser ganzes Volksleben vergiftend wirkt,
273 1421 1555 1491 bemerkbar macht. Daß aber in unseren chaftlichen Kreisen —
270 1467 1577 1530 auch in Wiener Kreisen, die der Autor vielleicht in erster Linie im Auge
280 1497 1576 1570 hat — eine solche sittliche Begrifsoverwirrung und Verwilderung gang
270 1542 1566 1607 und gäbe ist, wie sie uns Artur Schnitzler durch seine Tragikomödie
275 1572 1573 1623 „Das weite Land“ beweisen will, das muß ganz entschieden bestritten
271 1623 1369 1681 werden. Wenn der Schriftsteller Zeitverhältnisse schildern,
1378 1637 1568 1695 wenn er
272 1653 1381 1720 Auswüchse der Gegenwart geißeln will, so wird, wenn das
1389 1675 1450 1722 in
1465 1677 1572 1722 an.
268 1690 1561 1749 gemessener Form geschieht, begreiflich, ja unter Umständen vielleicht so¬
268 1735 1563 1789 gar als befreiend wirkend gefunden werden. Wenn aber, wie im
269 1778 1563 1841 weiten Land“ Probleme angeschnitten werden, ohne nur den Versuch
257 1797 1579 1860 einer Lösung zu machen, wenn uns der Autor in einen wahren Irrgarten
257 1851 1568 1917 von Ehebrüchen führt, ohne diese zu geißeln und eine Schlußfolgerung
261 1884 1567 1968 daraus zu ziehen, so verdient ein derartiges Stück eine noch weit schärfere
258 1921 1424 1982 Ablehnung, als sie tatsächlich am Sonnabend abend erfolgt ist.
316 1969 1566 2021 Eine in ihrer alle Begriffe übersteigenden Brutalität geradezu un¬
256 2011 1575 2079 mögliche Figur ist dieser Fabrikant Friedrich Hofreiter, der seine Frau
265 2039 1572 2113 hintergeht und dieselbe Frau verläßt, weil sie, obwohl sie einen
264 2089 1574 2154 anderen, der Selbstmord verübt, liebt, ihrem Gemahl treu geblieben ist,
257 2127 1560 2181 der dann auf seiner Hochgebirgsreise aufs neue einen Ehebruch begeht,
258 2169 1554 2221 aber nun, als er nach Hause kommt, den Ehebrecher seiner Frau vor
259 2200 1560 2272 die Pistole fordert und niederknallt. Ebenso unmöglich ist aber auch
255 2238 1566 2313 die Figur dieser Gemahlin des Fabrikanten Hofreiter, die sich eben
257 2273 1559 2351 diesem Ehebrecher, den ihr Mann dann tötet, während dessen Reise an
248 2322 1550 2391 den Hals geworfen hat, um — fußend auf das vorhergehende Ver¬
254 2353 1557 2434 halten ihres Mannes — diesen wieder zu gewinnen. Um das Schicksal
253 2399 1547 2471 dieses Ehepaares dreht sich die Tragikomödie, deren fratzenhafter Aus¬
258 2447 1555 2509 gang auch durch die Aussicht auf die nahe Wiederkehr des im Ausland
258 2474 1554 2548 weilenden Kindes des Ehepaares Hofreiter in nichts gemildert wird.
253 2519 1554 2594 Um die Familie Hofreiter hat Schnitzler noch einige Figuren gruppiert,
249 2546 1546 2626 die sich zum Teil den Anschauungen des Herrn Hofreiter würdig an¬
240 2583 1546 2657 reihen. Wir sehen den geschiedenen Gatten der Frau Meinhold, der die
250 2631 1553 2705 Seele als „das weite Land“ bezeichnet, sehen den Bankier Natter, der
248 2664 1555 2743 seine Frau so liebt, daß er sie ruhig Ehebrüche verüben läßt und sich
239 2717 1548 2761 nur dadurch „revanchiert“, daß er dem Ehebrecher durch Gerüchte Un¬
248 2746 1551 2819 annehmlichkeiten zu bereiten sucht, und sehen weiter Fräulein Erna, die
247 2777 1543 2846 die Hand eines Ehrenmannes ausschlägt und mit Herrn Hofreiter ein
253 2830 1548 2874 Verhältnis anknüpft. Dies alles bekommen wir in fünf Akten seivier
249 2859 1548 2937 und als Beilagen werden einige geistreichelnde Gespräche aufgetragen.
299 2913 1558 2981 Die Künstler setzten ihr besten Kräfte an das Werk, ohne es vor
249 2940 1553 2999 dem Durchfall retten zu können. Herr Strobl versuchte als Fabri¬
242 2979 1550 3058 kant Hofreiter aus der Rolke eine mögliche Figur zu machen, ein Be¬
243 3033 1542 3085 ginnen, das trotz des vorzüglichen Spieles natürlich nicht gelang
239 3078 1553 3129 Das gleiche gilt von Frau Santen, deren Spiel sich auf der bekannten
240 3097 1548 3148 Höhe bewegte. Lobend zu erwähnen sind noch Herr Skoda als
238 3150 1544 3222 Fähnrich, Fräulein Lind als Erna, Frl. Kernic als Adele, Herr
250 3186 1550 3261 Elfeld als Dr. Mauer, Herr Schmidt als Bankier Natter und nicht
242 3218 956 3267 zuletzt Frl. Salta als Frau Meinhold.
299 3260 1539 3330 Schon beim „Anatol“=Zyklus Schnitzlers stößt die Frivolität ab, da sie
245 3297 1553 3357 nur als solche aufgetragen wird. Im „weiten Land“ wurde sie un¬
243 3346 1536 3411 erträglich, da dem Stück jegliches tiefere Moment fehlt. Die Tragi¬
244 3380 1557 3438 komödie, die in Breslau und gleichzeitig an mehreren anderen Bühnen
245 3416 1534 3491 Deutschlands am Sonnabend zum ersten Male in Szene ging, wurde
239 3454 1530 3520 im Lobetheater von dem zahlreich erschienenen Publikum abgelehnt.
235 3491 1533 3578 Sogar Zischen machte sich bemerkbar, als eine kleine Gruppe Beifall am
243 3533 1386 3604 Schluß erzwingen wollte. Die Ablehnung war wohlverdient.
1310 3590 1482 3657 P. H.
2155 146 2524 222 Ausschnitt aus
2527 157 3105 296 Breslauer Zeitung
2325 229 2568 323 Sktdor
2161 269 2317 318 vom:
2315 306 2517 371 F
2081 360 3322 502 II. II. Lobe=Theater. „Das weite Land“.*) Es ist nicht
2023 409 3318 567 ganz zutreffend, wenn Schnitzler sein neuestes Werk, das gestern an
2020 468 3304 592 unserem Lobe=TheatergematZwölj anderen Bühnen seine Urauf¬
2095 519 3235 650 *) Die Buch=Ausgabe ist soehen bei S. Fischer=Berlin erschienen.
1993 648 3285 728 führung erlebte, eine Tragikomödie nennt. Ein Drama, das durchaus zu
1998 724 3279 791 agischem Ausgang drängt und auch tragisch ausklingt, wird nicht dadurch
1993 772 3280 836 zur Tragikomödie, daß einige Personen und Episoden leicht komisch sind.
1990 815 3280 884 daß die Menschen sich frei und natürlich unterhalten, und daß es ganz frei
1986 856 3281 923 etwa von dem großen Pathos der Römertragödie ist. Freilich, auf dem hohen
1986 909 3282 987 Kothurn wandelt Schnitzler nicht, aber — dies kann nicht gut verschwiegen
1986 957 3289 1028 werden — ein wenig auf Stelzen. Wenn ein guter, geistreicher Dichter
1987 997 3304 1079 und kluger Mensch ein Werk schafft, so wird es sicher niemals dumm, lang¬
1985 1046 3295 1111 weilig oder schlecht sein; aber es liegt die Gefahr vor, daß es zu klug'
1984 1103 3292 1167 wird. Die Stelzengefahr! Schnitzler kompliziert die psychischen Regungen
1988 1164 3285 1220 zu sehr; so sehr, daß sie die dramatische Wirkung verlieren. Er tut es
1975 1201 3292 1263 diesmal ganz bewußt, gewissermaßen programmatisch. In dem Chaos der
1988 1243 3283 1330 menschlichen Seele, in dem die Ordnung nur künstlich geschaffen werden
1985 1284 3280 1369 kann, hat viel nebeneinander Platz, Treue und Trug, Anbetung und zu
1986 1344 3284 1417 gleich Verlangen nach einer anderen oder mehreren anderen; denn die
1980 1395 3283 1454 Seele ist ein weites Land! Schnitzler führt uns in manche weise
1989 1442 3279 1513 Seelenländer. Im Mittelpunkt der Ehebrüche — es sind schon Eheketten¬
1989 1498 3279 1559 brüche! — steht ein nicht mehr absolut junger, aber noch absolut erfolg¬
1987 1560 3284 1619 reicher moderner Renaissancemensch, der Fabrikant Hofreiter. Während er
1990 1600 3288 1648 selbst seine Frau mit einer Barbiersgattin fast offenkundig betrügt, beaig¬
1980 1645 3281 1705 wöhnt er seine Frau, die stolze und schöne Genia, daß ein junger,
1985 1687 3283 1756 russischer Künstler, der sich das Leben nimmt, ihr Geliebter gewesen.
1990 1741 3292 1812 Als er aber hört, daß er sich das Leben genommen, well
1986 1787 3295 1846 Frau Genia tugendhaft geblieben, entfremdet ihm das wiederum
1976 1843 3277 1904 die eigene Frau. Es macht ihn unruhig, daß jemand das
1981 1888 3281 1943 Leben verlieren mußte, eines Phantoms wegen, nur weil seine Frau
1973 1937 3274 1997 treu war. Und dieser selbe, so merkwürdig kompliziert empfindende Mann
1966 1989 3284 2035 betrügt schleunigst seine Frau mit einer anderen, diesmal einem jungen
1968 2035 3279 2091 Mädchen, und schießt einen jungen Fähnrich im Duell über den Hausen,
1965 2087 3281 2152 dem gegenüber Frau Genia nicht standhaft geblieben war. Es ist nicht
1969 2141 3278 2197 Liebesschmerz, nicht Eifersucht, nicht Rache; vielleicht am ehesten nich
1975 2186 3280 2258 gekränkte Eitelkeit oder auch Haß und Neid des langsam beginnendn
1967 2237 3273 2302 Alters gegen die siegreich anstürmende Jugend. Aber eine Brücke für das
1976 2294 3270 2354 Verständnis dieser verschiedenen seelischen Empfindungen wird nicht ge¬
1972 2337 3283 2404 schlagen; daß die Seele eben ein weites Land ist, ist ein philosophischer
1979 2394 3280 2447 Trost, aber kein dramatischer. Viel eher verstehen wir schon, daß sich
1976 2433 3273 2513 die arme Frau Genia, die in ihrem einfachen, gesunden Empfinden völl g
1982 2490 3276 2567 schwankend und irre geworden, nun doch trotz aller Tugend langsam
1983 2549 3283 2607 ins Verderben gleitet. Oder daß sich das junge Mädchen, das ganz fest
1974 2602 3287 2667 und sicher in sich selbst ruht und ihren Lebensweg in jedem Schritt sich
1984 2644 3287 2709 selbst wählt, dem unwiderstehlichen Fabrikdirektor zu eigen gibt. Oder
1981 2690 3283 2749 auch den Bankier, der die verschiedenen Ehebrüche seiner Frau genau
1974 2740 3276 2796 kennt, aber geduldig erträgt, weil er trotz alledem seine Frau liebt. Man
1982 2794 3282 2845 sieht, es mangelt nicht an Kombinationen. Um die Sache noch mehr
1974 2847 3274 2912 zu komplizieren, oder sagen wir, um die Konstruktion möglichst vollständig
1961 2882 3281 2965 zu machen, spielt der dritte Akt in einem Hotel, dessen Direktor ein Mann
1971 2945 3283 3011 mit einem besonders weiten Seelenland ist, ein Freund Hofreiters, ein
1971 2982 3275 3057 Mann, der sich vor langen Jahren von seiner an sich heißgeliebten Frau
1974 3051 3270 3108 getrennt hat, weil sie seine Theorie von dem weiten Seelenland in der
1968 3096 3276 3167 Praxis nicht anerkennen wollte, ein Mann, der der Vater des jungen
1980 3146 3270 3216 Fähnrichs ist, der zwar das väterliche Glück bei den Frauen geerbt
1969 3178 3267 3259 zu haben scheint, aber leider in seinem frühen Glück niedergeschossen wird.
1981 3250 3271 3321 Daß alle diese Menschen, deren Hauptbeschäftigung übrigens neben dem
1971 3302 3274 3363 Ehebruch das Tennisspielen ist, gut gesehene, scharf umrissene Tyven sind,
1972 3358 3269 3420 daß sie in ihren vielen Unterredungen manches feine, kluge Wort sprechen,
1973 3391 3279 3462 bedarf bei Schnitzler kaum der Erwähnung. Aber es fehlt dem Drama
1975 3452 3267 3523 eben der dramatische Atem und die Kraft der Ueberzeugung. So blieb denn
1982 3513 3259 3571 auch die Aufnahme bei dem fast ausverkauften Hause in den Grenzen
1982 3557 3272 3605 eines recht warmen, literarischen Achtungserfolges. Ja, nach dem Schluße
1978 3603 3271 3677 akte setzte sogar zunächst, ehe der Beifall es übertäubte, vernehmliches
1982 3667 3280 3724 Zischen ein. Freilich kam diese Aeußerung wohl nur von Leuten, die damit
1977 3705 3267 3783 ihrem Mißfallen nicht über den dramatischen Wert oder den dichterischen
1972 3756 3273 3808 Gehali Ausdruck geben wollten, sondern darüber, daß der arme Fähnrich
1969 3811 3271 3878 im Duell fiel. Am liebsten hätte man wohl ein unblutiges Duell gesehen,
1971 3860 3266 3920 oder zum mindesten hätte der böse Hofreiter fallen müssen. Ja, ja, es
1971 3907 3263 3973 ist schon nichts bei den modernen Dichtern mit der poetischen Gerechtigkeitt
1974 3962 3261 4018 Und deshalb zischten die naiven Genießer. — Die Aufführung tat alles,
1974 4012 3272 4084 um dem Werke zu einem möglichst großen Erfolge zu verhelfen, und der
1974 4061 3269 4112 Beifall dürfte nicht zum geringsten Teile der Darstellung gegolten haben.
1966 4108 3272 4165 Herr Strobel gab den Hofreiter durchaus als modernen Menschen, ohne
