3344 4320
703 161 776 223 W
277 155 1244 265 24. DasteLand
1395 168 1842 252 box 29/5
1439 682 1522 752 27
1584 732 2181 843 Br. Mas Goldschn
1585 807 2194 896 Bureau für Zeitungsaussch.
1494 848 1776 915 BERLIN N. 4
1912 885 2201 948 Telefon: Nor.
1360 923 1703 1002 Ausschnitt aus:
1695 1012 1904 1105 Volltsge
2019 1028 2204 1131 Berlin.
1939 1143 2249 1247 B
1243 1255 2392 1349 Rotter=Premiere im Lessing=Theater
1448 1342 2198 1423 Arkur Schnitzler: „Das weite Land“
1264 1401 2430 1451 Rotters sind fein geworden. Das Lessing=Theater ist ihnen
1216 1454 2430 1494 nun auch in die Hände gefallen. Jenes Haus, das sogar die
1216 1510 2432 1558 Leiter dieser Schaubudenvereinigung zu einem gewissen Sichmühe¬
1210 1545 2431 1596 geben zwingt. Denn erstens ist da ein Publikum, das sicher ver¬
1221 1581 2440 1643 zichtet, wenn nicht Niveau gehalten wird. Zweitens ist die Tradi¬
1216 1622 2433 1675 tion des Hauses stärker und wird stärker sein als jede parvenühafte
1211 1665 2435 1709 Geste. Freilich, wer das geistige Publikum des Lessing=Theaters
1216 1702 2436 1764 früher gekannt hat und sich jetzt im Parkett diese ausgebrochene
1213 1755 2431 1800 Elephantiasis ansah, die zwar Smokings über den Fettbrüsten
1215 1785 2432 1845 trug, aber ihr Gesicht zu Hause gelassen hatte, dem wurde klar,
1218 1828 2442 1887 daß die Berliner Gesellschaft bei dieser Premiere zu Hause
1211 1882 2431 1935 geblieben und nur die Gesellschaft des Trianontheaters an der
1217 1928 2015 1975 Friedrichstraße mit hinüber gewandert war.
1267 1945 2434 2006 Es wären nicht Rotters gewesen, wenn sie sich nicht von
1203 2002 2432 2052 Schnitzler das abgeklapperteste, unmodernste und uninteressanteste
1209 2051 2431 2095 Stück für diese Eröffnungsvorstellung ausgesucht hätten. Im
1201 2082 2430 2131 letzten Akt sagt der Doktor Mauer zu der ach so komplizierten
1215 2125 2421 2180 Genia: „Dies Ineinander von Zurückhaltung und Frechheit, von
1210 2164 2433 2217 feiger Eifersucht und erlogenem Gleichmut — von rasender Leiden¬
1204 2208 2431 2254 schaft und leerer Lust, wie ich es hier sehe — das finde ich trübselig
1202 2252 2429 2299 und grauenhaft. Ja, trübselig und grauenhaft ist es, sehen zu
1204 2298 2423 2349 müssen, wie rasch dies pathetische, hohle Stück vom Gefühl der Zeit
1211 2337 2430 2392 ad absurdum geführt worden ist. Trübselig und grauenhaft war
1210 2385 2419 2429 es wie in einem Panoptikum. Keiner dieser Menschen, die da
1212 2418 2431 2467 durcheinander reden, lieben, schießen, ist irgendwie lebendig. Wachs¬
1206 2462 2432 2504 figuren, Wachsfiguren! Der Dichter drückt auf den Knopf, sie tut
1210 2497 2437 2553 den Mund auf und quarrt: „Die Seele ist ein weites Land“ oder
1209 2548 2428 2594 ähnliches. Wer verträgt das heute noch? Halten wir uns doch an
1212 2588 2432 2644 den Dichter des „Paracelsus“ oder des „Sterben“. Dieser Schnitzler
1214 2628 1593 2684 wird nicht vergehen.
1262 2665 2422 2731 Und die Darstellung! Die Darstellung klappte. Eine fabel¬
1203 2708 2432 2769 hafte Präzisionstechnik, bei der Rede und Gegenrede wie auf Oel
1211 2752 2420 2801 glitt und im richtigen Moment mit den richtigen Glucksern ein¬
1214 2795 2421 2845 schnappte. Arnold Korff, ein Mensch, der doch starke Charaktere
1216 2832 2433 2884 formen kann, blieb eintönig. Irene Triesch sollte bei der Aus¬
1211 2874 2426 2937 wahl ihrer Rollen heute weiser sein. Was nutzt es, wenn unter
1206 2922 2418 2977 vielen anderen Adele Sandrock bisweilen auftritt und ein paar
1205 2965 2420 3018 stille, starke Augenblicke hat. „Die Rotters setzen ungenügend,
1207 3011 2434 3055 fünf!“ würde mein verstorbener Oberlehrer sagen. Dabei haben
1258 3202 2475 3298 sie neulich sogar, wie hier auch anerkannt wurde, Unter den Linden
1265 3248 2471 3347 ganz nett mit „Papa“ Theater gespielt. Heute tun einem die
1258 3289 1963 3358 freundlichen Worte schon wieder leid.
2065 3326 2506 3425 .8—.
