3344 4352
197 195 1182 339 24. Das weite Land
1310 235 1783 326 box 29/2
1424 1261 2134 1340 Ffür berürnige Behanptungen schl..
2939 1301 3274 1379 . Anhungen
1502 1314 3268 1411 Es wäre bei solcher Sachlage sehr zu begrüßen gewesen,] Wandlung seines Freundes Barth
1438 1422 2595 1496 das Chaos“ ... Also eine nihilistische Tendenz, die sofort
2594 1447 3270 1517 nunmehr, sehr gegen die Absicht de
1446 1454 2597 1537 die Frage nach sich zieht, wie sich denn das Weib zu dieser
2597 1486 3284 1571 pathische Persönlichkeit Genias kon
1451 1481 2598 1589 supponierten Unbeständigleit männlicher Liebe stellt. Wenn
2656 1537 3276 1606 So sehen wir denn Hofreiter, de
1448 1535 2590 1616 man die Handlung des Stückes als Antwort auf diese Frage
2594 1559 3266 1644 zugs seine Frau verläßt, um zu rei
1449 1574 2591 1646 ansehen darf — und man darf das wohl —, dann gibt Schnitz¬
2595 1615 2743 1667 Land“
2722 1609 3280 1687 seiner weiteren erotischen
1439 1613 2593 1695 ler eigentlich zwei Antworten. Frau Genia Hofreiter, so zeigt
1440 1645 1565 1698 er —
2604 1654 3269 1721 sehen ihn gleichgültig mitten im
1541 1650 2584 1730 — wenn auch nicht sehr deutlich — bewahrt dem treulosen
2586 1689 3273 1749 österreichischen Alpenhotels eine##ch
1445 1690 2592 1768 Gatten trotz allen Verrats die seelische Treue, im Spiel der
2589 1723 3277 1800 und wundern uns nur über den Dich
1444 1727 2586 1803 Erotik aber hintergeht sie ihn. Es muß hier freilich sogleich
2587 1760 3274 1835 eine Doublette dieser Figur vorstell
1442 1765 2580 1846 das Wort „zeigt“ durch „beweist“ ersetzt werden, denn das
2581 1794 3272 1866 Hofreiters im „weiten Land“ der ehe
1439 1793 2586 1897 Problem ist nur logisch=rechnerisch gelöst, künstlerisch nicht ge¬
2594 1836 3278 1910 gar gefühlsstärker und gewichtiger al
1441 1844 2587 1921 formt worden. Schnitzlers Drama als solches ist mißlungen...
2589 1881 3266 1974 denn auch das oben zitierte themat
1482 1897 2581 1984 Im ersten Aufzug sieht man in eine Ehekrise hinein. Der
2594 1910 2866 1985 gelegt wird.
1440 1933 2583 2018 Fabrikant Hofreiter und seine Frau sind sich fremd geworden.
2634 1970 3264 2040 Stärkste Verwunderung überkom
1442 1967 2573 2063 Durch seine Schuld. Er jagt anderen Frauen nach, sie grämt
2585 1998 3267 2081 Akt, wo Frau Genia sich plötzlich al
1430 2016 2584 2092 sich darüber, da sie ihn noch immer liebt, findet sich aber in
2587 2050 3267 2121 auftauchenden bläßlichen Marinefäh
1434 2047 2573 2145 bitter=weiser Resignation mit ihrem Schicksal ab. Rächt sich
2581 2091 3263 2166 Wandlung, die der Dichter einfach
1439 2104 2575 2182 auch nicht, vergilt nicht Gleiches mit Gleichem. Obwohl ihr
2576 2125 3267 2198 nicht geschildert hat, während es ihn
1434 2137 2580 2221 die Versuchung nahe genug kommt. Sie kann eben nicht —
2575 2170 3257 2231 hätte, hier diesen physischen Verrat an
1434 2176 2580 2256 ihrer Natur nach nicht —, und läßt so einen Anbeter an ihrer
2577 2219 3253 2273 gen sich selbst glaubhaft zu machen.
1438 2211 2570 2297 starren Festigkeit zu Grunde gehen. Der Gatte aber (der in
2574 2226 3257 2311 nun auch Frau Genia in ein „weite
1425 2255 2579 2350 seinen erotischen Beziehungen sozusagen gerade frei geworden
2574 2286 3269 2359 Nebelland dichterischer Willkür, in de
1429 2286 1809 2357 ist) erfährt davon.
2582 2320 3262 2395 ihr gestaltloses, schemenhaftes Dasei
1476 2342 2575 2428 Dieser Akt ist ein ausgezeichneter Auftakt. Er exponiert
2570 2358 3261 2426 Schlußakte, in denen Schnitzler wic
590 2283 1148 2465 Frankurter Zeite#
1415 2373 2566 2466 die Handlung vortrefflich und zeigt die Gestalten in wün¬
2579 2398 3259 2466 bahn geht, brauchen nur der Registr
1429 2423 2567 2496 schenswerter Klarheit. Frau Genia: gelassen, ruhig, von über¬
2571 2441 3262 2504 nis genommen zu werden: Da entde
1423 2466 2572 2534 legener Klugheit und natürlicher Güte, deren Liebe einen
2570 2478 3257 2540 nis und schießt den Rivalen im Duh
1420 2509 2570 2569 Hauch von mütterlicher Sorglichkeit angenommen hat (man
2623 2526 3255 2591 Doch nein: auf dieser glatten T
1419 2542 2562 2624 mag an die Gattin des Virtuosen in Bahrs „Konzert“ denken);
2570 2546 3243 2613 ironische oder — wenn man will —
1420 2579 2567 2658 er: eine interessante, ja blendende Mischung von echt wieneri¬
2566 2592 3264 2665 nämlich die große Geste des Sexual
599 2551 964 2687 119 11. 191.
1411 2615 2573 2701 schem Charmeur und modernem, fast englisch anmutendem
2577 2633 3249 2697 nisten, der seiner Frau theoretisch d
1409 2656 2575 2754 Geschäftsmann, ein geistreicher, aber innerlich kalter Sinnen¬
2566 2668 3253 2736 Libertinage zubilligt wie sich selbst, de
1420 2695 2559 2779 mensch. — Frage an das dramatische Schicksal des zweiten
2564 2706 3255 2774 persönlichen Erlebens vor dem dunk
553 2667 1118 2797 Kleines Feuilleton.
1420 2735 2564 2832 Aufzugs: Wie wird ihn dies Erlebnis von Frauentreue be¬
2564 2746 3258 2819 nellen Ehrbegriffs und des Männ
1415 2775 2498 2849 rühren? Wird er an ihm wachsen oder es von sich weisen?
2564 2787 3254 2854 haften Grimasse wird, daß die Behar
345 2769 1363 2877 = [Frankfurter Schauspielhaus.] „Ein weites Feld“—
2571 2815 3250 2897 Gesellschaftsbegriffe auch diesen vern
252 2798 1406 2909 sagt der alte Briest bei Fontane, wenn Fragen nach allerlei
1456 2829 2551 2898 Nach seiner Charakleranlage darf man nicht annehmen,
2563 2859 3261 2929 zu sich herunterzwingt. Eine Pointe
260 2849 1410 2955 Schicksal auf das unabsehbare Gebiet der Lebensmöglichkeiten
1383 2859 2556 2958 daß ihn innerlich überlegenes Frauentum sogleich auf
2556 2890 3254 2975 wirkt, da sie erstens an einer gleichg
256 2886 1396 2986 hinausführen. Das weite Land“ — nennt Arthur
1405 2905 2564 2990 die Kniee zwingt; aber wenn ihn Schnitzler diese Treue
2556 2951 3254 3006 gezeigt wird und zweitens weder al
260 2928 1404 3029 Schnitzler in bewußter Ankehnung die Menschenscele, den
1396 2937 2558 3033 nicht verstehen läßt, wenn Hofreiter einfach nicht be¬
2554 2977 3260 3047 neu ist: in Andeutung stecktsie dere
254 2965 1401 3076 IrrhrTriebmächte, ihre rätselvolle, aller Ordnung
1400 2979 2562 3069 greift, daß Genias Tugend wegen ein Mensch in den Tod
2559 3024 3257 3092 „Effi Briest“, von der sich der Wie
254 3012 1405 3105 und Logik widersprechende Kompliziertheit. Im genaueren
1405 3034 2556 3103 gehen mußte, wenn sie ihm deshalb unheimlich wird — dann
2559 3055 3257 3130 lassen, ganz deutlich und klar ausge
251 3049 1402 3155 meint er die Mannesseele im Verhältnis zum Weibe. „So
1410 3072 2554 3148 bringt Schnitzler in dieser brutalen Kürze der dramatischen
2554 3089 3249 3159 seinem eigenen älteren Drama „Fre
251 3079 1406 3203 Vieles hat zugleich Raum in uns!“ sagt eine Parallelfigur
1403 3102 2561 3188 Folge einen an sich möglichen, nicht unverständlichen, ja feinen
2605 3134 3225 3203 Was durch den grauen Nebel
244 3120 1386 3234 des Haupthelden in der Tragikomödie, „Liebe und Trug...
1398 3132 2556 3225 Gedankengang in unglaubwürdige Ueberspannung hinein.
2551 3171 3243 3240 Land“ durchschimmert, ist Stück= und
242 3163 1392 3257 Treue und Treulosigkeit ... Anbetung für die eine und Ver¬
1405 3184 2554 3266 Diese Spitzfindigkeit psychologischer Argumentation macht die
2553 3213 3236 3271 1er Dialog, geistreiche und witzige 2
242 3202 1393 3310 langen nach einer anderen oder mehreren. Wir versuchen wohl
1401 3213 2551 3285 Konturen Hofreiters nicht deutlicher, nicht klarer, sie fügt ihm
2551 3240 3242 3312 Tigurengruppen und lebendige Epis
241 3228 1392 3349 Ordnung in uns zu schaffen so gut es geht, aber diese Ord¬
1397 3259 2558 3343 höchstens einen so starken Zug feelischer Roheit und gefühls¬
2551 3289 3238 3361 seelische Stimmungskunst und zum
1396 3300 2543 3387 armer Oberflächlichkeit bei, daß er und sein Schicksal nicht
2547 3328 3234 3399 züge, technische Rontine. Aber auch
237 3271 3245 3471 nung in doch nur etwas Künstliches ... Das Natürliche ist 1 weiler zu interessieren vermögen und alle Anteilnahme sich ins Schuldkonio zu schreiben: da i
2804 4167 2940 4246 —
