3296 4320
563 162 655 227 W
877 160 960 228 I.
976 168 1061 229 II
1269 163 1698 251 box 29/1
148 158 1125 262 24. Das
378 1230 940 1316 Ausschnitt ausaig
675 1283 1343 1358 Sus W A
407 1320 990 1416 vomt“ #üben 17
1573 1390 1732 1473 —
1818 1418 1882 1473 —
2156 1396 2357 1480 K
2754 1404 3084 1477 S
1420 1450 3239 1523 Ein Freund Hofreiters hat sich nämlich erschossen, und Seine Rache besteht nur in hämischen Verleun
557 1453 1085 1531 Das weite Land.
1341 1476 2398 1541 der „vorurteilsfreie" Ehemann hält den Selbstmord für
2391 1510 3234 1559 jeweiligen Geliebten seiner angebeteten Ehegat
357 1505 2390 1584 (Erstaufführung im Lobe=Theater.)im kausalen Zusammenhange mit dem Verhältnis des
2462 1552 3226 1592 Eine dritte Svezies des Ebebruchs hören
366 1557 1150 1633 Die dreizehnsache Premiere der Arthur Sch
1180 1569 2391 1637 tzlerschen Selbstmörders zu seiner (Hofreiters) Frau stehend. Als
2402 1577 3235 1632 Schilderung des Hoteldirektors Dr. von Aign
291 1590 1257 1660 fünfaltigen Tragikomödie am
1419 1609 2391 1667 ihm nun an der Hand des Abschiedsbriefes des Ver¬
2400 1619 3236 1672 seine Frau ebenso heiß geliebt, wie sie ihn, um
293 1643 1350 1708 Erstaufführungs=Publikum der wesentlichsten Größstllöte
1394 1643 2392 1703 #enen nachweist, daß sie nie die Geliebte des Er¬
2388 1660 3236 1700 gewissermaßen „naturgemäß“ betrog, war es
285 1670 1342 1737 Deutschlands und Oesterreichs die sicher irrige Meinung
1353 1681 3235 1744 schossenen war, und daß gerade in dieser Versagung aus zwischen den beiden, eben weil sie sich so 1
283 1715 1348 1778 vermittelt, daß die Haupttätigkeit der besseren Kreise
1352 1718 2404 1771 der Grund des Selbstmordes lag, da fühlt er sich seiner
2460 1731 3233 1788 Dann ist von wesentlichen Charakteren da
1356 1752 2398 1812 Frau entfremdeter denn je, und zwar — weil er nicht.
289 1749 1336 1814 Wiens im Ehebrechen besteht. Natürlich mit den physisch
2399 1769 3216 1819 einem moralfesten Dr. Mauer (der in dem
1348 1790 2393 1844 begreifen kann, daß sie „einer solchen Kleinigkeit“ wegen
295 1786 1343 1855 gebotenen Pausen, die durch Tennisspiel und pfendo¬
2392 1809 3230 1852 lediglich seiner Moral wegen fast trottelhaft wirk
1353 1831 2395 1883 einen so tüchtigen Menschen habe in den Tod schicken
291 1836 1335 1881 philosophieren über Ehebruch und Tennis ausgefüllt wer¬
2395 1845 3233 1899 Zwanzigjährige, die Erna Wahl, deren falf
1355 1863 2394 1908 können! Diese Auffassung wäre ja nun freilich sehr
294 1865 1336 1931 den. Der Naive glaubt lauter höchst komplizierten Charak¬
2394 1883 3229 1933 Sinnlichkeit sie in Hofreiter den Idealtyv des
1354 1900 2382 1951 „kompliziert“, wenn sie wirklich der wahre Grund seiner
287 1893 1344 1954 teren gegenüber zu stehen, die aus Gott weiß was für
2387 1919 3225 1963 blicken läßt, so daß sie diesem wurmstichigen,
1354 1939 2390 1985 zweifellos durch den Selbstmord eingetretenen größeren
290 1940 1335 2009 tiefen Motiven heraus die Polygamie für sich in Anspruch
2386 1954 3234 2007 Schwächling dem tüchtigen Dr. Mauer vorzieht.
290 1968 487 2031 nehmen.
1345 1976 2392 2018 Entfremdung wäre. Der gute Lebemann macht sich und
2467 1998 3225 2049 Bei der Neigung Schnitzlers, sich in Dete
1342 2004 2381 2067 seiner Frau aber nur etwas vor. Im Grunde ist es
354 2014 1341 2083 Du lieber Himmel, und wie wenig „kompliziert" sind
2397 2012 3230 2082 lieren, gibts natürlich noch eine Menge mehr o
1350 2047 2390 2101 schließlich nur die für ihn beschämende Erkenntnis, daß
286 2046 1339 2117 sie im Grunde. Daß der Mann im Gegensatz zur Frau
2391 2074 3240 2123 belangloser Evisodenfiguren, die mit dem Ker
1351 2082 2380 2138 seine Frau auf einem ganz anderen, ihm unerreichbaren
278 2085 1341 2155 tatsächlich volygamer veranlagt ist, das ist doch schließ¬
2395 2104 3233 2147 Stückes nicht das geringste zu tun haben, und
1341 2121 2380 2166 moralischen Niveau steht. Frau Genia mit ihren bürger¬
284 2132 1340 2192 lich eine Binsenweisheit. für die Schopenhauer sogar
2397 2146 3235 2191 Breslauer Aufführung zum Teil wohltätigen R
1342 2155 2386 2201 lichen Moralbegriffen wird nach der Erklärnug ihres
292 2168 1341 2217 eine ganz plausible naturwissenschaftliche Erklärung ge¬
2389 2185 3235 2235 zum Opfer fielen. (Auch ein rauhbeiniger Hote
1345 2192 2389 2242 Ehegatten naturgemäß an sich und der Welt irre, sie läßt
283 2200 1345 2271 funden hat. Er meint nämlich, daß die Natur es darauf
2395 2223 3236 2267 lauer Provenienz, der in der Buchausgabe vol
1343 2231 2388 2283 sich trotz aller hoffnungslosen Liebe zu Hofreiter in ein
289 2244 1341 2292 abgesehen habe, jede Gattung nach Möglichkeit zu ver¬
2392 2258 3086 2308 hier mit Recht ausgeschaltet worden.)
1343 2260 2392 2320 intimes Verhältnts mit einem jungen, unbedeutenden
285 2268 1338 2339 breiten. Da nun der Mann — das nötige seminine Mate¬
2458 2279 3241 2337 Alles in allem: Schnitzler hat im weiten
1349 2302 2391 2357 Marine=Fähnrich ein, den der „vorurteilsfreie“ Ehemann
283 2324 1340 2377 rial vorausgesetzt — gut und gerne über zweihundert
2389 2330 3230 2390 Titel stammt von dem „tiefen“ Ausspruch Dr.
1349 2341 2385 2392 daraufhin kaltblütig über den Haufen schießt. Der kom¬
286 2348 1339 2408 Nachkommen im Jahre zeugen könne, die Frau aber nur
2393 2358 3218 2410 Die Seele ist ein weites Land“) gezeigt, daß i
1343 2378 2387 2425 plizierte Herr Hofreiter ist also im Grunde weiter nichts,
290 2382 1335 2451 ein Kind (wozu schließlich — theoretisch — nur ein Mann
2384 2403 3224 2449 für das große Drama fehlt. So packend sein
1341 2414 2388 2464 als ein haltloser, posierender Instinktmensch, der zynischste
289 2423 1328 2480 erforderlich ist), so sei die polygame Veranlagung des
2393 2434 3208 2484 stets waren, so wenig ist es ihm bisher gelun
1345 2451 2384 2499 Brutalität für imponierende Größe hält. Nicht mal die
283 2464 1330 2535 Mannes ebenso plausibel erklärt als die monogame der
2388 2474 3182 2511 geren Bühnenarbeiten pausenlos zu fesselt
1333 2489 2377 2537 Tötung des jungen Geliebten seiner Frau ist bei ihm aus
284 2492 457 2558 Frau.
2382 2509 3129 2559 keineswegs entbusiastische Beifall, den di
1331 2519 2389 2579 einem wertbaren „besseren“ Gefühl heraus erfolgt, (etwa
2387 2544 2943 2594 fand, immerhin als Gradmesse
2985 2548 3122 2596 mit ang
348 2519 1327 2610 Der ehetreue Mann ist also demnach wohl immer
1349 2562 2391 2617 aus Eifersucht), im Grunde glaubt er das Duell lediglich
2387 2574 2883 2628 Probleme stellt oder löst
275 2558 1335 2644 komplizierter (well mit moralischen Hemmungsvor¬
1340 2598 2867 2656 seiner durch Konvention bestimmten Pose schuldig zu sein;keineswegs, sie gibt ledig
276 2610 1333 2677 stellungen begabt), als der landläufige untreue, der ja eben
1333 2633 2393 2679 er will dem jungen Menschen eigentlich gar nichts tun.
2391 2639 2867 2691 wisser Lebekreise, die Scht
271 2653 943 2711 lediglich einem Naturinstinkt folgt.
1338 2673 2377 2722 und erst als er auf dem Kampfplatz im Auge des Jungen
3134 2683 3176 2724 kte
2380 2676 2868 2733 ganz richtig mit folgenden
361 2698 1330 2753 Am kompliziertesten (im Sinne der Naiven) mag in
1336 2701 2385 2749 sieht, daß es dem verflucht ernst ist, schießt er ihn kalt¬
2378 2712 2877 2759 1„Ich versichere Sie, Genia,
3092 2694 3221 2767 ngste
277 2733 1324 2797 dem Schnitzlerschen Stück vielleicht Friedrich Hofreiter er¬
1338 2743 2393 2797 blütig tot. — um das eigene Leben zu retten. Daß Hof¬
2382 2747 2886 2797 zuwenden gegen eine Welt,
3094 2745 3222 2805 iebe wit
280 2773 1340 2829 scheinen. Er hat sich niemals irgend welchen Zwang auf¬
1339 2776 2381 2826 reiter es fertig bringt, unmittelbar nach dem Duell in
2380 2772 2892 2836 anderes wäre als ein köstlich
3111 2784 3229 2845 Aber
266 2810 2377 2864 erlegt und seine geistig und moralisch himmelhoch über gleichgültig=liebenswürdigem Tone mit der nichtsahnenden
2390 2819 2899 2871 dann ehrlich, bitte! Ebrlich
2381 2851 2903 2897 ich gelten. Aber dies Inein
271 2833 2377 2895 ihm stehende Frau betrogen, so oft sich ihm nur die Ge= Mutter seines Kontrabenten zu konversieren, wirkt einfach
3068 2838 3218 2902 Zurückt
283 2878 1327 2938 legenheit dazu bot. Daß er sich keine sonderliche Mühe ge¬
2392 2886 2938 2938 Frechheit, von feiger Eifersuch
3053 2879 3240 2940 erlogenem
1343 2891 2382 2948 ekelhaft abstoßend und kennzeichnet den „Komplizierten“
279 2926 1323 2971 geben hat, seine Aventüren vor seiner Frau zu verbergen,
2441 2926 3227 2969 von rasender Leidenschaft und leerer Lust,
1339 2919 1865 2991 als brutalsten Amoralisten.
2377 2932 3101 3016 hier sehe — das finde ich trübselig und —
274 2956 1329 3003 rechnet er sich als ein ungeheures moralisches Plus an:
3106 2963 3226 3010 —grau
2378 2986 3211 3038 Die Freiheit, die sich hier brüstet, der feblt es
270 2989 1333 3055 natürlich ist er gerecht und — sagen wir — „kompliziert“
1398 2983 2383 3051 Eine andere Form der Ehebruchs=Auffassung vertritt
2385 3026 3215 3082 an sich selbst. Darum gelingt ihr die beitere
268 3032 1326 3082 genug. auch von seiner Frau keine Treue zu verlangen,
1384 3029 2376 3083 i Schnitzler der Bankier Natter. Er weiß wohl von den
2379 3054 3243 3119 die sie so gern annehmen möchte ..., darum ar
279 3058 1339 3116 was ihn indessen nicht hindert, seinen Zweifeln an der
1334 3068 2378 3121 Abenteuern seiner Frau, duldet sie aber schweigend, weil
2389 3094 2744 3152 wo sie lachen will.“
283 3102 2384 3161 Treue seiner Frau gelegentlich in einem hart an Eifer=1er „rettungslos verliebt“ in seine Frau ist und trotz allen
2497 3117 3207 3172 ie Hauptrolle des Friedrich Hofreiter
272 3140 1059 3204 sucht grenzenden Verbör Luft zu machen¬
1334 3148 3229 3231 Bemübungen „innerlich nicht von ihr loskommen kann“. Herrn Strobl aanz vortrefflich verkörvert.
