3436 4224
496 -122 591 58 10
716 -49 816 34 WE
877 -44 975 38 Ue
1089 -28 1254 43 and
308 -34 1275 92 1. Nas
1415 -22 1880 84 box 29/6
1143 415 1284 496 HON
768 529 1684 667 Ausschnit Neues Wiener Taghlatt, Wien
1213 723 1641 839 10.VAI 1937
769 750 951 856 vom:
1769 919 3032 1041 trotz aller Zähigkeit und Energie wirtschaftlich weg¬
3066 960 3364 1050 „Was mach
1767 990 3372 1093 gefegt wie ein welkes Blatt. Heute mit fünfundsechzig ihm, als atmeten
851 911 1504 1115 Feuilicton
1761 1039 2977 1135 war der frühere Millionär Agent für Staubsauger,
2977 1081 3376 1152 Hochwiese in den
1761 1077 2990 1182 rannte treppauf und treppab und lud zu Probe¬
3027 1125 3369 1199 damals — in
827 1106 1484 1227 Das enge Land.
1751 1138 3003 1244 vorführungen der Marke „Highstorm“ ein. Zuweilen
3045 1179 3327 1246 „Erna ist
1754 1184 2977 1271 wenn er, innerlich verzweifelt, ohne das kleinste
565 1193 1743 1294 Epilog zu Arthur Schnitzlers „Das weite Land“.
2963 1218 3371 1296 plagen. Sie wiss
1761 1230 2984 1333 Geschäft gemacht zu haben, ohne leiseste Aussicht auf
879 1275 1417 1352 Von Th.=Nie=Anbro.
2967 1275 3356 1346 loren als ihr an
1752 1279 2985 1394 Provision, an einer Tür klingelte, kam sein altes,
2964 1325 3369 1396 Trost ist. Pleitol
604 1326 1751 1426 Bevor der ehemalige Glühlampenfabrikant Friedrich
1751 1322 2981 1440 herrisches Wesen über ihn und er bat nicht um den
2961 1376 3361 1459 keinen Mann un
526 1379 1754 1481 Hofreiter das Kaffeehaus betrat, in dem er sich einmal
1754 1379 3362 1497 Besuch der Hausfrau, sondern befahl: Sie werden klagt. Von allem
519 1415 1752 1530 im Monat mit alten Freunden zu treffen pflegte,
1745 1422 3362 1551 kommen! Manchmal war es wirklich, als hätte sein verheiratete Toch
1742 1482 3367 1606 Wille noch überredende Kraft. Aber es ist schwer, so das Schlimmste
513 1458 3337 1645 musterte er sich prüfend in dem Spiegel am Eingang. suggestiv zu wollen, wenn man im Grunde ein müder, Scheidung von
517 1511 3362 1649 Unleugbar zeigte sein Rock glänzende Stellen an den alter Mann ist; wollen ist Sache der Jugend. In allem Ihnen und Erna
516 1569 1756 1657 Nähten, und man sah das ausgebesserte Oberleder seiner
512 1612 1749 1725 Schuhe. Aber er wußte: das braucht man nicht zu
1734 1621 2968 1722 Elend und aller Demütigung hätte Hofreiter doch nie
3051 1674 3355 1770 „Sie hätte 1
1732 1670 2960 1764 daran gedacht, seinem Leben ein Ende zu machen;
515 1669 2969 1842 merken; und indem er, schlank und hochmütig auf= noch immer sah er neugierig den Kapriolen zu, die das
2956 1711 3164 1803 macht!“
505 1725 2512 1858 gereckt, an den andern Tischen vorbeistrebte, folgten ihm Schicksal rings um ihn aufführte.
497 1766 1744 1863 neugierige Blicke einiger junger Damen, und eine wollte
3043 1767 3361 1853 „Lieber Hin
497 1823 1723 1903 wissen, wer das sei. „Ich glaube, der Herr ist Agent,“
1819 1824 2955 1916 Seine Frak war zum Glück versorgt. Als er im
2948 1818 3360 1906 Frauen ihre Mä
495 1859 1723 1955 bemerkte ein Kellner. Die Kleine machte ein enttäuschtes
1729 1849 2945 1957 Kriegsspital lag und seinen alten Freund Dr. Mauer
2947 1878 3353 1953 einzig Mögliche.
506 1905 1726 2030 Gesicht, sie wäre einer Annäherung an den interessant
1729 1918 2945 2014 dort als Chefarzt traf, fragte er diesen eines Tages
2945 1935 3337 2002 man muß Geld
491 1957 1679 2064 aussehenden älteren Herrn nicht abgeneigt gewesen.
1720 1967 2951 2062 unvermittelt: „Warum heiratest du meine Frau nicht?
2943 1975 3349 2054 interessante Leut
1718 2031 3349 2115 Sie ist nicht gemacht, allein im Leben zu stehen! Ihr fassung nicht hin
582 2019 3352 2146 Von Hofreiters Gesellschaft war noch niemand da. war't immer gute Freunde — die beste Grundlage für alteten Zeit, nat#
489 2066 1730 2174 Er erwartete vor allem den Dozenten Mauer, den
1716 2111 2950 2207 eine Ehe!“ Der schüchterne Mauer wehrte ab, aber
2930 2130 3351 2225 aber doch nur fü
481 2117 1722 2217 zweiten Gatten seiner früheren Frau Genia. Er
1713 2154 2951 2257 Hofreiter insistierte: „Ich hab' dir einmal deine Braut
494 2174 1727 2267 zweifelte nicht, daß Genia selbst eine Ausrede finden
3033 2186 3350 2275 „Ich glaube,
1719 2212 2935 2307 ausgespannt, die kleine Erna Wahl. Jetzt geb’ ich
2926 2209 3128 2300 Wahl.“
490 2217 1713 2311 würde, um nicht mitzukommen. Er hätte sie gern
1718 2259 2939 2355 meine Frau in deine Hände.“ Ein Jahr darauf erhielt
484 2265 1721 2365 wiedergesehen; aber sie fürchtete, daß die blutende
3024 2274 3353 2359 Sie stieß eine
1717 2312 2937 2405 er die Vermählungsanzeige. Sein Sohn Percy lebte
476 2321 1710 2410 Wunde ihrer alten Liebe zu ihm wieder aufbrechen
2926 2328 3343 2412 alter Bekannter
1712 2361 2935 2468 bei ihr, sie hatten an seinem Herunterkommen keinen
482 2366 1715 2448 könnte. Zwei Jahre vor dem Kriege hatten sie sich von¬
2931 2381 3345 2479 Paul! Da ist en
1711 2406 1920 2476 Anteil.
469 2406 1714 2506 einander getrennt, nachdem er ihren Liebhaber im Duell
2927 2418 3147 2511 reiter!“
1797 2465 2929 2552 „Grüß Gott, grüß Gott, lieber Hofreiter!“ rief
475 2461 1714 2550 erschossen hatte. Er selbst hatte sie in dieses Abenteuer
3014 2469 3343 2560 Der Herr u
471 2520 1712 2606 getrieben, weil seine irrlichternden Wünsche nach allen
1710 2503 3344 2607 eine lebhafte Stimme, und eine schlanke, weißhaarige ein fünfeckiges M
1697 2541 2923 2650 Dame schüttelte ihm leidenschaftlich die Hand.
482 2565 1705 2655 Frauen sich durch ihre Treue bedrückt fühlten. Dann
2923 2583 3332 2660 sich steif: „Leider
1703 2602 2920 2699 „Hundert Jahre hat man sich nicht gesehen. Na,
468 2613 1708 2705 suchte er auf Reisen Ablenkung von der einzigen Angst,
3013 2637 3337 2704 „Aber lieber
1697 2648 2935 2747 hundert vielleicht nicht, aber zwanzig, und was für
470 2657 1701 2753 die ihn quälte: der vor dem Alter und Zurücktreten¬
2917 2666 3345 2763 Gäste in der Villa
1697 2699 2924 2797 welche! Wunderbar sehen Sie aus, lieber Hofreiter!
464 2721 1719 2802 müssen. Als der Krieg ausbrach, atmete er auf. Hier
2997 2737 3337 2823 „Das muß ei
1698 2757 2921 2859 Sie können fünfzehn Jahre von Ihrem Alter
461 2755 1702 2857 war etwas für seine rauflustige Natur, hier war Ab¬
2913 2774 3329 2868 Im übrigen m
1689 2798 2067 2875 herunterlügen!“
469 2802 1709 2900 schluß, Gefahr und Erneuerung. Von seinem Stand¬
2897 2831 3331 2914 bitten..., überbes
462 2857 1689 2953 punkt aus war der Krieg nur in die Welt gekommen,
1777 2860 3322 2953 „Ich kann Ihnen das Kompliment zurückgeben, Jahr... Komite
457 2900 1694 3003 um seinem Leben die richtige Wendung zu geben. Ob¬
1689 2869 3326 3009 Mama Wahl,“ sagte der ehemalige Fabrikant und Empfang südafri
454 2951 1684 3047 gleich längst Landsturmmann, meldete er sich freiwillig,
1694 2947 3311 3080 dachte daran, daß die Tochter der Dame seinem Herzen die Salzburger
1683 2990 2917 3099 einmal sehr nahegestanden hatte. „Sie sind hier im
451 2992 1691 3096 verdiente sich die goldene Tapferkeitsmedaille und hielt,
2907 3025 3142 3111 Ehre
1693 3043 2281 3119 Café wohl Stammgast?“
452 3051 1693 3154 stets an den gefährlichsten Stellen und oft verwundet,
2984 3072 3320 3156 „Ich bin spr
459 3106 1150 3175 die ganzen vier Jahre durch.
1777 3090 2912 3193 „Stammgast? Ich hasse doch Cafés! Ich bitte Sie
2889 3121 3331 3217 das fünfeckige Mos
1673 3115 2906 3234 da kann jeder bei der Tür hereinkommen! Nein, ich
551 3153 1700 3261 Inmitten dieser Welt von Blut und Grauen
2969 3186 3269 3249 „Warum?
1682 3189 3323 3320 leite die Bridgestube hier, mein Gott, man muß sich nicht mehr kennen
452 3181 1689 3305 merkte er, daß Krieg noch etwas andres war, als
1688 3239 2904 3331 doch betätigen. Aber die Konjunktur ist vorüber,
455 3249 1685 3348 Abschluß alter Erlebnisse und Beginn von neuen.
2889 3278 3083 3359 haben!“
1681 3287 2897 3391 zwei Tische hab' ich heut' nur besetzt, denken Sie, das
2973 3313 3315 3402 „Dieser Idio
443 3300 2885 3452 Später trafen ihn die Geschosse, denen er im Felde bißchen Kartengeld, und Prozente muß man auch
441 3349 1922 3475 entgangen war, von einer andern Seite; er wurde abgeben!“
2886 3366 3320 3451 Schnittlauch auf al
2871 3422 3327 3525 von er lebt. Das h
2192 3956 2327 4017 enT
