3344 4192
711 117 776 177 W
1034 125 1188 190 Lan
289 103 1251 225 24. Das  e ere ee e e e
1402 129 1857 218 box 29/6
1066 959 2513 1056 Sinnlichkeitenparfüm leise wittert, dieselben Kreise alltäglichen Umgangs
1069 1007 2512 1083 bei der Jause, auf dem Tennisplatz, im Kurpark. Und wiederum Ehe¬
1069 1067 2519 1141 gatten, die sich geliebt haben, sich lieben mit Fragezeichen, sich „treu" oder
1072 1115 2512 1206 „untreu“ sind und es sich halb gestehen halb verschweigen — „die Wahr¬
1066 1159 2506 1250 heit erfährt man ja nie" — dieselbe Getrübtheit der Gefühle und damit
1063 1216 2512 1299 verbunden die Instinktivität der Entschlüsse. Dieselbe? Ein Dichter
1061 1261 2512 1350 wiederholt sich nicht. Es charakterisiert den echten, daß er nicht bekanntes
1069 1308 2499 1398 sondern unbekanntes Wesen zeigt. Aber nicht jeder Teil seines Schaf¬
1069 1358 2512 1449 fens braucht neu zu sein — die Glasstücke des Kaleidoskops bleiben sich
1059 1412 2513 1495 immer gleich; und in Schnitzlers Werken waren Gleichheit und Ungleich¬
1063 1452 2505 1538 heit mit den Vorigen meist etwa gleichstark. Das Ende der Liebespiele
1053 1511 2496 1594 ist diesmal, daß ein Gatte — Hofreiter — in plötzlichem Entschluß dem
1052 1561 2502 1626 Geliebten seiner Frau Feigheit vorwirft, um ein Duell zu erzwingen.
1060 1602 2499 1691 Moralisch, wie der Alltag sagt, ohne Recht, da er seine Frau nicht stark
1050 1651 2502 1749 liebt und selbst mit andern Frauen oft Beziehungen hat. Er tötet den
1043 1715 2503 1793 jungen Verehrer. Und im letzten Akt erfahren es seine Frau und seine
1053 1761 2494 1834 Geliebte: jene verläßt ihn, diese will ihm treu folgen. Aber er ist durch
1051 1796 2496 1878 alle Ungewißheit des Daseins, aus der nun die furchtbare Gewißheit des
1049 1854 2487 1944 Todes entsprungen ist, dem Leben entfremdet. Auf Hofreiters oben
1045 1913 2493 1967 angeführte Bemerkung im dritten Akt, über die Dichter, antwortet der
1036 1960 2493 2040 Dichter: „Und wissen Sie, was Fabrikanten von Glühlichtern gewöhnlich
1041 2002 1568 2069 sind, Herr Hofreiter?
1561 2020 2492 2089 Glühlichterfabrikanten — sonst nichts.“ „Wär
1040 2063 2493 2141 gut, wenn's wahr wäre .. .“, erwidert der Fabrikant. Er gehört zu
1029 2102 2484 2190 denen, die „sich in Unkosten stürzen“, und als am Schluß sein Kapital
1040 2154 2488 2243 an Herz vergeben ist, erwidert er der Geliebten: Ich gehöre niemand auf
1027 2188 1994 2278 der Welt. „Niemandem. Will auch nicht ...
1093 2253 2474 2343 Solche Züge zeigen vielleicht, daß auch Schnitzler, der so fertig war,
1036 2294 2481 2387 so Abgerundetes schuf, noch Entwicklung, noch Vertiefung erlebt. Hier
1038 2353 2483 2439 gestaltet er Entwicklung. In ganz leisen Worten und in Geschehnissen,
1031 2394 2489 2487 die um so lauter, dröhnender hineinhallen. Das hatte er früher nicht
1025 2454 2476 2537 so; selten zeigte seine Dichtung ein so ernstes, durchfurchtes, charak¬
1030 2503 1917 2573 terreiches Gesicht mit eindringlichen Zügen.
1074 2546 2483 2628 Das „weite Land“ ist natürlich mit Worten nicht zu erschöpfen. Man
1029 2599 2476 2690 muß sich hineinverlieren können — und auch wieder heraus. Eins sei
1024 2664 2468 2722 noch angemerkt. Es wolle, wer das erste nicht kann, den Dichter dafür
1024 2704 2470 2783 nicht verantwortlich machen. Man kann sich ja andre wählen, etwa
1016 2743 2464 2820 Lilieneron oder Polenz. Aber Worte wie „müde“, „blasiert“ und ähn¬
1018 2789 2472 2891 liche treffen wie schlechtes Geschoß nicht in den Lebensknoten. „De¬
1014 2848 2473 2906 plaziert“ sind sie; man sollte mehr Achtung haben vor dem Schmerz und
1016 2895 2462 2986 der Qual, die allzeit mitgedichtet hat an solchen Werken, und vor dem
1014 2945 2464 3029 Können überhaupt und dem seienden Wert. Wer aber nicht wieder
1030 2989 2464 3074 „heraus“ kann aus dieser Welt, wolle freundlichst bedenken, daß sie trotz¬
1015 3042 2468 3135 dem nicht die einzige ist, beispielweise ist sie zur Lieferung ethischer
1026 3087 2458 3184 Maximen schon aus rein pragmatischen Gründen ungeeignet. Das Stück
1023 3136 2456 3231 ist an vielen Städten aufgeführt worden, meist mit dem Erfolg, daß man
1018 3194 2452 3267 ihm „Achtung“ entgegenbrachte. Gewiß ist, daß Achtung nicht die Stim¬
1016 3250 2456 3333 mung ist, die für den Weg ins „weite Land“ genügend ausrüstet. Geduld,
1017 3291 2453 3383 feines Hören, Unvoreingenommenheit, Vertrauen zum Führer, wohl auch,
1014 3346 2461 3429 mit einem guten Wort gesagt: Liebe wird dazu gehören, um all seiner
1006 3384 1695 3459 Wesenhaftigkeiten inne zu werden.
2059 3413 2453 3480 Ezard Ridden
1025 3441 1139 3531 200
2010 3475 2458 3594 Kunstwart NWV 4
