3392 4256
747 248 805 296 W
322 226 1288 325 24. baS  si e e e ee  e
1455 240 1880 327 box 29/4
1432 783 2269 873 Klose & Seidel
1457 857 2249 950 Bureau für Zeitungsausschnitte
1460 929 2259 1008 Berlin NO. 43, Georgenkirchplatz 21
1417 1145 2137 1226 Zeitung: Deutsche Warte
1983 1245 2249 1318 Berlin
1424 1255 1582 1329 Ort:
1418 1350 1926 1437 Datum: esertesese P.
1868 1409 2236 1491 9. NOV. 1921
1667 1528 2243 1649 Theater und Musik.
1774 1621 2119 1695 Residenztheater.
1551 1647 2384 1753 Zum ersten Male: „Das weite Land“.
1487 1697 2400 1793 Tragikomödie in 5 Akten von Arthur
1493 1743 1626 1801 Schn
1485 1754 2391 1859 Kor#r Spielleitung: Arnold
1604 1837 2376 1932 =Wiedersehen. Mit einer alten, einst von
1483 1880 2387 1973 Brahn sgestalteten Schnitzlerei und mit zwei
1493 1918 2389 2012 Tragsdinnen jener Zeit: Rosa Bertens und Irene
1482 1959 2383 2054 Triesch. Erinnerungen an verklungenen Glanz!
1471 1992 2386 2091 Was sind sie im Lichte des gegenwärtigen
1467 2035 2381 2133 Lebens? Die „weiten Länder“ von ehemals liegen
1463 2079 2381 2155 uns so weit wie die alte Wiener Welt, da kultur¬
1462 2120 2369 2211 müde Schichten spielerisch die Fragen des Daseins
1464 2152 2371 2246 umkreisten. Und wie jener gefällige Plausch, der
1464 2202 2360 2282 gemütlos Gefühle zerkleinert und die bunten
1458 2227 2357 2316 Dinge des Lebens mit Ironie übergießt.
1455 2273 2360 2354 Geschichte, Geschichte! Nur noch historisch ist der
1448 2311 2359 2396 Blickpunkt für diese fünf Akte Ehegeplauder,
1455 2354 2215 2434 Liebesgetändel und Gesellschaftsgeschick.
2254 2387 2350 2438 Alle
1455 2387 2347 2473 Schnitzlergeschöpfe der „Liebelei“ des „Anatol“
1449 2428 2346 2517 des „Zwischenspiels“ marschieren in dieser
1444 2469 2349 2559 Tragikomödie schemenhaft auf. Der Fade, der
1455 2499 2351 2591 Geistvolle, der Melancholische, der Blasierte, der
1449 2542 2340 2621 Feurige und der Gleichgültige. alle sind da. So
1438 2579 2337 2687 wie sie Tennis spielen, spielen sie mit Worten,
1439 2621 2333 2706 mit Herzen, mit Ehre und Glück. Jedem Hände¬
1428 2653 2339 2750 druck folgt das Geständnis eines Ehebruchs. Er
1436 2697 2336 2780 gesteht es ihr, sie gesteht es ihm. Er sagt es dem
1426 2742 2338 2834 Freund, sie sagt es der Freundin. Er erzählt
1425 2780 2338 2880 es dem Betrogenen und sie der Mutter des Ver¬
1423 2807 2325 2901 führten. Es ist ein Engmaschengewebe von Offen¬
1431 2856 2328 2940 und Weitherzigkeit. Eine Welt der Brüderlichkeit
1432 2893 2329 2970 und der Duldung. Keiner zürnt dem andern.
1420 2934 2327 3018 Kaum glaublich, daß die Pistole dennoch zum
1426 2970 2318 3071 Knallen kommt und daß Anfang und Schluß mit
1421 2997 1943 3076 je einer Leiche geziert sind.
1462 3045 2315 3135 Warm wird kaum jemand bei diesem weit¬
1406 3068 2318 3171 läufig verschachtelten, kühlen Reigen der Ehenot.
1410 3113 2314 3213 Bleibt nur der Reiz der Typen, die im Rotter¬
1411 3157 2319 3259 hause, und Arnold Korffs nobler Künstlernatur
1414 3193 2314 3292 sei zugestanden, daß er alle Uebertreibung zu
1401 3247 2310 3331 meiden weiß. Allerdings führt diese Zurückhaltung
1406 3274 2302 3350 zu einer gewissen Farblosigkeit. Korff selbst gibt
1397 3313 2297 3393 die Hauptgestalt, den gereiften, illusionslosen,
1394 3352 2299 3438 gegen Sentimentalität gefeiten Gatten. Er hat
1396 3386 2310 3477 die Ruhe und Ueberlegenheit des Realpolitikers.
1406 3423 2290 3515 In der Leidenschaft, in der Nervosität ist er immer
1398 3459 2240 3551 der beherrschte Weltmann. Irene Triesch
1391 3500 2294 3581 seine vernachlässigte Frau. Sie lächelt melancholisch
1396 3541 2293 3627 wie vor zehn Jahren bei der Uraufführung. Aber
1394 3576 2284 3658 es bleibt ein Lächeln der Kälte, der Leblosigkeit.
1383 3605 2280 3712 Auch Rosa Bertens steht vor der unmöglichen
1369 3661 2274 3745 Aufgabe, einer Sprechpuppe lebendes Blut ein¬
1371 3696 2291 3779 zuhauchen. Vom Film zurückgekehrt begrüßt man
1369 3730 2271 3806 Gertrud Welker. Mit ihren großen Sehnsuchts¬
1362 3757 2263 3861 augen gibt sie dem Herzenserlebnis des modernen
2224 3813 2251 3832 —
1349 3859 2262 3955 Mädchens Ausdruck. Franz Schönfeld er¬
1357 3918 2261 3991 läutert verständnisvoll, daß das „weite Land“ die
1357 3963 2263 4039 menschliche Seele bedeute, und Josef Klein spielt
1349 3993 2267 4098 trotz eines Unfalls seinen Doktor ohne Stockung,
2090 4067 2249 4131 J. L.P
