3344 4352
477 105 1461 140 Beginn der Aera Rotter im Lessing=Theater. Das
394 134 1464 182 Revue=Provisorium ist zu Ende. Jetzt heißt es: selbst ist
394 181 1468 234 der Mann (oder: selbst sind die Männer). Ich hätte ge¬
392 228 1466 269 wünscht: Roiters hätten an diesem Punkte die Kritik (die zu
392 273 1461 324 99 Prozent gegen sie ist) mundtot gemacht, vielmehr: zu
399 310 1470 356 sich herübergezwungen. Durch die Wahl eines neuen
391 349 1471 397 Stückes, das den Stempel unserer Zeit trägt. Durch eine
402 391 1466 451 Besetzung mit Schauspielern, die Neues zu sagen haben.
394 432 1472 478 Aber sie bleiben im sicheren Port. Greifen wieder auf einen
394 477 1471 523 alten Schnitzler zurück. Und besetzen ihn mit einem
396 526 1458 579 Senioren=Konvent von Mimen. Die Folge: sie machen uns
389 572 1454 617 gleichgültig. Gegen sie zu wettern, den 99 Prozent wäre
392 615 1466 663 es eine Lust gewesen. Und ein paar Mutige (müde der schon
399 654 1464 700 mechanischen Rotter=Beschimpfung) wären zu ihnen ge¬
402 698 1461 744 standen; hätten allem Geheul gegenüber ohne Scheu be¬
391 740 1469 782 kannt: wir nehmen Gutes und Neues und Wagemutiges
393 787 1460 829 an, von wem es auch kommt. Nun aber: kein Neuland; ein
387 829 1080 885 schlecht gelüftetes, dumpfes Museum.
466 870 1472 926 Warum Schnitzler? Rotters werden sich als Tempel¬
395 914 1481 963 hüter aufspielen. Etwa so: gerade Schnitzler an dieser
390 962 1467 998 Stätte, im Hause Brahms! O, falsch verstandene Pietät!
386 1003 1474 1056 Als Brahm Schnitzler und Hauptmann aufführte, waren
388 1047 1469 1083 die ja Dichter ihrer Zeit, Moderne. Die Tradition des
399 1087 1468 1147 Hauses, im Brahmschen Sinne, hätten die Rotters gewahrt,
403 1137 1471 1189 wenn sie zum Beginn der neuen Aera des Hauses ein Be¬
391 1172 1467 1230 kenntnis zur Dichtung ihrer Zeit abgelegt hätten. Schade
382 1219 1470 1274 um die verpaßte Gelegenheit! Nun, statt daß der Sturm¬
398 1266 1467 1304 wind der Zeit uns gepackt hätte, atmeten wir schwere
390 1304 613 1357 Moderluft.
472 1347 1464 1392 Schnitzlers „Weites Land“ ist uns vielmehr eine
389 1389 1466 1446 seelische Beengtheit. Das Kitschwort: „Die Seele ist ein
386 1439 1474 1481 weites Land“ wird durch diese begrenzte Sphäre Lügen
388 1482 1476 1531 gestraft. Schon neulich, als eine andere Bühne uns wieder
387 1526 1464 1582 auf den „Einsamen Weg zu führen für nötig befand,
390 1570 1471 1615 revoltierten wir gegen diese egozentrische Enge, gegen diese
391 1617 1471 1667 kokettierende Selbstbespiegelung, die nur auf und in das
392 1651 1472 1718 eigene, sich so wichtig nehmende Ich blickt. Noch pein¬
390 1701 1461 1752 licher wirkt die Enge hier, wo uns zuge¬
387 1745 1466 1803 mutet wird, die Perspektive des „weiten Landes“ darin
396 1785 1471 1851 zu sehen. Wo uns mit heiligem Ernst, psychologischem
390 1834 1471 1883 Ballast zugemutet wird, eine Sache tragisch zu
388 1881 1466 1924 nehmen, bei der alle unsere Sinne nach der Komödie
387 1910 1461 1986 schreten. Den Herrn Fabrikaten Hofreiter, vor dem kein
394 1960 1463 2003 weibliches Wesen sicher ist, hat das Mißgeschick getroffen,
392 1998 1465 2059 daß wir inzwischen mal über einen (gallisch lustigen)
399 2050 1456 2093 „Hühnerhof“ gewandelt sind. Don Juan will es nicht mehr
395 2092 1457 2132 gelingen, uns an das Tragische und Dämonische seiner
392 2128 1467 2192 Natur glauben zu machen. Selbst auf der Opernbühne
386 2174 1462 2233 wird er uns nur noch erträglich, wenn er sich stark buffo¬
394 2218 1463 2273 nesk drapiert. Mag der Herr Hofreiter sich ernst nehmen)
386 2258 1465 2298 wir tun ihm den Gefallen nicht mehr. Lachen vielmehr
381 2297 1460 2351 ihn aus, wenn er, überall hin liebäugelnd, der Gattin
382 2334 1464 2404 gegenüber Eifensuchtsanwandlungen nicht unterdrücken
384 2387 1459 2442 kann; wenn er deren jungen Liebhaber niederknallt: aus
381 2431 1470 2487 Eifersucht übrigens? oder wegen verletzter Eitelkeit? oder
380 2470 1462 2526 aus Angst vor der, Haß gegen die Jugend? Wenn wir schon
388 2511 1467 2550 dem dummen Jungen, eher noch seiner alten Mutter eine
375 2560 1471 2617 Träne widmen wollen, — sie wird erstickt durch das Lachen
386 2598 1463 2641 über die Motive des tragisch sich gebärdenden Mörders.
384 2648 1465 2683 Freilich sagt Schnitzler: Tragikomödie. Aber es bleibt
379 2676 1468 2723 beim Etikett. Die Gestaltung (wenn die Dialogisierung je
385 2726 1355 2780 so weit kommt) ist von verzweifelter Ernsthaftigkeit.
453 2776 1465 2834 Und, bei aller unendlichen Weitschweifigkeit, von einer
386 2813 1466 2873 die seelische Beengtheit verratenden Kurzatmigkeit. Die
385 2856 1471 2918 mühsam verdeckt werden soll durch das breite Episoden¬
385 2905 1463 2954 werk. Durch diesen belanglosen Verlegenheitsakt in der
377 2944 1476 3011 Mitte, der zudem durch die Unruhe der Szenenführung
381 2995 1459 3047 irritiert. Wobei nicht verschwiegen sei, daß in den Episoden¬
390 3029 1473 3077 figuren des Hoteldirektors und des Schriftstellers mensch¬
374 3078 1464 3135 lich Wertvolleres und Echteres schwingt als in den Haupt¬
386 3109 578 3164 gestalten.
472 3152 1462 3209 Ein „weites Land“ trennt uns von dieser Schnitzler¬
380 3198 1458 3242 Welt. Und keine Verbindung mehr führt uns zu ihr
379 3246 1466 3298 hinüber. Auch die Träger der Schauspielkunst jener Welt
380 3292 1462 3342 und Zeit können sie nicht schaffen. Immerhin: es könnte
384 3329 1462 3391 fast von Stilgefühl bei den Rotters zeugen, daß sie für die
375 3374 1461 3412 Galvanisierung alte schauspielerisch Garde aufbieten.
382 3411 1472 3470 Korff ist der typische Spieler jener Epoche, wenn man ihr
380 3459 1467 3525 zugestehen will, daß sie Kultur besitzt. Wenigstens die
382 3499 1460 3559 Kultur der äußeren gepflegten Form, des Verhaltens der
381 3545 1468 3591 Leidenschaft. Dieser Korff ist ein Siegelbewahrer des guten
370 3587 1448 3646 Tons in allen Lebenslagen. Ein Mensch, der in der „guten“
382 3623 1467 3687 Gesellschaft nie unmöglich werden kann. Haltung ist alles.
378 3676 1462 3732 Nicht so beherrscht die Triesch. In ihr flackert noch
388 3708 1457 3768 immer ein Temperament, das aufs Losbrechen
536 3758 582 3796 00
385 3753 538 3804 wartet.
580 3758 1457 3814 Sie steht Strindbergisch gegen Schnitz¬
376 3796 1458 3845 ler. Möchte die Dulderin mit der Kämpferin
388 3844 1452 3894 vertauschen. Neben ihr wächst am Schluß die Sandrock.
378 3888 1459 3951 die Mutter des Getöteten, zu stiller Größe. Ganz schlicht
382 3928 1459 3989 und einfach, ohne Pathos. Sonst sieht man Herrn Bonn,
1495 106 2531 165 Ratter, und die Schneider=Rissen, als geschwäßig
1506 151 2554 200 neugierige Frau Wahl von ausreichender Komik. Josef
1503 187 2569 231 Kleins Noblesse geht glatt in dem „anständigen“ Doktor
1509 236 2567 281 Mauer auf. Ganz verlassen in dieser Welt nur eine
1495 289 2575 331 jüngere Schauspielerin Ellen Tietz. Ist's schauspiele¬
1503 326 2574 377 rische Unbeholfenheit oder die Herbheit einer Natur, daß
1501 360 2571 404 sie der dem Don Juan Verfallenen innerlich völlig fremd
1493 402 1647 464 bleibt?
1576 450 2576 502 Der Spielleiter Kanehl hatte es nicht schwer, mit
1495 492 2568 551 der alten Mimenschar den Schnitzler=Ton zu treffen. Und
1499 534 2571 580 wenn die Langsamkeit des Tempos an unseren Nerven
1500 577 2575 618 riß, so darf er vielleicht gerade darum für sich in Anspruch
1507 619 2572 685 nehmen, daß er das Tempo seines Dichters innegehalten
1501 657 1624 721 habe.
2171 665 2495 727 Franz Köppen.
