3296 4320
1333 92 1785 178 box 29/1
211 95 1178 210 24. Das weite-Land
1733 1384 3294 1433 Frau Dot und von Herrn v. Scheidt als John aufs wirksamste unter¬ gegen alle gu
1737 1429 3291 1475 stützt. Frau Fleischer zeichnete die junge Dot mit dem ganzen Liebreiz ! Seole heraus
1747 1460 3311 1517 ihrer Persönlichkeit und sang mit köstlicher Frische und dem Aufgebok! voller tiefster
740 1411 1443 1538 Theater und Musik.
1742 1500 3303 1569 ihrer großen Kunst. Mit sicheren Strichen traf Herr v. Scheidt die f sondern es se
3072 1528 3311 1596 Das Natin
1740 1548 3038 1598 Figur des John, gab ihr die nötige Herzenswärme und den vollen warmen.
895 1560 1244 1642 Stadt=Theater.
3033 1566 3286 1640 Männerseele
1727 1583 3049 1633 Ton in Spiel und Gesang. Den Edward würde Herr Hochheim
3039 1607 3310 1679 gamische Na#
1742 1616 3039 1674 noch zu weit eindringlicherer Wirkung bringen, könnte er seine stimm¬
466 1625 1717 1712 Neu einstudiert: „Das Heimchen am Herd“ von Carl Goldmart.
3045 1659 3284 1712 einer schöner
1740 1657 3044 1722 liche Darbietung in sichere künstlerische Geleise leiten. Chor und Orchester
2864 1694 3008 1765 R. Ph.
3050 1691 3294 1752 Ehe jede lie
1734 1709 2276 1759 hielten sich überraschend gut.
479 1685 1738 1757 Nachdem man viele, viele Jahre hindurch Goldmarks „Heimchen
3039 1738 3292 1793 Schnitzlersche
415 1734 1734 1797 am Herd“ im staubigenTheaterarchiv gemächlich hat schlafen lassen, machte
3048 1772 3312 1837 er nicht Fra
426 1777 1738 1841 man am Sonnabend einen Versuch, das Heinichen bei uns wieder zirpen
3045 1818 3312 1876 Inhalt seine
2091 1801 2719 1887 Deutsches Schauspielhaus."
420 1803 1739 1882 zu lassen. Ich weiß nicht, wer der Erwecker ist und welche Gründe ihn
3041 1864 3288 1918 Fabrikherr 1
423 1848 1749 1921 bewogen haben, der Oper ein neues Leben schenken zu sollen. Trotz der
425 1869 2951 1954 relativ guten Aufnahme wird sich Goldmarks „Heimchen“ auch bei uns Das weite Land. Tragikomödie von Arthur Schnitzler.
3046 1900 3303 1948 Genie. Sei
3033 1923 3286 1994 einfach unhe
424 1949 3047 2005 nicht dauernd auf dem Repertoire halten können. Dus Werk beüt Wunderlust und Forschungstrieb,=Neugier und Wißbegier, Sehnsucht!
3034 1975 3291 2039 den Frau Ge
419 1971 3049 2050 zu wenig Kern, zu schwachen künstlerischen Lebensnerv, zu geringef nuch freieren und größeren Horizonten, Verlangen nach fruchbaren
3036 2022 3212 2070 gleich
1727 2008 3050 2079 Getreibebreiten, stolzen Felsen und hohen Himmelsgestirnen werden
423 2019 1735 2089 innere Harmonie, um sich wirklich längere Zeit hindurch auf dem Spiel¬
3033 2051 3266 2123 schwärmte;
1718 2057 3051 2125 rege bei dem reichen und hellen Klange des Titels, den Arthur
424 2059 1743 2125 plan zu halten. Eine Dramatisierung des köstlichen Dickensschen Idylls
3034 2100 3284 2154 eine treue
1724 2096 3039 2154 Schnipler seiner jüngsten Tragödie zu geben für gut befunden hat.
420 2100 1732 2157 war von vernherein eine verfehlte Idee. Auch die geschickteste Hand
3031 2119 3313 2191 Gatten gegen
1731 2143 3042 2185 Wie ein Strom von Licht und Luft strömt es bei dem Geläute des
414 2132 1744 2218 hätte die Poesie vergewaltigen müssen. Was aber Willner daraus ver¬
3032 2165 3293 2227 „sogenannten
1735 2180 3032 2237 Titels Das weite Land ins Zimmer, sei dieser umschränktr. Raum
427 2178 1739 2237 fertigt hat, ist nichts als eine trostlose Verballhornung des englischen
3029 2206 3283 2272 er wegen diese
1735 2222 3043 2279 nun ein schwül parfümierter Salon, oder eine stille Arbeitsklause, oder
426 2211 1741 2286 Meisterwerts, ein mixtum corpositum, in dem alles zu flacher Senti¬
3028 2258 3311 2315 aushalten kö
1729 2261 3037 2307 eine tote Gefängniszelle oder ein menschenvolles Theater. Das weite
422 2259 1740 2316 mentalitat und leerer Theatralit verseicht. Carl Goldmart, dessen
3024 2293 3278 2345 im Sinn —
419 2275 3035 2368 Talent sich in der schwülen Erotik der Königin von Saba so geöpeetig] Land! Mag es im funkelnden Kristallschein des Sommersonnenscheins
3021 2314 3310 2389 komödien beld
420 2335 3032 2397 ausleben konnte, ntand dem Machwert Willners ziemlich ohnmächtigf liegen, oder in den grauen Flören des Abends, oder unter der weißen,
3026 2368 3290 2419 der k. k. Mar
1727 2378 3039 2438 endlosen Schreedecke des Winters, es atmet die Kraft und den Frieden,
420 2385 1750 2451 gegenüber. Wenn auch ein Meister die Musik zum Heinichen ge¬
3026 2406 3265 2458 der Gatte, d
1729 2425 3033 2472 den Hampf und die Versöhnung der harmonischen Allmutter Natur. Es
428 2426 1750 2479 schrieben, dessen Technit in der Partitur große Triumphe feiert, sof
3023 2443 3274 2506 den jungen
1732 2451 3043 2512 nährt unsere Träume von Größe und Freiheit; es löst den Dunst und
426 2455 1735 2517 ändert das nichts an der Tatsache, daß der innere Wert dieser Musik
3035 2487 3282 2546 ihm der Gehe
1727 2502 3035 2556 Qualm der Städte, die üblen Miasmen der Fäulnis und zugleich den
414 2494 1732 2564 äußerst schwach ist. Und daß vor allem eine Stillosigkeit im
3034 2528 3294 2581 ihm ist, als ol
1729 2543 3041 2593 neues Leben versprechenden Duft der Biumen in sich auf, und es umspannt
417 2527 1726 2611 ganzen musitalischen Ausdruck sich kundgitt, die direkt verstimmt.
3022 2566 3293 2622 Ted des tugen
1727 2589 3038 2632 Menschier und Pflanze zugleich mit den wild dabin eilenden Wolken
430 2575 1739 2642 Mozart, Wagner, Mendelssohn und sogar Lortzing reichen sich hier ge¬
3016 2603 3310 2674 höchst vernün
1728 2623 3036 2673 und denAuhig ihres Weges ziehenden Flüssen zu einer großen ruhe¬
412 2615 1739 2686 mütlich die Hände. Es ist ein ewiges Herumtappen von einem Stil in
3020 2644 3288 2706 nicht als „Ho
1729 2658 3033 2712 vollen Einheit. Unkrant und Weizen, ekelhaftes Ungeziefer und
410 2657 1736 2739 den anderen, mit ziemlich unvermittelten Uebergängen und Stim¬
3019 2683 3288 2747 ein Dutzend
1729 2700 3037 2761 blendende Schönheit. Rosen. Fruchtbäume und Disteln wachsen in desem
420 2721 1742 2760 mungswechseln. Kontrastwirtungen von solcher Schärfe, ohne jede
3017 2720 3310 2788 man Hahner
1722 2740 2413 2797 weiten Lande friedlich beisammen.
418 2737 1730 2792 Logik und Kensequenz dienen nicht zum Frommen des Kunstwerks. Die¬
3033 2761 3236 2815 Ehre, die
1779 2782 3034 2836 Auch des Menschen Seele ist ein weites Land sagt Schnitzler, der
416 2762 1735 2852 Musik=Melange ist um so bedauerlicher, als manche Perle dadurch gar
3020 2779 3310 2857 lächerliche Tr
1727 2810 3039 2867 Trapikomiker, in seiner dramatischen Parabel. „So vieles hat zugleich
425 2809 1740 2885 nicht voll zur Geltung kommt und alles das, was der Komponist am
3030 2825 3312 2899 sprechenden E
1733 2853 3038 2917 Raum in uns,“ bemerkt der seelenkundige Menschenkenner Aigner in
424 2856 1740 2914 schönen, auf den kräftigen Volkston gestimmten Liedern und Chören in
3030 2886 3301 2940 Instinkte ist!
1734 2902 3027 2950 diesem Stück. „Liebe und Trug .. . Treue und Treulosigkeit ... An¬
430 2883 1735 2957 feine Pertitur gelegt hat, ohne nachhaltigen Eindruck bleibt. Augen¬
1733 2910 3305 2984 betung für die eine und Verlangen nach einer anderen oder nach Schluß stößt
414 2942 1729 2992 blickserfolg wird die Oper bei der Menge immer haben. Sentiment und
3028 2966 3296 3019 liebte, ein ju
1735 2972 3043 3037 meberren. Wir versuchen wohl Ordnung in uns zu schaffen, so gut es
417 2969 1739 3038 Theatralit versagen nie. Auch die Sonnabend=Aufführung verfehlte
2904 2999 3311 3071 Das vorher in rase
1720 3014 2896 3056 gebt, aber diese Ordnung ist doch nur etwas Künstliches...
414 3012 1737 3075 ihre oberflächliche Wirkung nicht. Herr Kapellmeister Selberg legte
3020 3045 3313 3098 tuner das all
1721 3057 3029 3108 Natürliche ist das Chaos.“ Hier stellt sich Aigner in Gegensatz zu allen
413 3063 1735 3107 sich aber auch tapfer ins Zeug und versuchte mit Glück, das, was der
3020 3082 3310 3135 weiten Lande
1725 3080 3043 3144 poetischen Schöpungsberichten, die das Chaos als einen überwundenen
422 3103 1731 3156 Musik an echter Farbe und jetem Charakter fehlt durch Temperamens
413 3124 3293 3186 und Schmit zu #rsehen Der Zurigent wurde burigens von den Ver. 1 Naturzustand betrachten und erklären, durch den letzten Schöpfungsakt! komplizierte
418 3180 3302 3254 fretern der teiden Hauptrollen, von Frau Fleischer=Edel alsf sei eine barmonische Welt zustande gekommen. Und er steht auch wegen muß
1409 3319 2649 3408 bedad Adurges
2597 3228 3249 3421 1¼0. U
255 3226 799 3420 W 2½4
743 3339 1428 3430 " Ftetenetet
