3436 4608
1280 188 1719 284 box 28/4
149 216 1175 312 24. Das weite Land
2780 1387 3292 1458 keit bleiben können. Das
1546 1388 2784 1477 vorgestern begegnet dem Ehebrecher vin heute. Was jener damals
1265 1409 1535 1504 00n
2794 1437 3287 1493 Liebhaber vor aller Welt
1557 1434 2794 1519 erlebte, erlebt dieser jetzt. Beide lieben nur allein die eigene Frau;
557 1423 1298 1539 „Das weite Land.“
2793 1478 3297 1533 im Duell. Dazu treibt ihn
1567 1462 2798 1555 aber weil wir Menschen „komplizierte Subjekte“ sind, ist ihnen die
386 1493 1491 1584 Tragikomödie in fünf Akten von Arthur Schnitzler.
2787 1523 3299 1577 einmal das verletzte Ehrge
1566 1514 2792 1590 wahre Liebe nicht zugleich ein Grund zur Treue. Die Liebe beider
2789 1568 3305 1630 leidenschaft. Neben ihm ds
607 1565 1286 1630 (Uraufführung im Lessingtheater.)
1560 1562 2798 1645 Männer wird durchkreuzt von Liebeleien. Die Liebe zur Frau ist
2791 1602 3285 1662 Frau, die jener besessen,
1560 1603 2796 1681 Junendlich“, ist „Anbetung"; trotzdem geht der Mann zu anderen
368 1612 1568 1678 P. S. Das Publikum nahm dieses Stück nicht gerade über¬
2802 1629 3292 1704 seines Kindes ist, sondern
1566 1628 2797 1715 Weibchen und Mädchen. Im früheren Falle hatte sich die geliebte
313 1645 1566 1730 wältigt und überwältigende, aber doch nach leisen gelegentlichen
2785 1678 3298 1756 Weib ist. Deshalb mußte
1555 1681 2796 1773 Frau vom ungetreuen Gatten losgesagt. Sie hatte Ersatz in einem
303 1698 1563 1797 Zweiseln ohne Widerspruch an und wünschte zum Schluß dem Dichter
2802 1721 3303 1794 dieser arme Junge in den
1558 1718 2807 1800 künstlerischen Beruf gesucht und ihren Sohn zu einem tüchtigen, ar¬
310 1745 1567 1818 zu danken. Statt seiner erschien Direktor Brahm und entschuldigte
2805 1769 3298 1835 sich allein. Die Frau sag
1552 1757 2805 1844 beitenden Menschen erzogen. Wie sich im jetzigen Falle die Frau
321 1786 1562 1854 sein bedauerliches Fernbleiben damit, daß er zur Uraufführung des¬
2796 1814 3308 1879 Mädchen, das sich an ihn
1560 1808 2795 1885 zum Betruge des liebenden Gatten stellt, ist schon komplizierter und
312 1819 1569 1896 selben Stückes in Wien sei. Der Eindruck blieb fast nach allen fünf
2803 1855 3311 1914 alles aus ist, ertönt die
1571 1840 2805 1928 wird deshalb Gegenstand des Dramas. Sie hat keinen Beruf, wie
317 1867 1574 1947 Akten der gleiche. Doch gefiel wohl am meisten der mittelste, weil
2796 1885 3301 1948 einem einzigen Jubelgrußd
1559 1879 2808 1987 jene Andere. Auch ihr Söhnchen ist fern. Sie ist bloß eine Dame
309 1896 1562 1995 er das Treiben im Bestibül eines großen Dolomitenhotels während
2802 1928 3307 1995 noch zusammengehören, dis
1560 1921 2798 2012 mitten in der Gesellschaft und eine vereinsamte Frau. Rings um sie
315 1946 1564 2043 der Hochsaisor zeigte und neben den Hauptpersonen einige belusti¬
2804 1983 3309 2035 ist erst dreizehn Jahre alt
1558 1973 2806 2044 her die parfümierte Wiener Cottagewelt mit ihren Typen des Faden.
319 1995 1568 2073 gende Touristentypen vorwies. Die krassen Effekte der beiden Schluß¬
2794 2024 3306 2096 leicht auch totgeschossen da,
1571 2002 2805 2097 des Blöden, des Geistreichen, des Molligen, des Verderbten und Ueber¬
308 2033 1564 2111 akte, Herausforderung zum Duell und tödlicher Ausgang, hätten noch
2800 2061 3305 2128 geliebten Mannes einließ.
1563 2054 2811 2158 seinerten, des Luges und des Truges. Kreuz und quer wird durch¬
319 2073 1568 2147 stärker gewirkt, wenn sie früher gekommen wären. Das Publikum
2807 2108 3303 2178 der Ausblick in das weite
1571 2108 2805 2177 einandergeliebelt, und der Mann, trotz der „unendlichen", „anbeten¬
307 2123 1571 2196 war allmählich durch eine Breite des Dialogs übermüdet, die man
2847 2143 3306 2220 Das Problem ist tadel
1559 2124 2820 2238 den“ Liebe zur eigenen Frau, liebelt hin und her, die Kreuz und die
309 2158 1571 2248 episch, aber nicht dramatisch nennen darf. Dabei waren gerade die
1573 2193 2811 2268 Quere: zuerst ist es das wogende Bankiersweib, dann ist es das
2803 2187 3319 2270 geht das Exempel allzu m
331 2191 1569 2284 für den Sinn aufschlußreichsten Szenen leider am unlebendigsten,
1567 2223 2808 2308 moderne Mädchen, das nur noch die physische Unschuld an ihn zu ver¬
2802 2234 3318 2304 aber man wird nicht warn
318 2255 1570 2332 aus der Doktrin und nicht aus dem Wesen der Menschen erzeugt,
2806 2276 3310 2347 seinen Menschen überrascht
1571 2286 1822 2368 lieren hat.
320 2277 1580 2362 so daß manche Undeutlichkeit den Mitgang des Publikums erschwert
2801 2319 3313 2390 wenn man nicht wüßte, wel
1623 2298 2816 2393 Alles das sieht, hört, fühlt, weiß die Frau, die ihren treulosen
321 2325 1569 2410 haben mag. Ich glaube, da ließe sich noch nachhelfen. Es ist doch
2803 2357 3315 2431 gen Plausch, an der Wien
1567 2357 2812 2441 Mann ebenso intensiv liebt wie er sie. Auch vor ihr steht als
324 2371 1573 2447 nicht unbedingt nötig, daß das Stück, in dem so wenig Treue gehalten
2801 2402 3309 2480 ristischen Lebendigkeit von
1577 2396 2810 2481 Spiegelbild aus jener älteren Ehe deren weibliche Hälfte. Wie die
315 2405 1579 2500 wird, gerade nach seiner Formseite hin dem Titel treu bleibt.
1567 2424 2823 2536 zwei Männer, so haben auch die zwei Frauen darüber ihr Raisonne¬
2858 2443 3318 2514 Diese Nebenfiguren hat
383 2456 1581 2524 Ein tönender Titel! „Das weite Land“ — es soll die mensch¬
1576 2469 2825 2561 ment. Von der älteren erfährt die jüngere, daß nicht einmal ein
2806 2507 3314 2559 das dankbarere Teil erwäl
313 2491 1569 2571 liche Seele sein. Schon manches Drama der Vorzeit hätte diesen
1566 2508 2807 2605 Kind den verlorenen Mann, den man liebt, zu ersetzen vermag, daß
2815 2550 3312 2606 Salonmutter, Herr For#
328 2542 1573 2619 umspannenden Titel verdient: Shakespeares „Hamlet", Goethes
1568 2549 2821 2650 solch ein Verlust unvergeßlich ist, und daß die größte Liebe die¬
2817 2589 3315 2650 ein Peter Altenberg, dem
326 2580 1582 2666 „Stella“, Kleists „Homburg“, Grillparzers „Jüdin“ — ich erwähne
1579 2590 2809 2693 jenige ist, die niemals verzeihen kann. Aus diesen inneren, gefühlten
2815 2629 3301 2690 Rickelt als erschöpfter
321 2625 1577 2693 nur das Beste vom Besten. Von Ibsen könnte man alles so nennen.
1573 2625 2818 2720 und durchlittenen Erfahrungen springt auch ihr eine Tat, eine Schuld
2809 2657 3317 2731 dauerspieler, Herr Loos
325 2664 1580 2744 Sogar die „Oresteia“ des Aischylos ließe sich auch vom Standpunkte
1579 2687 2820 2769 hervor. Ihre noble Erscheinung, ihr seelischer Adel, ihre schein¬
2819 2711 3323 2774 wünschenswerteste Zerstreu
335 2698 1588 2800 moderner Seelenkunde darstellen. Fontane hätte seinen tiefsten Roman
1576 2733 2817 2816 bare Ruhe, und doch der unverkennbare Zug des Entbehrens — die
2811 2743 3324 2821 rem Platze nicht ungefällig
339 2756 1588 2826 „Das weite Feld“ nennen können, aber er wählte für sein Aushänge¬
1580 2769 2818 2851 Gigerln, die faden Alfreds, die Leute vom Café Größenwahn gehen
2812 2794 3250 2865 und Fräulein Busch.
336 2798 1585 2871 schild eine schlichtere Farbe und nannte ihn „Effi Briest“; alle diese
1575 2798 2824 2893 daran vorbei; aber gerade auf tiefere, feinere Mannesnaturen macht
2809 2835 3310 2910 Sie alle hatten es leicht.
331 2836 1584 2912 Werke breiten sich vor unserm innern Auge auf, wie ein weites Feld
1582 2860 2816 2933 das Eindruck. Ein befreundeter Arzt bleibt nicht gleichgültig, doch
2809 2886 3313 2948 Darsteller jenes wiederspie
327 2894 935 2976 oder gar wie ein weites Land.
1581 2891 2827 2972 da er „kein Freund von Herzensschlampereien“ ist, so entsteht nichts
2822 2925 3327 2989 Fräulein Sussin. Obwohl
382 2915 1590 2989 Auch unter dem Feinsten was der Wiener Schnitzler schon ge¬
1577 2942 2833 3025 daraus. Ein Künstler erschießt sich ihretwegen. Zuletzt erhört oder!
2818 2959 3335 3026 könig ist und die herrlich
323 2967 1579 3041 dichtet hat, verdiente diese Aufschrift schon manches Drama mit glei¬
1579 2975 2828 3058 verführt die gereifte Frau einen netten jungen Burschen, eben den
2818 3006 3326 3063 Kunststraßen kultiviert, ob
335 2997 1587 3086 chen Rechten wie das neue Werk, das für den weiten Titel innerlich
1589 3033 2450 3112 Sohn jenes älteren gegenbildlichen Ehepaares.
2820 3053 3336 3106 seit kurzem verstorbenes „b
334 3031 1591 3130 zu schmal ist. Er ist auch nur als Etikett von außen in ein erklären¬
1632 3054 2821 3137 Der Mann weiß alles, so wie sie von ihm alles weiß. Nur das
2819 3090 3321 3152 so hat ihn doch der Dichte
334 3065 1598 3163 des Raisonnement eingeklebt. Der Dichter stellt seinem — wenn man
1584 3102 2844 3183 eine weiß sie nicht, daß er von ihrer „Revanche“ weiß, und daß er
324 3122 1591 3223 so sagen darf — Helden ein Spiegelbild entgegen, etwa wie Rai¬
326 3139 3325 3274 munds Menschenseind dem Alpenkönige begegnet; ein Ehebrecher von sie wahrhaft, daß er sie allein liebt. Alles hätte in der Heimlich=I zweibeiniges „postto, ich s
