3344 4352
394 88 1398 172 ersan. Auch sein; jüngse dramatische Arbeit, die fünf¬
386 147 1394 210 aktige Tragikomödie: „Das weite Land“ hat uns
378 190 1394 259 wieder eine Enttäuschung bereitet, wenngleich sie je ne
379 232 1396 299 Treffsicherheit für wirksame Szenen, seine nicht gewöhn¬
372 281 1402 349 liche technische Geschicklichkeit neuerlich bekundet. Er
381 332 1392 400 stellt auch diesmal ein interessantes Problem auf, ent¬
376 377 1402 437 wickelt es durch mehrere Akte hindurch in anregender
366 431 1398 493 Weise, zieht aber nicht eine überzeugende Konsequenz
370 472 1401 526 daraus, sondern schließt mit einem unbefriedigenden
372 513 1389 576 Fragezeichen. Dabei verliert er sich wieder in ein Chaos
371 571 1403 633 von spitzfindiger Seelendenterei und erkünstelten Empfin¬
371 606 545 660 dungen.
401 654 1407 732 Schon der Titel seines jüngsten Werkes hat etwas
371 698 1403 776 Gesuchtes. Das „weite Land“ es ist die menschliche
375 762 1397 828 Stele mit ihren dunklen Trieben, ihren Widersprüchen,
364 805 1403 865 ihren Leidenschaften, die den Menschen zu Handlungen
358 854 1397 910 drängen, die er nicht zu rechtfertigen vermag. Der Held
353 901 1400 965 der jüngsten Schnitzlerschen Komödie ist ein seltsam kompli¬
357 951 1403 1014 zierter Charakter, der sich eine eigenartige Lebensmoral
358 992 1400 1064 zurechtgelegt hat. Der reiche Fabrikant Friedrich Hof¬
363 1045 1392 1107 reiter wird uns zunächst als ein tüchtiger Geschäfts¬
356 1088 1389 1154 mann geschildert, dessen kommerzielle Verbindungen bis
357 1129 1397 1208 über dem Ozean reichen. Doch geschieht dies nur mit
357 1188 1384 1257 Worten. Taten lätt uns dieser angebliche Mann der
358 1243 1387 1302 praktischen Arbeit nicht erkennen, was übrigens für die
360 1274 1393 1354 Handlung des Stückes auch gleichgiltig ist. Denn in
359 1321 1385 1399 ihrem Mittelpunkt steht nicht der Kaufmann, sondern
350 1375 1393 1434 der siegreiche Frauenjäger Hofreiter, eine Herrennatur
352 1431 1396 1502 auf dem Gebiete der Erotik, die nur durch das gesell¬
346 1472 1382 1519 schaftliche Milien, in dem er sich bewegt, etwas abge¬
355 1503 707 1574 dämpft erscheint.
394 1553 1390 1632 Wiewohl schon seit dreizehn Jahren mit einer an¬
354 1609 1376 1684 mutigen Frau verheiratet und Vater eines Sohnes, ist
351 1646 1376 1719 Hofreiter ein unverwüstlicher Libertin, der von einem
347 1705 1382 1776 Weibchen zum andern gankelt und diese Settensprünge
341 1749 1380 1814 als sein natürliches Recht empfindet. Die Nachsicht seiner
346 1800 1375 1870 Gattin, die seine offenkundigen Liebesabenteuer still¬
349 1839 1380 1919 schweigend duldet, bestärkt ihn und er gefällt sich in der
338 1904 1380 1967 Rolle eines lachenden Lebensphilosophen, bis ihn ein
346 1946 1383 2000 unerwartetes Ereignis aus seinem Gleichmut bringt.
336 1988 1375 2070 Einer seiner Freunde, ein junger russischer Pianist, der
346 2037 1382 2091 viel in seinem Haus verkehrte, hat sich erschossen und
344 2081 1372 2157 niemand weiß, weshalb. Ein unbewußtes Gefühl bringt
334 2138 1372 2201 Hofreiter zur Vermutung, daß seine Frau die Ursache
337 2177 1381 2244 des Selbstmordes des jungen Russen gewesen sein
337 2221 1382 2294 dürfte. Er bringt auch wirklich die widerstrebende Gattin
338 2271 1383 2342 zu dem Gesländnis, daß der Russe in den Tod gegangen
337 2329 1374 2392 ist, weil sie seine Werbung abgewiesen hat. Die sorglose
339 2377 1375 2440 Lebensphilosophie, mit welcher Hofreiter prunkt, kann
340 2417 1380 2491 sich mit dem Verhalten seiner Frau in dem heiklen Fall
338 2470 1377 2534 nicht abfinden. Ihre Tugend hat den jungen Mann in
330 2507 1377 2586 den Tod gejagt, die Tugend, die er jedoch nur für einen
342 2553 1370 2634 Schemen hält, und seine Frau erscheint diesem Muster¬
329 2596 881 2657 gatten plötzlich „unheimlich“.
374 2649 1373 2736 Er fühlt das unabweisbare Bedürfnis, wenigstens für
328 2703 1359 2769 ein paar Wochen die unheimliche Frau zu verlassen und
335 2752 1367 2811 eine andre, seelenbefreiendere Luft zu aimen. Das
329 2806 1372 2882 gelingt ihm vortrefflich in einem Automobil, wohin ihm
325 2838 1368 2920 auch einige se ner Bekannten, darunter eine geschwätzige
332 2899 1365 2967 Dame mit ihrer emanzipierten, lebenslustigen Tochter,
330 2934 1364 3006 gefolgt sind. Mit dieser Tochter — Erna heißt der liebe
334 2988 1362 3061 Schatz — findet er sehr rasch sein seelisches Gleich¬
325 3035 1359 3105 gewicht wieder, zumal das süße Kind, das notabene aus
331 3088 1371 3139 „gutem“ Hause ist, sich ihm kurzweg an den Hals wirft.
328 3123 1360 3201 Nach Hause zurückgekehrt, macht er die Entdeckung, daß
326 3172 1359 3247 seine Frau sich mittlerweile zu seiner Lebensphilosophie
319 3223 1360 3280 bekehrt habe, wobei ihr ein hübscher Schiffsfähnrich
315 3272 1358 3347 werktätig behilflich war. Vielleicht wollte die gute Frau
320 3323 1359 3382 auch nur, daß nicht zum zweitenmal ein junges Leben
313 3356 867 3426 ihretwegen vernichtet werde.
359 3404 1357 3480 Aber gerade da kippt die Komödie in die Tragik um.
323 3457 1345 3529 Hofreiter nimmt anfänglich seine Hahnreischaft ziemlich
318 3495 1356 3574 gleichgiltig. Er-sieht darin nichts für ihn Kränkendes.
322 3554 1343 3624 Er versichert sogar, es befriedige ihn, daß er nicht mehr
320 3607 1342 3663 als allein Schuldiger in seinem Hause herumgehe, ja,
319 3632 1346 3714 der Fehltritt seiner Frau habe diese ihm menschlich
306 3692 1348 3761 näher gebracht. Man ist paff von der hohen sittlichen
318 3732 1345 3812 Auffassung der Ehe, mit welcher Schnitzler seinen
316 3791 1346 3854 traurigen Helden paradieren läßt. Doch sie hält nicht
312 3826 1339 3902 lange vor. Ein Zeitungsartikel mit boshaften An¬
307 3883 1347 3948 spielungen versetzt Hofreiter rasch in eine andre
306 3936 1353 3993 Stimmung. Er fordert den Schiffsfähnrich zum Duell
313 3988 1345 4054 und ersticht den jungen Offizier. Nun wendet sich wieder
331 4019 1353 4088 . Trau mit „Grauen“ von ihm. Erna aber ist be¬
1411 89 2343 166 renie, urh Aulehl aber die 1o zugl ce — arsennn
1419 133 2435 200 Hauptrollen verhalfen dem Stücke zu einem äußeren
1422 190 2446 262 Erfolg. Der eigentliche Gewinn des Abends aber war
1421 236 2443 303 die Erkenntnis, daß Herr Korff, der den Hofreiter
1410 291 2445 339 meisterlich svielte, mit einem Schlage in die erste Reih¬
1423 341 2444 379 vorrückte. Ihm sekundierten vortrefflich die „Dam#
1419 374 2439 427 Marberg als Frau Hofreiter und Hoftegfel als
1421 424 2435 487 Erna. Aber auch die lange Reihe der übrigen Mit¬
1422 467 2142 524 wirkenden verdient volle Anerkeinung.
2246 479 2401 529 Alpha.
1883 1205 2573 1313 Berliner Börsen-Courier
2016 1334 2294 1462 18 10. 1917
1722 1602 2604 1672 Unfer Wiener Korrespondent schreibt uns:
1730 1658 2718 1701 Das Burgtheater=Publikum hatte vorgestern einen
1682 1693 2708 1761 seiner großen Tage: galt es doch ein neues Weik von
1674 1737 2715 1807 Arthur Schminler aus der Tause zu heben. Das
1697 1785 2709 1843 Burgtheater hat aber auch alles getan, um dem
1690 1819 2715 1870 Wiener Boden und Wiener Empfinden entsprossenen
1692 1868 2716 1911 Dichter mit wahrhaft königlichen Ehren zu empfangen.
1697 1907 2715 1969 nter der feinsinnigen Regie Hugo Thimigs war eine
1692 1943 2703 1992 bahre Galavorstellung des „weiten Land“ zu¬
1700 1988 2712 2045 kandegekommen, eine Aufführung, welche dartat, daß
1698 2028 2712 2078 ich die junge Garde des Burgtheaters ihren Mann
1698 2068 2711 2125 kellt. Den sonderbaren Liebesschwärmer Hofreiter,
1719 2111 2706 2158 der, für Kainz geschrieben, seiner Individualität
1720 2157 2707 2214 gepaßt war und mit dem er sich noch auf seinem
1716 2196 2732 2253 kankenbette, das so bald zum Sterbelager werden;
1726 2237 2711 2283 lie, beschäftigt hatte, — spielte Herr Korff nicht
1672 2277 2703 2332 gerz aus dem Vollen heraus, aber doch mit richtiger
1664 2316 2710 2383 Betonung des Herrenmenschen mit dim scharf¬
1656 2355 2710 2400 därchdringenden Blick. Nur daß er wohl allzusehr
1655 2396 2703 2457 die Wienerische Note anschlug und dadurch die Grund¬
1666 2440 2708 2502 linie des Charakters verschob. Eine seine Komposition
1667 2481 2705 2532 war die Genia des Fräulein Lily Marberg, die
1654 2524 2709 2564 den ihr durch die Moralbegrisse ihres Gatten
1662 2564 2702 2604 förmlich abgerungenen Umschwung ihres Charakters
1661 2603 2703 2649 überaus interessant vollzog. Den Glutrausch der
1657 2650 2705 2715 Liebe des „übel behüteten“ Mädchens Erna zeichnete
1655 2691 2710 2745 Fräulein Marie Hofteufel mit glühenden Farben
1662 2732 2710 2777 und eigenartig herbem Reiz; sie verstand es, die
1662 2765 2707 2838 wildbachartig schäumende Leidenschaft zu verhalten und
1659 2809 2702 2869 ergriff fast mehr durch ihre Geste als durch ihr Wort,
1655 2849 2709 2906 als sie während des Duells um das Leben des
1655 2901 2699 2946 geliebten Freundes bangt. Die künstlerische Erb¬
1668 2939 2709 2988 schaft Ermst Hartmanns trat Herr Devrient mit
1667 2978 2702 3040 der so plötzlich übernommenen Rolle des Hotel¬
1652 3012 2446 3065 direktors Aigner überaus glücklich
2617 3020 2690 3083 er
2483 3017 2585 3071 an;
1657 3048 2704 3106 spielte diesen wunderlichen Kauz, diesen Ueber¬
1665 3100 2698 3159 lebemann mit einem prächtig ironischen Ton. Mit
1654 3137 2713 3186 seinem Pauschallob müssen sich Frau Devrient¬
1651 3177 2710 3239 Reinhold, eine erheiternd schwatzhafte Frau Wahl,
1657 3225 2708 3264 Frau Römpler=Bleibtren als Schauspielerin
1660 3264 2707 3326 Aigner, die Herren Gerasch, Paulsen, Heine
1666 3301 2106 3359 und Thimig begnügen.
1716 3347 2695 3402 Der Eindruck des Werkes war hier, wie bereits
1655 3388 2697 3428 mein Telegramm meldete, ein tiefgehender und
1653 3425 2698 3490 Schnitzler für den nach dem ersten Akte der
1650 3466 2695 3515 Regisseur dankte, konnte vom zweiten Akte ab
1657 3510 2723 3568 persönlich den immer lauter werdenden Hervorrusen
1642 3550 1953 3618 oeusten.
2480 3553 2667 3617 S. L.
2813 4081 2956 4137 S nng
