3392 4320
1373 155 1786 249 box 28/2
235 165 762 238 24. Das we
510 166 1199 258 1eLand
362 812 1780 881 den großen Hinauswurf der Franosen aus dem Burgtheater vollziehen.
365 859 1779 917 Was kam aber? Richtig blieben gerade dem Baion Dingelstedt die
370 898 1778 990 seichtesten Franzosen an den Fingern kleben, wie „Fromont junior" und
364 948 732 1015 ähnliche Sachen.“
486 994 1781 1053 Baron Berger sprach noch von den modernen Stücken, die er
363 1023 1769 1112 bereits besitzt oder die ihm für dieses Spieljahr von bekannten Autoren
356 1102 1779 1165 versprochen sind, und wie von selbst kam ihm dabei der Name Ernst
354 1148 1775 1217 Hartmanns auf die Lippen, des Künstlers, dem gerade in diesem
351 1176 1726 1245 Jahre so subtile Aufgaben im Konversationsstücke vorbehalten waren.
488 1240 1767 1303 „Ich werde die Rollen, die er zurückgelassen, sukzessive zu verteilen
365 1288 1781 1359 suchen,“ meinte der Direktor. „Eine solche Erbschaft läßt sich nicht so
356 1336 1766 1406 rasch liquidieren, denn ich muß die Erben erst — finden! Ich will diese
359 1392 1769 1437 Suche nicht überstürzen. Ich beobachte schon, wie dieser und jener Schau¬
350 1432 1777 1521 spieler — ohne es zu wissen — in diese und jene Glanziolle Hartmanns
360 1488 1513 1540 hineinwächst, so daß er reif wird, sie einst zu besitzen ...
473 1534 1765 1586 Wir sprachen noch von der nächsten großen Novität des Burg¬
350 1589 1765 1647 theaters, von Tolstois Drama „Der lebende Leichnam“ und dem Trubel,
350 1637 1779 1703 den es in Rußland hervorgerufen hat, ein Interesse, das noch immer
348 1693 1778 1745 anhält. Baron Berger erwähnte auch der ungewöhnlichen Aufgaben, die
343 1741 1771 1798 dieses Stück unter anderem den Maskenkünstlern stellen wird — da
351 1782 1772 1835 fiel uns endlich unser Privathistoriler aus dem herbstlichen Prater ein.
483 1829 1768 1914 „Pardon, verehrter Herr Baron, fielen wir plötzlich ein. „Ist
343 1866 1573 1943 Ihnen der Name Dr. Alfred Maria Julius Becher bekannt?“
476 1929 1763 1998 Auf das höchste erschrocken fuhr Baron Berger in diesem Momente
351 1982 1763 2063 von seinem Sitze auf, holte seinen Schirm vom Gepäcksbehälter herunter
352 2025 768 2099 und eilte zur Türe.
483 2084 1761 2162 „Verzeiben Sie,“ rief uns der Direktor in aller Schnelligkeit zu.
348 2114 1404 2202 „Station Braunschweiggasse, da muß ich aussteigen!“
466 2187 1768 2246 Und im nächsten Augenblick schon sahen wir Baron Berger auf
349 2232 1768 2289 dem Perron weiter eilen. Wir sandten dem Direltor den Abschiedsgruß
353 2283 1772 2345 nach und nahmen uns vor, ihn das nächstemal zu fragen, ob er seinen“
344 2331 1779 2385 Taufpaten, den politischen, kennt. Wir müssen ihn ja fragen. Aber
341 2380 1771 2436 gleich am Anfang, bevor wir um das Burgtheater uns erkundigen, und
383 2433 1767 2501 — was die Hauptsache ist — lange, lange vor der Braunschweiggasse.
1626 2482 1738 2557 4
460 2546 1642 2604 Die übrigen Kunstnachrichten befinden sich auf Seite 26.
722 2672 1405 2783 Telegramme.
653 2799 1460 2904 Die bulgarische Thronrede.
484 2883 1762 2967 Sofia, 28. Oktober. Die Sobranje wurde heute durch
354 2944 1759 3016 König Ferdinand eröffnet. Die Thronrede hebt hervor,
346 2996 1771 3060 daß die durch die Große Nationalversammlung in die Ver¬
344 3045 1769 3115 fassung in so glücklicher Weise ausgenommenen Aenderungen
351 3108 1763 3158 eine neue Aera für die friedliche Entwicklung und die
341 3138 1769 3198 wirtschaftliche und kulturelle Tätigkeit des Landes eröffnen. Bul¬
341 3182 1772 3244 garien habe im laufenden Jahre die freundschaftlichen-
350 3232 1760 3281 Beziehungen mit allen Ländern befestigt, indem es
340 3279 1760 3321 sich insbesondere bemühte, daß die Beziehungen zu den benach¬
350 3319 1766 3378 barten Ländern, welche kostbare wirtschaftliche und poli¬
340 3370 1754 3431 tische Bande mit Bulgarien verbinden, die besten seien. Bulgarien
341 3417 1755 3473 habe wieder bewiesen, daß es verdiene, ein gleichberechtigtes Glied
338 3469 1317 3554 der Familie der zivilisierten Staaten zu sein.
482 3512 1753 3586 Die der Sobranje vorgelegten Gesetzentwürfe sind zumeist
348 3563 923 3646 wirtschaftlichen Charakters.
445 3658 1667 3744 Der Abschluß der Marokkoverhandlungen.
465 3743 1759 3807 Paris, 28. Oktober. (Tel. d. „Fremden=Blatt“.) Ueber
351 3801 1756 3855 den heutigen Ministerrat ist, soweit es sich um die aus¬
352 3854 1761 3915 wärtige Politik handelt, offiziell nichts mitgeteilt worden. Es ist
350 3898 1762 3957 aber selbstverständlich, daß der Ministerrat über den Stand der
344 3954 1763 4009 deutsch=französischen Verhandlungen beraten hat. Es scheint, daß
341 4006 1756 4059 betreffs der Grenzregulierung am Kongo noch Differenzen be¬
359 4045 1757 4105 stehen, die den Abschluß des Einvernehmens verzögern, denn
357 4088 1765 4143 der Ministerrat hat sich noch nicht entschließen können, die Ein¬
359 4135 1750 4184 berufung der Kammer endailtia festzusetzen. Man hofft immerhin
2163 766 2252 824 —
1807 814 3211 883 Stolypin habe das schlummernde Nationalaefühl geweckt, ihm Sini
1793 868 3191 924 gegeben und es beseeit. Mit der Persönlichkeit des meuchlerisch Er¬
1792 918 3200 966 mordeten sei ein großer russischer Bürger und ein großer Staatsgeist
1795 966 3202 1029 dihingegangen und habe ein charakterfester, erfahrener Staatsbaumeister
1789 1016 3200 1085 Rußland verlassen. Nach der Rede fand eine Totenmesse statt, worauf
1786 1066 3201 1145 die Duma zur Beratung einer Reihe heute eingebrachter Inter¬
1790 1101 2159 1180 pellationen schritt.
2235 1142 2766 1223 Russische: Ministerrat.
1899 1200 3199 1267 Petersburg, 28. Oktover. Der Ministerrat beschloß, der
1791 1239 3200 1329 Reichsduma einen Gesetzentwurf betreffend die Einführung der
1784 1312 3214 1391 Semstwos in den Gouverneinents Astrachan, Orenburg
1781 1359 2511 1428 und Stawropol vorzulegen.
2005 1411 2991 1473 Die Mißernte in Ostrußland und Sibirien.
1896 1464 3197 1526 Der Ministerrat erachtet für die von der Mißernte be¬
1793 1512 3196 1577 troffenen 18 Gouvernements Ostrußlands und Sibiriens
1788 1563 3202 1630 eine Summe von 93 Millionen Rubel für erforderlich,
1788 1622 3205 1683 welche teils für öffentliche Arbeiten, teils als Verpflichtungsvorschuß
1782 1660 2119 1732 anzuweisen ist.
1795 1745 3181 1835 En angeblicher Appell an das Iuternationale sozialistische Bureau.
1897 1820 3199 1880 Berlin, 28. Oktober. Zu der Meldung des „Temps“, daß
1784 1868 3200 1927 in offiziellen Kreisen Frankreichs in bezug auf die Behaup¬
1784 1925 3200 1987 tung des holländischen Sozialisten Troelstra, wonach sich zwei
1784 1973 3200 2042 europäische Mächte während der jüngsten Krise zur Beschwö¬
1792 2008 3200 2083 rungder Kriegsgefahr an das Internationale
1793 2072 3198 2122 sozialistische Bureau gewendet hätten, nichts be¬
1794 2124 3194 2185 kannt sei, erklärt die „Nordd. Allg. Ztg.: Selbstverständlich ist
1781 2172 3197 2236 auch von deutscher Seite ein derartiger Schritt weder direkt
1782 2213 2228 2290 noch indirekt erfolgt.
2026 2298 2939 2372 Landung britischer Truppen in Abushir.
1896 2371 3192 2430 Abushir, 28. Oktober. (Reuter=Meldung.) Zwei bri¬
1787 2425 3197 2487 tische Transportschiffe und zwei Kriegsschiffe
1792 2478 3197 2542 mit indischen Truppen sind gestern hier angekommen. Die Aus¬
1810 2524 3192 2587 chiffung begann, ohne daß tätlicher Widerstand geleistet wurde.
1944 2615 3034 2694 Ermordung eines griechischen Abtes.
1892 2695 3184 2765 Saloniki, 28. Oktober. Der Abt des griechischen Klosters Pro¬
1789 2733 3187 2816 dromon in der Umgebng von Serres ist ermordet, auf einem
1784 2799 3057 2862 Baume hängend, aufgesunden worden. Die Täter sind unbekannt.
2157 2876 2810 2964 Großes Schadenfeuer.
1891 2954 3184 3018 Alsokubin, 28. Oltober. In der Ottschaft Trostena kam
1789 3005 3196 3070 heute nachmutags an vier Stelen zugleich Feuer zum
1786 3053 3202 3120 Ausbruch, dem 35 bis 40 Häuser zum Opfer fielen. Man glaubt, daß
1784 3101 2368 3175 das Feuer gelegt worden ist.
2346 3188 2622 3263 Streiks.
1896 3227 3190 3327 Prag, 28. Oktober. Ueber die Streikbewegung wird ge¬
1781 3299 3195 3356 meldet: In der Gemeinde Beneschau im Bezirk Semil mußte
1782 3344 3197 3391 gestern anläßlich einer behördlich nicht bewilligten Versammlung Gen¬
1789 3393 3191 3457 darmerie einschreiten und mehrere Verhaftungen vornehmen.
1778 3443 3189 3500 Zur Unterstützung der Gendarmerie behuts Aufrechterhaltung der Rube
1789 3487 3186 3545 und Ordnung wurde im Laufe des Abends Militärassistenz
1774 3525 3190 3582 nach Semil herangezogen. Im Starkenbacher Bezirk
1789 3568 3195 3618 haben die Textilarbeiter mehierer Betriebe ihre Lohnsorderungen über¬
1780 3622 3185 3675 reicht. Verhandlungen zur Herbeiführung einer friedlichen Lösung sind
1787 3655 3186 3724 bereits im Zuge. In den übrigen Teilen des Streitgebietes ist eine
1778 3698 2608 3762 wesentliche Aenderung nicht zu verzeichnen.
1890 3751 3184 3819 Montceau=les=Mines, 28. Oltober. Die Grubenarbeiter
1784 3801 3191 3874 haben beschlossen, am Montag die Arbeit wieder aufzunehmen.
1884 3886 3171 3944 Paris, 28 Oktober. Der Präsident der Republik hat heute einen
1789 3938 3172 3991 Erlaß unterzeichnet, durch welchen die Anwendung der Tara¬
1771 3990 3190 4055 Ordnung, die ursprünglich am 1. November hätte in Kraft treten
1777 4035 2752 4108 sollen, bis 1. Jänner 1912 verschoben wird.
2096 4115 2865 4181 Amerikanische Schlußkurse.
