3344 4384
293 234 643 321 24. Da
709 257 750 308 1
1404 234 1881 323 box 29/4
624 247 1323 348 Lang
1180 1339 2014 1461 Kiole & Seider
1209 1435 2008 1538 Bureau für Zeitungsausschnitte
1204 1504 2005 1612 Berlin IO. 45, Georgenkirchplatz z1
1178 1729 1888 1855 Zeitungt sammalen-Taltzae—
1193 1870 1484 1950 Or: —
1720 1910 1874 1993 8
1499 1915 1637 2006 Gamten
1196 1979 1556 2065 Datums —
1293 2155 2530 2203 Im Residenztheater machte man einen glücklichen Versuch
1230 2144 2515 2249 4„Artur Schnitzlers Schauspiel „Das weite Land“, das seit
1249 2224 2515 2281 Entstehungssayr des Stückes (1910) in Berlin nicht gesehen worden
1201 2266 2514 2332 an Die Aufführung kam gerade zur rechten Zeit, um daran zu er¬
1187 2319 2522 2366 igyern, mit welchem Gemisch von wehmütigem Humor und tacitischem Ernst
1193 2367 2516 2423 der „Reigen“=Dichter das hohle Genußleben einer verfallenen Gesellschaft
1191 2411 2519 2457 zugleich spiegelt und geißelt. Die Farbe einer verblendeten Leichtfertig¬
1202 2445 2522 2495 keit, die gewisse Schichten der Wiener Gesellschaft durchdringt, ist dem Stücke
1204 2495 2532 2539 meisterhaft aufgedrückt. Im Gesamtton reichte die Aufführung an die Fein¬
1198 2537 2520 2585 heit der ersten im Brahmschen Lessing=Theater nicht heran. Aber die
1184 2578 2532 2635 beiden Hauptrollen des Ehepaars, das im Mittelpunkte steht, des äußerlich
1191 2618 2513 2673 liebenswürdigen und innerlich brutalen Genußmenschen und seiner feiner
1180 2661 2518 2714 angelegten Gattin, die im Bestreben, sich ihm anzugleichen, ihren besten Halt
1185 2714 2515 2764 verliert, waren so überzeugend vertreten, daß sich ein starker Erfolg ergab.
1185 2758 2520 2803 Irene Triesch, die in ihrer geistigen Reise vielleicht unvergleichliche Dar¬
1183 2792 2513 2867 stellerin, die man mit Freuden wieder einmal in einer tragenden Rolle sah,
1186 2848 2514 2910 fesselte erst durch den ironischen Ton der Liebesmärtyrerin, dann durch einen
1196 2890 2514 2936 elementaren Zug der Tragik, und Arnold Korff, der Wiener Burg¬
1192 2932 2512 3001 schauspieler, der in Berlin immer heimischer wird, charakterisierte geradezu
1188 2980 2518 3048 meisterhaft den Typus der vollendeten Aeußerlichkeit, in deren gewinnenden
1197 3016 2147 3075 Formen die Roheit des Genußmenschen geborgen ist.
1300 3082 2512 3151 Ein anderer Gast aus Wien, den man bisher in Berlin nicht ge¬
1192 3128 2514 3184 sehen hatte, Otto Txeßler vom Burgtheater, verhalf dem altbeliebten
1193 3171 2512 3243 Fuldaschen Lustspiel“„Der Dummkopf“ im Neuen Theater am
1187 3218 2507 3266 Zoo zu einem durchschlagenden Erfolge. Die männlich=naive Liebenswür¬
1190 3261 2520 3313 digkeit, über die Treßler gebietet, durchsonnte den glücklich gewagten Haupt¬
1182 3300 2521 3372 charakter des Stückes, den „reinen Toren“, und damit war das erneute
1184 3349 2515 3402 Glück der Komödie entschieden. Es war auch ein neues Glück für das
1192 3386 2508 3470 Neue Theater am Zoo, das zum ersten Mal einen gesunden und reinlichen
1185 3430 1540 3506 Erfolg verzeichnete.
2069 3443 2486 3525 Prof. A. Klaar.
