3392 4256
1433 79 1962 161 ueeee
2008 107 2092 163 W
617 122 1356 172 sollte, kamen vom Wiener Burgtheater.
2108 145 2200 193 litte
1367 140 2094 206 der letzten Akte noch fester gepackt, denn
617 166 1325 210 Das erweckte große Hoffnungen und —
1365 178 1579 236 zuvor.
2104 183 2211 236 inn
630 199 1355 257 der rauschende Beifall, der durch das Haus
1397 202 2101 291 Das Stück erregte gestern bei dem ver¬
620 237 1353 294 dröhnte, bewies, daß sie erfüllt wurden.
1373 251 2098 331 ständnisinnnigen Elite=Publikum inten¬
665 286 1361 337 Was zunächst das Stück betrifft, so
1374 304 2099 363 sivstes Interesse, nicht nur an und für
2109 320 2199 376 mit
618 301 2093 396 kann man den Eindruck dahin zusammen=sich, sondern weil seine bedeutendste Ge¬
2107 365 2198 416 Bre
616 366 2090 444 fassen, daß wohl noch nie ein Drama des stalt von Arnold Korff verkörpert wurde.
2108 405 2197 450 zwi
618 410 1363 457 eminenten literarischen Wiener Arztes das
1360 429 2084 478 In ihm hat das Irving Plate Theater
2093 443 2194 495 Ape
619 444 2077 529 New Yorker Publikum so gepackt und er einen Menschendarsteller von P##egen¬
2099 484 2198 547 und
628 485 1347 532 schütiert hat, wie gestern seine neue, eben¬
1361 501 2082 567 artigen Physiognomie gewonnen, wie sie
614 520 1345 569 falls sozusagen aus dem Burgtheater im¬
2103 525 2190 587 den
1369 549 2086 615 vielleicht dort noch Keiner gehabt. Zu¬
2094 566 2195 618 W.
612 568 1357 628 portirte Tragikomödie „Das weite Land“.
1360 590 2059 657 nächst — glei chauf den erstln Beick —
2090 607 2197 658 käm
613 602 1358 667 Schnitzler's „Weites Land“ ist, wie einer
1365 634 2087 692 einen Künstler. der Maske zu machen, der
618 655 1351 713 seiner Charaktere in dem natürlich flie¬
2094 648 2201 713 gehi
1369 675 2094 740 mit den äußerlichen Mitteln des Portrait¬
619 695 1344 750 ßenden und dabei so merkwürdig fein ge¬
1366 703 2104 789 malers zu arbeiten versteht, Rasß- in
621 735 1348 781 siebten Dialog des Stückes gerade nur
1357 747 2087 823 den Augen etwas unstät Flackerndes, ele¬
612 762 1355 835 leichthin erklärt, des Dichters Ausblick
1367 800 2087 862 gant, vornehm, lebensvoll, dazu ein Mie¬
605 808 1346 866 in die seelischen Erlebnisse. Ein Land
1360 842 2094 903 nen= und Geberdenspiel, das nicht nur den
615 860 1352 904 der unbegrenzten Möglichkeiten, wie sie
2100 864 2216 944 Hüb
1358 880 2075 938 großen dämonischen Zug des Charakter¬
611 891 1344 945 Charakter, Laune und Stimmung schaf¬
1358 922 2079 986 festhielt, sondern jede Regung wundersam
2092 927 2229 995 bekan
612 938 1354 1003 fen. Fast ein Zufallsspiel und doch nach
1356 953 2089 1026 kündete. Ein Blick, ein Tonfall und man
614 984 1339 1034 ehernen Gesetzen sich aus verwickelter
1357 1002 2089 1065 sah in einen Abgrund, ein paar leichte Be¬
612 1021 1337 1079 Charakterveranlagung, aus allen Unter¬
1361 1046 2096 1129 wegungen, und der oberflächlich liebens¬
609 1055 1346 1124 strömungen des Milieus ergebend. „Wer
1357 1087 2081 1153 würdige, ein wenig geistreichelnde Welt¬
2113 1093 2230 1155 Wie
612 1109 1339 1170 kann es wissen, wohin, man gleitet wei¬
1361 1126 2083 1184 mann war wieder da. Dazu ein drama¬
2094 1144 2231 1205 Geschi¬
611 1143 1337 1203 ter“ sagt Schnitzler's Geldin an einer
1355 1162 2240 1245 tisches Temperament ersten Ranges und Freder
605 1168 1340 1242 Stelle. Aber weder sie, noch der um Vie¬
1358 1207 2234 1286 das intimste Verständnis für Dialogwir= Ave. b
603 1223 1342 1285 les komplizirtere Held könnte in anderer
1360 1250 2244 1330 kung, das gerade bei Schnitzler so viel Burkhe
599 1274 1345 1316 Richtung gleiten, als in der vom Vor¬
1352 1289 2072 1361 Vollwerth der Nuance enthält. Nicht
2096 1315 2247 1372 Monat
602 1316 1343 1373 gang und ihren inneren Drang bestimm¬
1351 1328 2083 1393 einen Augenblick der Eindruck von Schau¬
609 1361 1334 1419 ten. Sie gleiten im lustigen Schaum der
2085 1359 2242 1422 ausneh.
1358 1373 2077 1443 spielerei, man sah ihn, man erlebte ihn,
603 1386 1342 1453 Strömung der echt Wiener Lebewelt
2090 1401 2257 1456 Jahre (
1351 1418 2080 1474 man sog ihn ein. Ein Stück Natur in
597 1445 1332 1494 scheinbar von einem Vergnügen, von einer
2091 1443 2228 1497 geruch
1357 1465 2075 1520 einem Charakter, der das Produkt einer
604 1484 1332 1535 Begierde zur anderen. Und tief unten
2097 1480 2243 1530 Händer
1358 1497 2072 1562 überraffinirten Kultur bedeutet. Dies
611 1514 1334 1570 im verborgenen Dunkel ihrer Seele wir¬
2083 1523 2223 1582 Boden
1346 1532 2068 1600 Debut wird man so leicht nicht vergessen.
607 1560 1354 1631 beln Grauen erregend die Stromschnel¬
2091 1564 2238 1622 im S.
1378 1586 2069 1647 Fast ebenso bedeutend scheint Herr Korff
600 1598 1337 1665 len, die sie fassen und zerbrechen ... Es
2078 1598 2231 1664 Fenster
1351 1628 2078 1687 als Regisseur zu sein. Die geschmackvolle
609 1639 1343 1703 ist fast unheimlich, wie der Dichter das
2079 1646 2230 1715 das 2
1356 1665 2072 1734 Inszenirung hat Direktor Christians sich
608 1681 1335 1741 Alles aus kleinen Rinnsalen natürlich an¬
2088 1692 2227 1741 wachte
1351 1711 2067 1773 etwas kosten lassen, und in der Stimmung,
602 1727 1327 1796 schwellen läßt zu einer ganzen Sturm¬
2088 1732 2227 1789 es sei
1345 1746 2074 1815 die der Regisseur auslöste, wehte Burg¬
598 1773 1270 1833 fluth von dramatischer Wirkung...
2074 1761 2221 1830 seit W
1345 1789 2063 1854 theaterluft. Kein Wunder, daß sich da al¬
2084 1820 2230 1876 angegi
648 1816 1332 1879 Sein „Friedrich Hofreiter, Fabrikant“
1349 1834 2079 1899 lerlei bisher Unentwickeltes entfaltet hat.
2111 1863 2217 1916 Her
604 1852 1333 1918 ist vielleicht nicht mehr und nicht weniger
1352 1875 2071 1939 Vor allen Frau Rub=Foerster, welche die
595 1908 1330 1966 als der typische, moderne Herrenmensch,
1348 1918 2059 1982 junge Frau spielte. Die hervorragendste
2083 1944 2226 1997 lichkeit
591 1936 1332 2006 der sich in seinen polygamen Neigungen
1351 1960 2071 2020 Rolle, die sie je gehabt, spielte sie, wie
2080 1985 2200 2041 Erst
598 1977 1325 2045 auslebt. Von Vielen Einer. Einer, der
1339 2002 2069 2063 zuvor eine. Sie sah ungemein hübsch aus
2079 2024 2227 2087 Bursdh
597 2030 1331 2085 mit beiden Füßen und mit der ganzen
1352 2045 2066 2107 in eleganten Toiletten, hatte Haltung,
2070 2070 2224 2123 Ripper
596 2062 1323 2135 Kraft des mit Vierzig noch immer jugend¬
1344 2085 2066 2143 dramatische Kraft und Finesse. Kurzum
2079 2110 2221 2172 drohen
600 2111 1329 2170 lich heischenden Sinne mitten im Leben
1347 2135 2067 2194 gab in dem Part eine vollwerthige Lei¬
2061 2155 2197 2205 war.
604 2155 1325 2218 steht. Als vielbeschäftigter Großkauf¬
1347 2169 1465 2231 stung.
2058 2193 2213 2251 junge
600 2182 1341 2252 mann, wie man gerade erfährt; als Löwe
1368 2194 2066 2270 Frl. Iphigenie Buchmann, die ihre
2077 2237 2212 2290 schen
592 2234 1323 2296 der Gesellschaft, der mit dem Dasein und
1349 2245 2053 2318 Rolle mit Korff am Burgtheater gespielt
2075 2278 2216 2333 ist übe
589 2283 1324 2333 mit Frauenherzen spielt, wie man beob¬
1336 2289 2057 2360 hatte, gab das leichtblütige Wiener Mä¬
2070 2318 2211 2374 heraus
594 2304 1333 2382 achtet; als Mann von unter der spieleri¬
1344 2334 2060 2395 del. Sie ist eine schwarzhaarige, liebrei¬
2074 2360 2218 2410 mit der
600 2363 1331 2414 schen Oberfläche heiß wallender Gefühls¬
1335 2375 2053 2435 zende Erscheinung, hat Temperament und
2075 2400 2211 2452 leine
591 2393 1328 2465 leidenschaft, wie man es schaudernd erlebt.
1341 2417 2056 2482 Jugendfrische. Jung in ihrer ganzen Ma¬
2073 2443 2224 2497 Knebel¬
593 2450 1323 2509 Schaudernd, denn dieser Herzenknicker
1343 2465 2061 2543 nier, was dem Part und ihr trefflich zu
2071 2477 2241 2539 eine S
599 2488 1321 2538 trägt seine gewaltige Tragik in sich: er
1344 2497 1584 2564 Gesicht steht.
2072 2528 2205 2580 war.
597 2525 1332 2585 liebt trotzalledem seine Frau, liebt sie mit
1361 2527 2057 2602 Den Marineleutnant machte Herr Un¬
2068 2565 2231 2635 darauf
594 2573 1319 2633 der ganzen unsinnigen Leidenschaft der Ei¬
1339 2571 2061 2654 terkircher. Auch er vermochte das verfüh¬
2070 2612 2233 2663 mit Ge¬
594 2611 1317 2675 fersucht, die mit Eifer die grundlose
1343 2631 2053 2687 rerisch junge Aussehen seiner einundzwan¬
2065 2650 2232 2706 hat. M
591 2663 1320 2719 Selbstqual sucht. Und kann es doch da¬
1332 2674 2052 2734 zig Lenze dafür einzusetzen und gab echt
2073 2693 2251 2746 halten I.
592 2693 1313 2754 bei nicht lassen, seinen Don Juan=Gelüsten
1336 2714 2052 2786 Knabenhaftes in sympathischer Charak¬
2060 2736 2224 2789 befinde
589 2741 1322 2800 zu fröhnen. Stolz, verführerisch, innerlich
1330 2750 1589 2807 teristik hinzu.
2054 2772 2240 2829 ihr He¬
582 2777 1331 2841 zerrissen, unstät; jede Handlung impusiv;
1369 2778 2059 2860 Auch sonst enthält das Stück eine Reihe
2067 2809 2240 2874 Elternhe¬
587 2832 1322 2894 ist so, weil er muß. Nach außen ganz der
1328 2834 2044 2905 von ergiebigen, scharf umrissenen Rollen.
2068 2861 2242 2917 gestorber
589 2862 2057 2948 liebenswürdige, leichtlebige Wiener ... Die hervorstechendsten, für die der Verfas¬
2102 2894 2241 2956 Spät
625 2915 1312 2973 Das Alles erfährt man in dem wunder¬
1331 2923 2047 2986 ser förmlich um die Gunst des Publikums
2062 2931 2239 2997 die Poli
573 2953 1319 3021 vollen ersten Akt, in dem der Schleier der
1336 2973 2052 3024 wirbt — die der Mutter des Marine¬
2060 2986 2230 3041 gefesselt
589 2997 1312 3061 am kommenden Konflikt betheiligten See¬
1331 3011 2049 3073 leutnants und eines geradlinig wackeren,
2059 3028 2238 3096 selbst ge¬
589 3034 1314 3098 len bereits gelüftet wird, wie es selten ei¬
1328 3047 2038 3112 dem Helden befreundeten Arztes — gaben
2059 3068 2248 3132 aber geg.
587 3083 1316 3145 nem Autor schon im ersten Akt gelingt.
1323 3086 2041 3154 Grete Meyer und Herr Feist reichlich alles
2053 3099 2250 3165 da Mini
579 3117 1318 3181 Auch sie, die verhältnißmäßig Einfachere,
1323 3128 2044 3184 Nöthige aus ihrem künstlerischen Vermö¬
2052 3150 2246 3208 Gefanger
591 3162 1308 3223 Schlichtere lernt man schon ganz kennen.
1322 3181 2043 3231 gen. Andere größere Rollen brachten die
2058 3192 2248 3248 im Krieg
575 3206 1310 3271 Sie liebt diesen Mann mit allen Fasern
1331 3221 2049 3278 Herren Robert, Matthaes, Rub, Schülz,
2051 3231 2244 3302 sammenb.
583 3249 1309 3307 ihres Seins und klammert sich an ihn nur
1330 3264 2055 3313 Holznagel und Koppen und die Damen
582 3292 1311 3343 um so fester, je höher er durch seine Es¬
1329 3303 2060 3378 Kierschner und Eben zur Geltung. Für
2109 3299 2236 3365 Regi
570 3332 1315 3391 kayaden die große Scheidewand thürmt,
1327 3343 2051 3407 weitere Kreise interessant ist, daß gestern
2089 3348 2246 3416 Seinen
585 3368 1316 3437 über welche ihr und sein heißes Liebesge¬
1326 3383 2034 3440 in dem Part eines Husarenleutnants, ein
2054 3392 2248 3460 Kampf. 3
579 3423 2035 3488 fühl nicht hinwegschlagen können. Dabei Sohn des berühmten Pianisten Ferrucio
2057 3439 2253 3491 extra an
577 3458 1312 3515 geschieht ganz wenig. Er offenbart sich,
1328 3466 2045 3530 Busoni als neuestes Mitglied des Iwving
2055 3481 2248 3542 Ressort h.
579 3501 1306 3557 da er Aufschluß begehrt über den Selbst¬
1315 3501 2039 3572 Place Theaters zum ersten Male die
2045 3520 2244 3577 gistrar E.
580 3548 1301 3599 mord eines berühmten Pianisten, der sich
1318 3545 2035 3606 Bühne betrat. Er ist ein hübscher, schlan¬
2052 3564 2238 3616 verloren,
578 3581 1309 3643 wegen unerwiderter Liebe zu der jungen
1320 3590 2042 3644 ker, blonder, junger Mensch, dessen zu der
2051 3604 2242 3657 Albany I
578 3619 1307 3682 Frau erschossen hat. Dämonisch wirkt er
1320 3629 2027 3686 Rolle passendes bescheidenes Wesen wohl
2049 3646 2245 3719 zu Gunst
580 3674 1307 3740 schon in den ersten Auftritten; doch schon
1320 3674 2241 3751 Natur, noch nicht Kunst ist. Auch die rathes en
575 3710 1281 3771 giebt man sich seinen Zauber gefangen.
1311 3710 2038 3764 kleinsten Partien waren bestens besetzt.
2051 3729 2238 3780 der unte
616 3748 1307 3807 Im zweiten Akt findet man sich noch
1320 3756 2042 3815 Das Gesammtspiel machte dem feinsinni¬
2048 3773 2229 3840 damusbef
562 3791 1299 3844 bessre in dem Milieu zurecht, wird man
1324 3802 2038 3855 gen Regisseur Ehre. Kurzum es mischte
2035 3808 2227 3867 Benedict
572 3828 1301 3895 eigentlich mit allen handelnden Personen
1313 3844 2229 3914 sich kein Mißion in den Vollklang dieses lyner S¬
574 3879 1309 3924 so intim vertraut. Wiederum nur ein ein¬
1321 3886 2025 3936 ersten verheißungsvollen Erfolgs. Die
2046 3894 2242 3968 damusges
581 3920 1300 3975 ziger, aber auch wiederum ein intensiver
1319 3920 2021 3987 Aufnahme der Vorstellung war daher eine
2044 3937 2218 3991 rufungs¬
564 3954 1311 4015 Fortschritt der Handlung: Hofreiter kann
1322 3961 1510 4019 begeisterte.
2024 3958 2226 4032 Entscheid
653 3996 2234 4084 gleider nicht vergessen das seiner! Heute sowie jeden folgenden Abend 8 gericht be
2170 4064 2283 4160 n
2641 4082 2911 4158 —
