3392 4224
670 26 755 85 W
977 29 1172 96 Lanc
263 16 1227 115 24. Das. 116
1373 30 1834 128 box 29/6
131 902 1557 1026 est certain quende Vools, pres de l’Aignerturm. Cet hôtel a
142 962 525 1031 ? De moi? — De
1668 959 3274 1074 pour la première fois dans le ton de la simple #et ceri aussi est un
516 971 1558 1064 pour directeur Aigner lui-méme, séparé depuis
150 1011 511 1085 Mais puisque tu
1656 1006 3322 1112 et sérieuse vérité, Erna répond: e Je taime „.Enfin, il raconte à Mauer qu'i
512 1036 1550 1108 longtemps de sa femme et de son fils Otto. Cet
140 1060 507 1147 oui, de toi. Qui,
1698 1067 3325 1174 Le quatrieme acte se passe, comme le se-I Genia. Mais le sentiment qu'
509 1065 1544 1160 Aigner estun vieil homme irrésistible; nous le
1654 1111 2690 1194 cond, à la villa Hofreiter, devant le tennis. Un
505 1130 1553 1210 voyons tour à tour occupé d’une Espagnole, sa
2696 1145 3322 1220 singulier: c’est une espece
157 1130 497 1228 lui rappelle la
1652 1163 2692 1256 diner vient de féter le retour du maitre de la
505 1179 1546 1259 maitresse dhier, d’une Américaine, qu’il aime
2702 1187 3324 1268 Je n'ai pas ressenti la chos
124 1207 502 1277 rce qulil a dü se
1653 1200 2687 1292 maison. Mais il n'a pu y assister, II a été rotenu
507 1224 1537 1306 aujourd'hui, d’une Française, qu’'il aimera de¬
2695 1233 3321 1324 commo un événement doulou
134 1259 502 1323 our cela que je
1655 1258 2682 1335 à la ville. Genia parle avec le jeune Otto, assise
504 1274 1542 1346 main. Tout l’acte est d’ailleurs une sorte d’in¬
2692 1286 3328 1363 cheux. & Au contraire. Gest
125 1299 499 1371 breuse. C’estpro¬
1652 1300 2684 1379 contre le mur méme de la maison, II part le
502 1310 1548 1397 terméde. On yvoit des voyageurs comiques:le
2689 1343 3315 1415 vrance intime. Je ne rentr
125 1350 484 1415 n mari, au théa¬
1643 1335 2676 1437 lendemain pour les mers du Sud, ou il navi¬
504 1372 1541 1446 timide, qui consulte le portier avec déférence;
2694 1385 3315 1449 coupable dans cette maison
129 1402 494 1474 üdelité. IIyala
1645 1401 2679 1488 guera deux ans. Il demande comment il pourra
500 1418 1542 1504 l’aigre, qui se juge sans cesse offensé; l’étu¬
2687 1436 3328 1503 nouveau. Cest comme si ell#
125 1447 500 1529 plicite, d’un pen
1650 1449 2676 1534 donner de ses nouvelles. II tutoie la jeune
503 1474 1535 1537 diant, qui arrive après quatorze heures de
2685 1486 3326 1557 sorte fait une expiation pou#
146 1502 488 1565 toute la pièce.
1638 1475 2676 1591 femme: & Comment pourrai-je vivre sans toit:
498 1503 1535 1597 marche, ne trouve pas de chambro et s’endort
2678 1525 3312 1606 sakow, une expiation très ##
130 1548 479 1614 rédéric se com¬
1647 1540 2668 1632 II lui demande encore:  Oue feras-tu après
501 1566 1539 1639 dans le hall; le jeune serin, qui s’étonne de
2688 1579 3312 1647 douloureuse. Elle recommend
134 1597 497 1663 la vie pense an
1647 1582 2671 1675 mon départ? — Je ne sais pas. Aujourd'hui, je
492 1611 1531 1690 n’étonner personne. Mme Wahl n’est pas moins
2683 1626 3312 1706 ment proche de moi. Nous vi
119 1648 488 1711 ombe: 4 Je ne
1647 1638 2668 1727 ne sais pas. Que savions-nous il y a deux se¬
495 1665 1533 1739 plaisante par ses terreurs; sa fille Erna est
2675 1672 3303 1753 pour ainsi dire, sur la méme
131 1685 488 1762 rner comme on
1631 1696 2667 1781 maines, il y a quelques jours? On glisse. On
495 1714 1525 1794 partie pour une brève promenade avec Mauer
2702 1723 3321 1796 Il est donc oxtrémement cag
129 1742 490 1815 est couché sous
1638 1733 2668 1821 glisse toujours plus loin, qui sait ou? - Elle s’é¬
491 1764 1531 1835 et Hofreiter. IIs devaient rentrer pour le lunch.
2669 1763 3316 1848 dormi jusqu'à sept houres du
130 1789 475 1857 La cause in¬
1633 1784 2675 1863 tonne de la comédie qu’elle joue. Comme elle
491 1794 1531 1890 Il est lheure du diner et ils ne sont pas lä. Tout
2669 1820 3316 1894 il? Nous ne savons. Mais um
124 1839 484 1905 les deux sens.
1629 1838 2667 1921 fait ces dangereuses confidences, son mari pa¬
487 1856 1523 1929 Acoup leur guide arrive. Hannonce leur retour.
2672 1867 3302 1944 revient en scène. C’est l’abon
129 1892 484 1957 peut-être à tes
1640 1890 2664 1969 raft au balcon, juste au-dessus d’elle. Elle n’est
487 1904 1523 1972 Ils ont gravi l’Aignerturm. IIs reviennent en ef¬
2676 1918 3309 1998 mari, qui se sait trompé, et #
129 1936 484 2006 sainte, à cause
1627 1929 2657 2008 point effrayéc. Elle lui dit tranquillement bon¬
497 1953 1524 2028 fet. Mais Mauer a disparu. Mme Wahl veut ab¬
2660 1966 3313 2040 rage de renoncer à sa femm
106 1984 482 2060 u m’es à cause
1631 1977 2661 2058 jour. Quand il disparalt, la conversation recom¬
499 2003 1522 2080 solument qu'il soit mort. La vérité est moins
2661 2007 3299 2085 Ila fait courir des calomnies
125 2033 482 2103 * Et plus loin:
1632 2023 2659 2120 mence entre les amants. Otto conjure Genia de
495 2047 1520 2127 tragique. II a vu Hofreiter et Erna s’em¬
2657 2060 3300 2135 représente comme le meurt
127 2076 479 2155 a précipité un
1631 2087 2663 2165 ne pas rester dans cette maison. Ello n’est pas
489 2089 1521 2177 brasser, ct il est parti. Erna est amoureuse,
2657 2105 3299 2177 Il fait maintenant des allusig
1628 2125 2657 2222 faite pour le mensonge; elle se trahira ou elle
115 2113 1519 2225 hible. Oui, je ne joyeuse et résolue. Elle plaisante, elletriomphe.
2659 2154 3297 2233 vertu de Genia. Cetto vilenie
1627 2157 2648 2258 avouera volontairement. & Peut-êtro, dit-elle.
485 2193 1517 2276 ssionde nai pas
2654 2196 3301 2284 Hofreiter? In'ani haine, ni#
110 2214 469 2285 he, et quand nous
1618 2217 2648 2308 Je lui dirai demain, des que tu scras parti. Ou¬
482 2233 1516 2322 fermé l’eil de la nuit, Erna. — Cela me fait
2650 2251 3313 2339 ni amour. Mais, comime Mdit,
111 2262 482 2326 emaines. Mais
1616 2263 2644 2355 peut-étre aujourd'hui. — Et qu’arrivera-t-il? —
479 2276 1519 2373 de la peine, répond-elle. J'ai admirabloment
2648 2298 3289 2399 tant pas faire le soliveau. A
116 2311 484 2381 nny peut rien
1620 2330 2638 2399 Rien, vraisemblabloment. Et tu ne reviendras
490 2324 1518 2416 dormi r. Il dit encore: & Je comprends toute
2650 2347 3012 2424 provoque Otto.
125 2355 463 2439 Je suis ainsi.
1619 2369 2636 2454 jamais ici, jamais. Promets-moi, jamais, mème
480 2377 1514 2468 la déraison, dont je me moquais naguère.
2680 2399 3298 2471 Le dernier acte est tresed
1618 2417 2646 2508 pas dans deux ans, jamais. — Ahl dit Otto,
476 2421 1504 2512 Je comprends qu'on passe par les fenétres,
2658 2445 3294 2522 que la représentation émeuf.
108 2426 470 2529 termine par un
1621 2471 2639 2546 tu l’aimes, tu l’aimes de nouveau. Voild ou tu
488 2479 1512 2564 qu’on donne des sérénades, qu'on guette son
2654 2500 3296 2566 dant le duel. Erna est venne
110 2501 471 2564 allusions et de
1619 2501 1880 2580 glisses! „
486 2524 1500 2596 rival avec un couteau, qu’on se jette dans un
2641 2538 3255 2617 chez Mme Hofreiter. A C
109 2550 472 2618 rtie d’automobile
1660 2556 2642 2647 Le pauvre diable va payer cher l’ivresse d’a¬
478 2571 1502 2652 précipice quand on n’est pas aimé. " Voila
2640 2594 3296 2668 ble, Genia parle, avec une iron
103 2598 465 2673 pas delune, dit le
1616 2597 2642 2696 voir été aimé penant deux semaines par ven¬
475 2614 1505 2710 Thomme en proie au démon dont parlait Genia.
2650 2643 3302 2720 nerait le change, si nouslacon
98 2647 468 2716 toiles.— Eh bien!
478 2664 1505 2763 & Erna, dit-il, fais bien attention à ce que tu vas
1616 2657 3303 2764 geance. Tout d’abord, nous apprenons quelg A cetto heure, dit-elle, c’es##
91 2699 463 2764 hent dans l’obs¬
478 2714 1503 2803 dire. Si cette nuit ta porte est fermée, je
1611 2708 3289 2811 Hofreiter pendant la nuit derrière s’est pro-iln’ya plus rien Ay faire, n’es
110 2743 461 2814 c’est peut-étre
478 2755 1498 2831 T’enfonce et c’est fait de nous deux. — Gen’en
1607 2768 3282 2863 mené à pied dans Baden, II est allé sous les de la Sainte-Croix, ne croyer-
98 2796 470 2870 t elle éclate de
465 2817 1496 2901 sera pas fait de nous deux. — Erna! — Etje
1607 2799 3292 2914 fenétres d’Erna. Or, nous savons qu’Otto en-Itous assis dans le jardin, sous
1609 2843 3293 2953 tre la nuit par la fenétre dans la chambre breux, et ils fétent la réconcil
463 2864 1490 2935 prévois qu'ily aura encorede plus belles heures
92 2870 1517 3000 hôtel de l’Etangque la-haut, sur T’Aignerturm. — Ernal.. . Et
1605 2890 3288 3001 de Genia. Hofreiter a mandé Mauer, avec ner a été commandé davand
1607 2953 3288 3081 qui il est brouillé depuis le voyage à Vels; témoins. Et on s’est vite re#
2746 3981 2892 4071 L
