3436 4352
243 156 1228 299 24. Das weite Land
1353 180 1827 294 box 29/2
111 1439 470 1558 her Zeitung
116 1505 364 1603 agblatt)
151 1591 422 1690 Strau
128 1645 960 1734 Kronen, B#o Gober'9 Kront.,
2122 1684 2954 1776 J. Aeneeplen Tagen sind im drien
127 1723 3239 1826 1 Oskar Fabiny 1 Krone, Oskar gabe ohne Abfertigung eröffnet. In der Haltestelle Schum= Einbrüchen verübt worden, wobei es die unbekannten Täter
131 1774 3250 1890 . Quasigroch 1 Kronen, Johann barg nehmen vom Tage der Eröffnung sämtliche Personen namentlich auf Fleisch= und Eßwaren abgesehen hatten.
104 1809 3239 1937 hwostek 1 Krone, Emil Dub 3 Kro=beförndernden Züge einen unbedingten Aufenthalt unter In Orlau brachen in der Nacht von Donnerstag auf Frei¬
105 1858 566 2014 Stadiheater.
791 1920 3242 2037 Treue und Treulosigkeit ... Anbetung für eine und Ver= mit offenen Armen dem einzigen Symbol glücklicher Tage
801 1967 3231 2084 langen nach einer anderen oder nach mehreren. Wir ver=entgegen. Ein Naturtrieb, die Liebe zu den eigenen Kin¬
107 1989 479 2094 weite Land.“
807 2010 3238 2140 suchen wohl Ordnung in uns zu schaffen, so gut es geht, dern macht sich geltend und breitet versöhnend und heilend
89 2065 796 2174 Akten von Artur Schnitzler.
805 2053 3239 2168 aber diese Ordnung ist doch etwas Künstliches ... Das einen schützenden Mantel über die wunde Seele, das weite
789 2117 2034 2195 Natürliche ... ist das Chaos. Die Seele ... ist ein
93 2134 472 2221 ei Arnold Korff.
2011 2142 2738 2219 Land, das soviel Raum bietet ..
805 2160 1227 2228 weites Land ..“
1209 2169 2021 2255 Und zu dieser Definition ist Schnitz¬
121 2183 821 2276 t Arzt. Dieser Beruf drückt sich
2095 2185 3230 2284 Drei Faktoren haben sich in schönster Harmonie ver¬
804 2214 2014 2295 ler durchaus nicht auf dem Wege über unfruchtbares Re¬
98 2249 825 2322 ben literarischen Arbeiten Schnitz¬
2016 2213 3244 2331 einigt, den Besuchern der gestrigen Abendvorstellung einen
804 2254 2013 2349 flektieren gekommen. Schnitzler ist wie keiner ein Autor,
94 2295 820 2365 ründlichkeit, die schon den Beige¬
2011 2291 3240 2384 genußreichen Abend zu bieten: Die geistreiche literarisch
794 2307 3228 2431 der keck und sicher zuzugreifen versteht, der mit gelassenem wertvolle Arbeit Schnitzlers, eine interessante die höch¬
99 2347 3242 2480 mit einem rücksichtslosen Hinweg= Freimut die Schwächen der Menschen erkennt und die sten Aufgaben der Schauspielkunst erfüllende Darstellung
82 2401 2025 2499 Gefühle nimmt er seine Versuche Auswüchse ihrer gesellschaftlichen Institutionen geißelt. Er
2009 2437 3235 2532 der Hauptrolle durch Arnold Korff und ein einwand¬
88 2444 2023 2546 er das Seziermesser und demon= geht sogar so weit, daß man verdutzt vor den Aeußerungen
2001 2488 3235 2584 freies, stellenweise von persönlichem Empfinden geleitetes
80 2502 2015 2595 en Vortrag, der von witziger Sa= dieser merkwürdigen snobistisch=blasierten Menschen steht.
2006 2539 3239 2619 Zusammenwirken unseres Schauspiel Ensembles. Man
87 2546 2019 2644 lle unsere Leidenschaften und die Diese Offenheit, diese Aufrichtigkeit, diese Wahrheitsliebe!
97 2596 812 2667 n Gefühle nichts als ein schönen
1999 2596 3240 2679 könnte die Einzelleistungen nicht würdigen, ohne den
800 2607 2006 2693 Oder sind auch diese nur posiert? Wird die Wahrheit
2005 2637 3239 2722 komplizierten psychologischen Schneckenwindungen der
97 2650 807 2719 Summe man vielleicht mit dem
809 2663 2014 2752 und Offenheit, diese potenzierte Sucht nach Einfachheit nur
2000 2690 3226 2760 Schnitzler'schen Schöpfungen auf Schritt und Tritt nach¬
85 2690 2012 2795 bezeichnen könnte. Er beweist fer= darum angewandt, damit man sie nicht glaubt? Wahr¬
2002 2732 3235 2805 zuspüren. Wie leicht könnte man aber dann in den Fehler
85 2740 3225 2811 icht wert ist, ernst genommen zu heit, die eine versteckte Lüge ist! Und hier liegt auch das verfallen, bei diesem Zergliedern der oft merkwürdigen
94 2799 3225 2919 n glücklichsten— nein, am wohl= Problem der Tragikomödie. Denn im Grunde sind alle Emanationen subtilster Seelengeheimnisse, die reproduk¬
83 2850 3223 2921 on jedem nimmt, was ihm gerade diese schamlos egoistischen Menschen denn doch auch nur tive Leistung der Darsteller um ihren künstlerischen Wert
86 2889 3233 3018 t darum kümmert, was sonst im Menschen, die nicht bar jedes Gefühles sind. Der Gleich= zu bringen. Man wird sich mit der Feststellung begnü¬
89 2924 808 3018 Und nachdem der Anatom seine
793 2956 3226 3074 mut, den sie um die Wette zur Schau tragen, ist nur gen müssen, daß es sich bei der Wiedergabe solcher Auf¬
71 2979 809 3059 tweise zerlegt und bis auf das
799 3007 3273 3129 erlogen und der inneren Freiheit, mit der sie sich brüsten, gaben nur um gute oder schlechte Darstellung handeln
72 3033 806 3105 ren Augen entblößt hat, nachdem
791 3052 3234 3182 fehlt der Glaube. Sie geben sich alle Mühe, eine heitere kann. Eine Mittelmäßigkeit gibt es hier nicht. Das war
69 3073 819 3163 s Nervenbündels, jedes Muskels
791 3104 2005 3188 Miene anzunehmen, während in ihrem Innern eine rasende
1997 3125 2630 3201 auch gestern zu beobachten.
68 3137 798 3205 isiert hat, gibt er auch noch eine
802 3151 2004 3230 Leidenschaft wütet. Mit einer Lüge ersticken sie die Wahr¬
81 3192 807 3257 efinition der menschlichen Seele.
2088 3174 3223 3248 Die Art und Weise, wie Arnold Korff mit der Ge¬
787 3197 3224 3312 heit. Und wenn die ersten Schatten des nahenden Le¬Inialität des schaffenden Künstlers die widerstrebenden Li¬
80 3236 799 3307 nicht aufgefallen sein, was für
784 3244 3214 3364 bensabendes sich über die schäumende Lebenskraft und nien dieses merkwürdigen Typus eines modernen Men¬
69 3271 811 3348 ir Menschen im Grunde sind? So
789 3292 3223 3421 Freude senken, dann brechen auch diese stahlharten, kalten schen zu einer einheitlichen Wirkung zu konzentrieren
71 3333 3230 3459 nin uns —! Liebe und Trug.. Menschen zusammen und sie eilen mit tränendem Auge, wußte, wie er trotz strengster Betonung jeder kleinsten see¬
