3436 4448
1387 139 1824 229 bos 28/2
678 165 736 225 1
266 163 1208 261 24 aLand
599 1222 1317 1316 Haues Tagblaft f. Stuttgar.
828 1349 901 1476 7
563 1577 1563 1659 Die Uraufführung des neuesten Schnitzlerschen
514 1640 1565 1704 Dramas „Das weite Land“ in Wien brachte im
509 1671 1563 1729 starkfesselnden Schlußakte, besonders tiewirkend, Schihler
518 1705 1564 1773 wiederholte lebhafte Hervorrufe. Auch in Berlin, Mün¬
512 1739 1563 1811 schen, Hamburg und Hannover atte das Stück, nach
500 1780 1561 1828 etwas zurückhaltender Anhörung der ersten Akte, eine¬
504 1812 1574 1879 lebhaften Erfolg. Prag und Lei#ig bereiteten dem Werke
517 1854 1560 1908 ebenfalls eine respektvolle und freundliche, in Mainz da¬
513 1894 1561 1953 gegen fand es eine laue, fast ablehnende Aufnahme. Die
520 1923 1573 1982 Tragikomödie ist bei S. Fischer in Berlin soeben in Buch¬
497 1969 841 2039 form erschienen.
636 2532 1448 2700 eesarnischer Gorrespondent
937 2805 1047 2880 —— —
527 2862 1703 2942 Das weite Land von Arthur Schnitzler hat an allen Orten.
461 2914 1722 2980 wo es gleichzeitig zur Uraufführung kam, respektvolle Aufnahme
456 2958 1717 3019 gefunden. Im Wiener Burgtheater gab es starken äußeren Er¬
465 2988 1715 3067 folg und der anwesende Dichter wurde wiederholt nach jedem Akt
452 3027 1713 3100 gerufen. In der Schauburg in Hannover fand das Stück unge¬
467 3072 1717 3141 teilten Erfolg, im Münchener Residenztheater desgleichen. Im
459 3106 1716 3179 Berliner Lessingtheater gab es, trotzdem die Triesch die Rolle der
459 3142 1719 3218 Genia innehatte, nur einen Achtungserfolg, und das gleiche Re¬
441 3176 1740 3281 sultat fanden die Aufführungen in Prag, Leipzig und Breslau.
2175 995 3042 1108 General-Anzeiger, Franktart:
2252 1127 2325 1198 *
2388 1163 2700 1272 16 10 1911
2024 1284 3039 1356 = Ein neues Drama von Arthur Schnitzler. Das mit
1971 1305 3034 1392 Spannung erwartete neue Bühnenwerk von Arthur
1987 1382 3027 1440 [Schnitzler das der Dichter mit einem nicht ganz leicht,
1994 1399 3046 1479 aber trotzdem durchaus klar zu deutenden Namen „Das
1987 1443 3035 1522 weite Land“ benennt, ist am Samstag in verschievenen
1988 1491 3039 1553 großen Bühnen zur Uraufführung gekommen. In Frank¬
1993 1528 3029 1594 furt, wo das Stück ebenfalls für Samstag angesetzt war,
1984 1571 3043 1651 mußte leider die Aufführung wegen Erkrankung des Herrn
1983 1600 3030 1655 Lengbach verschoben werden, Wir behalten uns eine Ana¬
1975 1642 3022 1713 Tlyse des Stückes, das für das Verständnis von Schnitzlers
1973 1680 3030 1748 Weltanschauung von größter Wichtigkeit ist und den
1974 1713 3023 1781 Menschen und seine Handlungen vom Standpunkt einer
1977 1752 3037 1840 resignierenden Philosovhie aus betrachtet, noch vor der Frank¬
2216 1801 2332 1849 n
1970 1839 3022 1887 furter Aufführung vor und berichten heute nur über den
1960 1883 3019 1939 Erfolg der auswärtigen Premieren, zunächst in Wien,
1966 1914 3021 1964 lim Münchener Hoftheater und im Hamburger
1965 1941 3029 2002 Schauspielhause. Ueber den Erfolg der Wiener Auf¬
1974 1993 3046 2068 führung drahtet uns unser Wiener L. Hfd.=Mitarbeiter
1969 2031 2339 2089 folgenden Bericht:
2031 2060 3021 2123 Wien, 15. Okt. Bei der heutigen Erstaufführung im
1997 2124 3034 2186 Burgtheater hatte Arthur Schnitzlers Tragi¬
2003 2162 3026 2213 komödie „Das weite Land“ einen Achtungserfolg, der
1998 2209 3031 2268 sich nach dem vierten und fünften Akt vertiefte und ver¬
2001 2255 2896 2299 stärkte. Der Dichter wurde oft gerufen.
1995 2279 3038 2359 In Hamburg erweckte das Werk ebenfalls die ernste
1966 2331 3033 2373 Aufmerksamkeit der Zuhörer und hatte anscheinend den¬
1969 2371 3037 2432 selben Erfolg wie in Wien, und nicht weniger fühlten
1970 2416 3027 2486 sich die Besucher der Münchener Aufführung von der
1967 2450 2328 2513 Dichtung gefesselt.
1994 2487 3027 2546 Auch im Leipziger Neuen Stadttheater, in der
1963 2539 3022 2601 [Schauburg zu Hannover und im neuen Deutschen
1964 2572 3028 2615 Theater in Prag wurde „Das weite Land“ am
1960 2616 3020 2667 Samstag aufgeführt und der Erfolg scheint nach den
1951 2646 3031 2717 vorliegenden Berichten überall, mit geringen Verschieden¬
1954 2683 3029 2751 heiten, ziemlich denselben Charakter getragen zu haben:
1954 2728 3030 2799 Respekt vor dem Dichter, unmittelbar starker Eindruck
1948 2771 3029 2841 einiger Szenen und besonders wohlgelungener Gestalten,
1954 2802 3027 2885 aber für die eigentliche Idee und die kunstvolle Psycho¬
1951 2852 2533 2916 logie kein rechtes Verständnis.
1993 2877 3034 2954 Der Titel des Stückes will mit dem Ausdruck „Das
1954 2917 3036 2988 weite Land“ die Unbegrenztheit 'der seelischen Welt sym¬
1948 2964 3024 3023 lbolisch ausdrücken und nachweisen, wie wenig alle unsere
1958 3001 3031 3049 moralischen Wertungen des menschlichen Handelns gelten!
1958 3052 3023 3113 können, da die physischen Vorgänge zu kompliziert und
1959 3083 3020 3154 zu vielfältig sind, um bestimmten moralischen Gesetzeng
1957 3126 3021 3199 unterstellt werden zu können. Das Stück gehört in die
1965 3166 3014 3223 Reihe der in der allerletzten Zeit mehrfach aufgetauchten
1962 3198 3023 3272 Stücke, die nach einer neuen Auffassung des Begriffes der
1945 3251 3024 3307 Tragödie auf Grund der modernen psychologischen?
1951 3284 3014 3342 Forschungen zur Theorie der Moral streben. Es wird zu
1944 3322 3007 3377 dieser Theorie noch manches zu sagen sein. Auf jeden
1952 3360 3012 3416 Fall verdient das Werk als eines der tiefsten des Dichters
1955 3403 3027 3463 und als bedeutsames document humain die ernsteste Beachtung.
