3344 4352
470 193 565 252 a
648 203 755 259 WE
237 191 1195 300 24.—1 Land
1335 215 1801 308 box 23/2
938 938 1318 1005 Ausschnitt aus:
1066 977 2081 1128 6 10 fer-Sonn- K. Montags Zeitung, Win
935 1069 1097 1112 vom:
1228 1111 1800 1217 Cheater und Musik.
1020 1207 2097 1289 (Burgtheater.) Zum erstenmal: „Das weite Land“
932 1234 2096 1328 fünf Akte von Artur Schnißler, V#u#der Darstellung der Schnitzler¬
930 1311 2091 1368 schen Tragikomödie ist einiges Gutes zu melden. Herr Korff vor
917 1358 2090 1433 alem überraschte. Sein Spiel war eindringlich, klug, recht fein und
907 1414 2099 1482 cnüsant durchschattiert und in der entscheidenden Szene auch nicht
909 1444 2091 1533 ohne Kraft und Würde. Nur die Liebesszeue im dritten Alt geriet
913 1519 2090 1585 léer und saftlos. Daran mochte auch Herrn Korffs Partnerin einige
909 1549 2092 1615 Schuld tragen, Fräulein Hofteufel, die aus einem tapferen,
902 1604 2096 1686 energischen Mädchen, einer jungen Dame, wie sie Bernard Shaw gern
906 1670 2092 1736 zur Heldin nimmt, einen selbstbewußten Backfisch macht und trotz
906 1710 2088 1778 allem redlichen Bemühen, manches zu bedeuten, unbedeutend blieb.
898 1756 2084 1819 Fräulein Marberg hat ihren noblen Ton, ihre ausgezeichnete
907 1816 2087 1876 Kunst im Darstellen edler fraulicher Art noch nicht eingebüßt.
896 1837 2084 1924 Ihre paar ganz tragischen Akzente im letzten Akt ergriffen. Als
900 1909 2085 1975 ein Natürlichkeits=Spieler von sauberster Nonchalance bewährte sich
901 1938 2081 2020 wieder Herr Paulsen, und in ein paar gedrungene Sätze wußte
898 1986 2079 2078 Herr Heine die ganze Wucht und Energie seiner schauspielerischen
894 2028 2082 2108 Persönlichkeit zu konzentrieren. Herr Höbling hatte eine lächerliche
892 2086 2079 2161 Figur zu spielen und das machte er recht gut. Eine delikat=komische
887 2156 2074 2222 Rolle ging an Herrn Frank rettunglos verloren, eine derbere
885 2203 2081 2266 Charge brachte Herrn Zeska kleine Lacherfolge. Vorzüglich
883 2231 2079 2321 Frau Devrient=Reinhold, der reifere, überbewegliche
884 2280 2082 2369 und beredsame Damen der guten Gesellschaft immer so überaus
890 2327 2077 2405 echt und amüsant geraten. Herr Devrient war als Ersatz
893 2388 2067 2439 für Hartmann im letzten Augenblick eingesprungen. Er blieb
888 2430 2075 2504 taktvoll im Hintergrund und fand keinen Anlaß, sich auszuzeichnen
887 2467 2068 2549 oder zu blamieren. Die Regie (Herr Thimig) hatte sorgfältige
889 2533 2077 2595 Arbeit geleistet. Alles ging recht exakt, die Räderchen des Dialogs
872 2587 2065 2662 griffen tadellos, ohne Stockung und Geknirsch, ineinander. Gelegentlich
884 2622 2073 2709 wagte sich ein vorsichtiger Realismus bescheiden zwischen den Kulissen
885 2684 2061 2756 hervor. Da fuhren dann Radfahrer über die Chaussee oder die
884 2722 2061 2808 Straßenlaternen wurden angezündet oder vom Tennisplatz her
879 2759 2058 2849 kam ein kleiner Junge gelaufen und holte den verirrten Ball. Im
868 2833 2062 2888 ganzen war's ein Erfolg für den Dichter sowohl wie für das Burgtheater.
872 2893 2057 2963 Der interessanten, stellenweise recht subtilen Komödie soll nicht das
882 2917 2063 3007 Unrecht zugefügt werden, daß über sie in der Hast und Kürze eines
873 2963 2058 3056 Sonntagsreferats berichtet wird. (Samstag abend war die Premiere.)
855 3013 2054 3101 Zur Generalprobe hatte der Referent der „Wiener Sonn= und Montags¬
861 3080 2046 3151 Zeitung“ keinen Zutritt. Ein recht kindlicher Versuch, mißliebigen
869 3106 2055 3187 Kritikern durch administrative Maßregeln die Arbeit saurer zu
867 3186 2047 3230 machen. Die Ansichten über seine Direktionsführung wird Baron Berger
862 3211 2046 3290 durch derlei Verfügungen kaum zu ändern imstande sein. Nicht
859 3269 2053 3346 einmal, wenn er seinen unbotmäßigen Kritikern ernste Garderobe¬
866 3307 2045 3397 Schwierigkeiten im Burgtheater bereiten läßt oder ihnen den Ankauf
854 3358 2046 3449 des Theaterzettels erschwert oder den Wagenrufer gegen sie aufhetzt
859 3410 2049 3486 oder sonst eine Verfügung trifft, die dem Ausschluß von den General¬
846 3434 1742 3551 proben an Takt, Geschmack und Räson gleichkommt.
1858 3491 2046 3573 a. p.—
