3344 4352
1399 143 1847 255 box 29/2
281 130 1265 264 24. Das weiteLand
1127 1286 3264 1359 eine Reihe moderner Nervenmenschen vor und zur selben Zeit einen starken Beweis ihrer
177 1295 1099 1398 bu-]„Das weite Land.#
1137 1338 3262 1404 versenlt seinen scharfen, doppelt geschulten Blick streuen Liebe in Händen. Ein junger Klavier¬
180 1380 3268 1449 ragikomödie in fünf Akten von Arme-Schnnn#n des Arztes und Dichters in die geheimsten Tie=spieler hat sich erschossen, da sie ihn nicht er¬
193 1431 1122 1508 (Erstaufführung am Jubiläums=Stadttheater al, 17.
1144 1419 3269 1515 Ifen ihrer komplizierten Charaktere, dringt in hörte. Wie unerwartet anders wirkt aber dies
455 1464 810 1540 November 1911.)
1146 1478 3270 1531 die verborgensten Falten ihres Innern und Zeichen auf den seltsamen Menschen ein! Er
175 1514 1157 1598 Ein neuer Schnitzler ist immer eine Festgabe.
1147 1531 3257 1611 scheut auch vor den kühnsten und schwierigsten bewundert nicht ihre unwandelbare Treue, er
1157 1592 3255 1649 Problemen nicht zurück = er „tanzt auf dem sieht vielmehr in ihr die Mörderin seines Freun¬
215 1582 1171 1663 den Feinschmecker allerdings! Undauch
1152 1638 3258 1708 psychologischen Seile“ um in seiner eigenen des. „Der Gedanke, daß irgend etwas, das doch
175 1630 1161 1700 ter denen wird sie nicht jedem munden; dem
182 1701 3273 1761 kutschen im Norden weniger, als dem Öster= Sprache zu reden. Diese Seelenanalyse ist so in Wirklichkeit gar nicht ist — ein Schemen, ein
183 1743 3251 1797 cher, dem Wiener. Denn nach Österreich, nach frecht ein Zeichen unserer Zeit, die Alberta von Phantom, ein Nichts, wenigstens einem so furcht¬
183 1777 1173 1850 sien weisen Schnitzlers Gestalten, nicht nur
1152 1784 3266 1859 Puttkamer jüngst die „geheimnislose“ genannt baren Dinge gegenüber wie der Tod — daß
166 1824 2199 1889 ch ihre Herkunft und den Aufenthaltsort, hat. Aber der Dichter läßt sich bei seiner Se¬
2175 1834 3272 1895 [deine Tugend — einen Menschen in den
182 1877 3251 1962 lich vie leicht durchklingende Mundart, sondern zierarbeit nicht über die Achsel gucken, er bietet] Tod getrieben hat, das ist mir einfach unheim¬
186 1934 3255 2010 ch durch die ganze Welt ihres Empfindens uns das fertige Produkt dar und überläßt es lich“ und er wendet sich nun vollständig von ihr
207 1983 2202 2055 Handelns. So ist es auch in dem letzten dem Einzelnen, sich damit abzufinden, soweit es
2186 1992 3257 2056 ab und stürzt in die Arme der jungen, klugen
170 2037 3246 2096 kücke, das erst vor einem Monate an siebzehn seinem eigenen Wesen, seiner anpassenden Phan= Erna, die ihn leidenschaftlich liebt und sich ihm
180 2066 2198 2147 foßstadtbühnen zugleich mit sehr verschiedenem tasie gelingt — er zeigt uns die Oasen im wei¬
2183 2086 3250 2163 willig hingibt. Man hat diese Wendung ange¬
180 2132 2201 2205 ffolge gegeben wirde und nun auch staunendten Lande der Seele, den Weg dahin müssen
2191 2139 3246 2197 staunt, bekrittelt, als unwahr empfunden —
1142 2179 1574 2259 wir selbst finden.
184 2180 1036 2260 sch seinen Einzug in die Provinz hält.
2189 2186 3256 2258 wohl nur, weil sie neu und ganz ungewöhnlich
178 2219 1172 2298 Im vorhinein können wir, wenn uns der
1180 2232 3259 2297 Im Vordergrunde des Interesses stehen derhist, unmöglich ist sie gewiß nicht. Sollte viel¬
183 2271 1161 2352 stvolle und feinsinnige Poet ladet, sicher sein,
1158 2281 3267 2350 reiche Fabrikant Friedrich Hofreiter und seine leicht ein Hofreiter wie irgend ein philiströser
186 2331 3251 2410 ßder Abend nicht verloren ist. Wer freilich Frau Genia. Er ist etwa vierzig Jahre alt, ein Held seiner verkannten Gemahlin reumütig und
175 2379 3251 2452 den „Medardus“ denkt und sich spannende rastloser Geschäftsmann und Erfinder, dabei ein Verzeihung flehend zu Füßen fallen? Derartige
167 2434 3263 2486 ndlung, szenische Effekte, große dramatische liebenswürdiger Gesellschafter, Sportsmann, egoistische Herrschernaturen haben gar nicht das
175 2484 3258 2548 krkungen erwartet, der wird nicht auf seine Kunstfreund; aber das alles ist nur Nebensache, Bewußtsein einer Schuld und vertragen nicht,
163 2526 3250 2590 sten kommen; es ist der alte, stille Schnitzler das macht man, „wenn man Zeit hat“; die daß ein anderer sie überragt. Genia versteht
187 2576 3252 2653 „Liebelei“ und des „Zwischenspieles“, der Hauptsache sind ihm — und wie er glaubt, allen ihren Mann kaum, sie hört nur das Tatsächliche
192 2633 3249 2706 s hier entgegentritt. „Tragikomödie“ nennt schaffensstarken Männern — die Frauen. Hier aus seinen Worten und, um es ihm recht zu
174 2679 1160 2751 sein Werk und der viel mißbrauchte Titel
1155 2672 3253 2756 liegt das eigentliche Betätigungsfeld für seines tun, aus Trotz wohl auch und ein wenig aus
172 2726 1158 2788 teht hier zu Recht, wir hören wirklich eine
1150 2717 2213 2786 Eroberernatur. Skrupellos betrügt er seine noch
2190 2733 3249 2806 Bedürfnis, nimmt sie einen Liebhaber. Nun
162 2778 1156 2868 kurige Weise, mit Humor und Ironie vor¬
1146 2784 3240 2841 junge und anziehende Gattin, die ihm doch nichtaber tritt das Seltsamste ein. Wie der Herren¬
163 2823 355 2892 ragen.
1143 2827 3241 2889 gleichgiltig ist. Sie weiß darum, liebt ihn aberlmensch, der sich oft und oft seine Früchte in frem¬
170 2868 1149 2945 Den Inhalt aus den fünf Akten herausschälen,
1151 2881 3249 2946 nicht weniger und wartet vielleicht, wie Frau den Gärten gepflückt hat, den Dieb auf eigenem,
168 2913 1150 2993 ße nutzlose Arbeit verrichten und dem Werke
1150 2919 3252 2993 Marie in Bahrs „Konzert“, geduldig, bis er zu schlecht behüteten Grund und Boden erblickt, den
165 2978 1147 3036 brecht tun, denn die Handlung ist allerdings
1140 2984 3241 3056 ihr zurückkehrt. Dazu stände nun gerade der Dieb, den er ja fast selbst zum Stehlen eingeladen
169 3030 1159 3100 r dürftig und technisch mangelhaft heraus¬
1144 3029 3250 3081 Weg offen, denn Friedrich ist seiner bisherigen hat, schießt er ihn nieder. Hier können wir nicht
167 3077 3247 3142 rbeitet, aber nicht darauf kommt es hier an, Liebelei mit der oberflächlichen Frau seines mehr ganz mit! War ihm das Duell nur eine
174 3130 3258 3203 dern auf die Personen. Schnitzler führt uns Bantiers überdrüssig geworden und Genia hatl gesellschaftliche Formsache und der unglückliche
