3344 4352
1322 152 1762 253 box 29/2
197 142 1176 261 24. Das weite Land
330 1216 1271 1382 Badlsche Lamdesreitung. Kaschh,
583 1388 897 1543 3/2. 12,
658 1518 799 1586 S
2096 1550 2273 1632 ensamchen
3186 1575 3268 1660 —
461 1572 1481 1672 Großh. Hoftheater Karlsruhe.
1660 1614 3274 1710 Kopf geht. Daß er seiner Frau dabei aber nichts von seinen; stalt eines
573 1658 1353 1743 Zum erstenmal: „Das weite Land“,
1655 1648 3001 1748 Schleichwegen abseits vom Pfade der ehelichen Tugend erzählt,
2992 1695 3278 1753 des Geschlech
1667 1693 2998 1791 ist leicht verständlich, und gibt ihm weder etwas Großes noch gar
349 1724 1621 1810 Trogikomödie in fünf Akten von Arthur Schnitzler.
2998 1738 3266 1800 tieftragische
1672 1740 2996 1822 „Dämonisches“, Scmitzler will in diesem Fabrikanten wohl eine
3000 1782 3269 1844 Tragikemöd
380 1758 1655 1866 Der Dichter des „Anatol“ weiß sehr genau, daß die eigentliche
1659 1788 2999 1887 Arl Vertreter des rucksichtslos sich durchsetzenden und gewinnen¬
316 1803 1646 1907 Stärke seines dramatischen Könnens im Dialog liegt, in der
3001 1827 3266 1886 spielerische
1648 1830 3005 1921 den Niebeschen Uebermenschentums auf die Bühne bringen, aber
2985 1871 3271 1939 Bühnendicht
307 1854 1658 1959 Kunst der anmutigen Planderei der geistvoll=eleganten psycho¬
1663 1874 2983 1969 Friedrich Hofreiter beweist seine Ueberlegenheit im Stück eigent¬
2998 1913 3268 1979 nur hin un
317 1901 1653 1984 logischen Auseinandersetzungen über die schwierigsten und gewag¬
1650 1898 2997 2010 lich nur dadurch, daß er im Tennis siegt, daß er Erfolg mit seinem
305 1934 1644 2037 testen Problemie des modernen Gesellschaftslebens. Darim hat er
2989 1952 3270 2021 mung erkling
1653 1969 2987 2047 neuen Glühbirnenpatent hat und daß er einen blutjungen Fähn¬
305 1987 1642 2088 sich in seinem neuesten Bühnenwerk gar nicht erst bemüht, eine
2993 2006 3225 2064 mischt ist,
1657 2007 2981 2117 rich mit kaltblütigex Sicherheit über den Haufen schießt, weil ihn
2982 2048 3270 2117 leidenschaftl
307 2033 1639 2125 innerlich und äußerlich dramatisch wirksame Fabel zu erfinden,
1655 2050 2880 2162 der junge freche Blick seines Duellanten ärgerte und reizte.
308 2086 1652 2181 er hat sich lediglich damit begnügt, eine Handlung zusammen¬
3070 2099 3267 2166 Die Tra
299 2128 1638 2213 zukonstruieren, in der möglichst viele Probleme des modernen
1724 2120 2983 2220 Seit Jahren hat Friedrich Hofreiter schon seine gute, vor¬
2973 2127 3264 2211 Fritz Herz
302 2162 1642 2267 Ebe=, Gefühls= und Sinnenlebens angetippt werden und bei der
1652 2162 2956 2256 nehme und kluge Frau Genia betrogen. Sie weiß es, aber sie
2987 2192 3268 2260 Baumbac
308 2205 1638 2306 er so recht seine bewundernswerte Fertigkoit in der seinen inner¬
1645 2211 2975 2304 liebt ihn dennoch und läßt darum einen Verehrer in den Tod
2972 2234 3263 2308 das Aeußeren
309 2254 1633 2346 lich belebten Dialogführung, der plandernden, scheinbar fürchtbar
1641 2256 2971 2352 gehen. Und nun — das ist eines der feinsten Probleme, die
2973 2280 3268 2341 wandtes, un
301 2294 1634 2379 tiefsinnigen Lebensweisheit spielen und leuchten lassen kann.
1649 2305 2976 2382 Schnitzler aufgreift — steht dieser Tote zwischen beiden. Hof¬
2980 2324 3268 2384 Spiel über
301 2339 1640 2432 „Die Seele ist ein weites Land“, das ist das Motto, unter dem
1638 2345 2974 2429 reiter, der ausgemachte Genußmensch, für der alles und alle nur
2966 2368 3247 2428 Gestalten de
290 2379 1641 2479 Schnitzler die Lebenswege und Seelenschick ale einer ganzen Reihe
1644 2386 2974 2481 ausgemachte Instrumente für eine naive Selbstsucht sind, begreift
2971 2414 3262 2480 Schatten steh
286 2415 1638 2520 von Menschen in seinem „Drama“, das einen Ausschnitt aus dem
1635 2436 2968 2509 nicht, warum seine Frau ihm treu blieb und jenen in den
2977 2458 3254 2515 „Helden“ in
295 2472 1626 2567 moderen österreichischen Gesellschaftsleben gibt, vereinigt. Es
1642 2476 2969 2565 Tod zwang. Es wäre ihm eine Erleichterung gewesen, sie schul¬
2959 2494 3267 2567 der Frau
295 2525 1626 2611 ist das Thema von dem „weiten Land der Seele“ in dem sich die
1630 2517 2957 2602 dig zu wissen, schon zur Beruhigung seines bösen Gewissens; ist
2967 2545 3264 2601 zufeine Leist
297 2565 1635 2638 in allen Leidenschaften, in Haß und Liebe, Treue und Verrat
1630 2574 2969 2656 er doch gerade dabei, eine für ihn besonders reizvolle Blüte zu
2971 2588 3266 2645 die Darstellen
300 2602 1634 2705 schwankend und irre gewordenen Menschen nicht mehr zurecht
1630 2611 2967 2708 brechen, ein junges, frühreifes Mädchen, das er schon als Kind
2972 2635 3260 2693 Etwas wenige
294 2644 1632 2760 finden und das nun der Dichter in schier endlosen Pariationen
1628 2654 2955 2740 auf den Knien schankelte, und das sein bester Freund als Gattin
2963 2670 3255 2745 Genia ein ei
287 2681 842 2761 abwandelt und beleuchtet.
1626 2700 2965 2780 ersehnt. Während nun droben im Gebirg die junge und wilde Erna
2957 2719 3259 2784 der schwere u
374 2738 1611 2833 Die Psychologie, der Kult, der „Süßen Mädels“, war bis
1631 2739 2955 2818 Wahl sich ihm hingibt, nimmt unten seine Gattin — wars Rache
2962 2764 3256 2826 bieten ja kein
292 2777 1616 2879 jetzt Schnitzlers ureigenstes Gebiet. Seit neuerer Zeit hat er an¬
1633 2786 2956 2862 oder nur vage Sehnsucht und trostsuchendes Einsamkeitsgefühl?
2951 2812 3258 2872 natürliches
281 2832 1617 2911 gefangen, den Mann in den Vordergrund seiner philosophisch¬
1692 2831 2952 2918 die so oft freigestellte „Revanche“ mit einem blutjungen
2950 2855 3248 2921 und gewagte
283 2865 1606 2966 dramatischen Betrachtungen zu stellen und im „weiten Land“
1623 2867 2950 2965 Marinejähnrich. Und nun wird plötzlich — und das ist der Clon
2955 2898 3256 2959 reich ist, wen
286 2905 1615 3003 hat ihm dozu der Glühlichtfabrikant Friedrich Hofreiter gedient,
1620 2923 2947 3006 der Schnitzlerschen Tragikomödie — aus dem Ungetreuen aus
2950 2943 3254 3010 dann noch der
282 2948 1617 3057 in deisen ebenso weitem wie flachem Seelenland er jetzt nach
1630 2961 2950 3048 Protession der beleidigte und racheschnaubende Ehemann, der den
2946 2985 3244 3052 fähnrich des
282 3000 1619 3108 allerband tiefen Problemen und psychologisch=interessanten
1620 3007 2953 3095 Nebenbuhler brutal provoziert und im Duell über den Haufen
2943 3039 3251 3093 ferner noch a
279 3041 1609 3136 Leidenschaften schürft und gräbt. Ob es wirklich der Mühe wert
1629 3051 2940 3141 schießt. Warum? Aus einem Rückfall in die alte Konvention,
2951 3076 3258 3138 Kienscher
278 3083 1610 3177 war? Trotz der ebenso unmotivierten wie uunatürlichen, aber
1610 3081 2953 3173 von der er sich doch so ziemlich ganz losgesagt hat, aus plötzlich
2953 3112 3251 3188 als Bankier
278 3133 1605 3227 intereisont sein sollenden Pose im Schlußakt, wo der redselige
1616 3137 2940 3221 wiedererwachter Liebe zu seiner Frau, aus Eitelkeit, um nicht
2944 3166 3255 3225 Frau v. Aign
277 3168 1601 3274 Hofreiter auf einmal erklärt: „in mich sieht keiner hinein, keiner!“
1618 3188 2935 3272 „der Tumme“ zu sein, aus einer Lonne, die das primitivste Elc.
2940 3214 3244 3269 stattung war
274 3214 1608 3317 ist der Held und Glühlichtfabrikant in seiner Art ein ganz offener
1613 3232 2938 3320 ment dee Ewig=Männlichen geweckt hal? Von alledem wird ein
2937 3253 3248 3319 Akt von gute
264 3246 1609 3346 naiver Genußmensch, der alles nimmt, was sich seiner Selbst¬
1610 3270 2940 3360 bisschen angedentet, aber die Frage selbst wird offen gelassen. Und
2937 3296 3241 3354 war flott und
1610 3315 2933 3400 das gibt der Gestalt eben das schillernd Zwiespaltige. das an ihr
2928 3336 3242 3415 in das Stück
269 3306 2942 3467 sucht tietet und der alles herausschwätzt, was ihm durch Herz und j haftet und das dem aanen Stücke anbänat. Gewiß ist die Ge¬
