3248 4384
1870 265 2153 326 gen deklamirt.
1909 310 2629 390 Wenn man nun in Betrecht zieht, wie.
1868 366 2614 428 die neue Umgebung, die hinter ihm lie¬
1871 416 2621 480 gende anstrengende Regie=Arbeit auf
1869 449 2614 535 Korff's Nerven gewirkt haben, so wird
1871 498 2618 577 man seine Leistung umso mehr bewun¬
1875 557 2622 634 dern und dem Künstler zu dem großen
1878 602 2515 668 Siege, den er errungen, gratuliren. —
1905 653 2605 726 Arnold Korff als Regisseur — ent¬
1884 696 2610 770 schieden bei der Aufführung von „Das
1873 757 2611 810 weite Land“ sind seine Leistungen ebenso
1871 809 2612 868 bewundernswerth als die des Schauspie¬
1859 842 2615 919 lers Korff. Er scheint die Fähigkeit zu
1855 900 2617 967 besitzen, das was in dem Schauspieler
1865 949 2519 1016 steckt, herauszuholen und zu loecken.
1897 990 2613 1065 Wir kannten Anni Rub=Joenster als
1853 1026 2614 1107 eine liebenswürdige Darstellerin, aber
1868 1092 2611 1158 daß sie eine „Genia“ in so hervorragen¬
1868 1142 2615 1206 der Weise spielen würde, hätten wohl we¬
1864 1193 2610 1255 nige erwartet. Sie war eine vortreff¬
1867 1243 2609 1297 liche, eine würdige Partnerin des neuen
1868 1282 2612 1356 Sterns. — Die Aufgabe, die Gattin des
1865 1326 2604 1391 Schwerenöthers Hofreiter zu spielen, ist
1850 1369 2617 1459 recht schwierig. Genia wird gewisser¬
1858 1436 2607 1499 maßen von ihrem Gatten veranlaßt, sich
1855 1474 2606 1561 einen Liebhaber anzuschaffen; sie hat
1842 1527 2614 1596 allerlei „Rührendes“ zu sagen, das nur
1849 1581 2598 1649 zu leicht „sentimental“, im schlimmsten
1859 1626 2610 1694 Sinne des Wortes, wirken kann. — Die
1853 1680 2604 1759 Darstellerin vermied die Klippen — auch
1858 1720 2222 1798 sie wirkte natürlich.
1879 1758 2606 1842 Frl. Iphigenie Bachmann, ebenfalls
1849 1827 2597 1890 von der Hofburg, ein entzückendes Per¬
1854 1873 2593 1933 sönchen, fand Gelegenheit, sich als „Erna“
1856 1929 2601 1990 beim Publikum in bester Weise einzufüh¬
1843 1969 2593 2043 ren. Diese „Erna“ ist ein temperament¬
1851 2005 2591 2095 volles Mädchen, das den Hofreiter vom
1857 2072 2599 2139 siebenten Jahre an geliebt hat und ihm
1849 2115 2600 2187 sich schließlich hingiebt, um aber in der
1855 2163 2594 2246 „Schicksalsstunde“ von ihm zurückgewie¬
1853 2215 2191 2280 sen zu werden. —
1880 2254 2612 2333 Es ist noch eine größere Rolle in dem 1
1847 2311 2590 2400 Stück, die des biederen Dr. Franz Mauer,
1850 2362 2587 2433 des treuen Freundes des Don Juan's —
1848 2412 2591 2483 Richard Feist giebt diesen edlen Menschen
1845 2460 2222 2534 in trefflicher Weise.
1879 2520 2599 2583 Jeder einzelne Darsteller wurde seiner
1843 2543 2589 2630 Aufgabe gerecht; ich will daher die übrigen
1848 2608 2422 2672 Mitwirkenden alle erwähnen: —
1871 2656 2586 2721 Anna Meinhold=Aigner, Schauspielerin,
1849 2708 2579 2786 Grete Meyer; Otto, ihr Sohn, Marine¬
1849 2756 2582 2822 Fähnrich, Hans Unterkircher; Dr. v.
1846 2808 2581 2875 Aigner, der geschiedene Gatte der Frau
1835 2852 2580 2943 Meinhold, Ernst Holznagel; Frau Wahl,
1837 2897 2575 2979 Marie Kierschner; Gustav, ihr Sohn,
1839 2960 2580 3019 Gustav Paul Schuetz; Natter, Bankier,
1838 2986 2579 3071 Ernst Robert; Adele, seine Frau, Aranka
1834 3052 2580 3123 Eben; Serknitz, Heinrich Matthaes; De¬
1836 3103 2577 3172 meter Stanzides, Oberleutnant, Benn
1840 3151 2581 3204 Busoni; Paul Kreindl, Christian Rub;
1835 3189 2566 3261 Albertus Rhon, Schriftsteller, Ludwig
1828 3230 2571 3305 Koppee; Marie, seine Frau, Flora Arndt;
1837 3291 2577 3343 Rosenstock, Portier im Hotel am Völser,
1839 3343 2563 3398 Weiher, Willy Frey; eine Engländerin,
1829 3398 2563 3451 Iffi Engel; eine Spanierin, Helene Rothe;
1829 3443 2571 3523 Penn, Führer, Heinrich Falk; Stuben¬
1828 3492 2517 3546 mädchen bei Hofreiter, Selma Weber.
1865 3535 2565 3612 Wie gesagt, das Haus war vollständig
1837 3597 2570 3651 ausverkauft und das Publikum, welches
1831 3636 2558 3695 mit gespannter Aufmerksamkeit den Vor¬
1823 3681 2574 3748 gängen auf der Bühne folgte, überschüttete
1829 3728 2572 3792 den neuen Stern und die Mitwirkenden
1831 3764 2055 3830 mit Beifall.
1857 3820 2561 3897 Im Parkett sah es aus „wie zu Con¬
1814 3870 2564 3946 ried's besten Zeiten". Offenbar ist das
1826 3924 2560 3985 Interesse für das Deutsche Theater wie¬
1819 3964 2571 4043 der beim gesammten Deutschthum New
1817 4012 2361 4086 Yorks erwacht. — Glück auf!
2344 4064 2532 4135 J. Kr.
2133 4111 2350 4163 —
