3344 4320
1390 92 1849 183 box 28/4
282 93 1243 205 24. Das neite Land
1098 922 1307 992 Seite 18
1647 932 1971 999 Berliner Salon
2332 936 2488 1003 Nr 42
1064 1052 2533 1127 Ohne viel Überlegung, in blinder Aufwallung führt er die Katastrophe
1069 1118 2530 1185 fast wie einen Zufall herbei. Das ist echt wie das Leben, aber auf
1069 1168 2531 1217 der Bühne wollen wir alles, was uns im Leben als ein dummer
1059 1221 2528 1282 Zufall erscheint, motiviert haben, sonst glauben wir nicht daran, und
1073 1259 2536 1314 beshalb fehlt auch dem Schluß von Schnitzlers Dichtung die über¬
1072 1313 2535 1364 zeugende Kraft. Das Publikum folgte der Tragikomödie vom dritten
1073 1361 2529 1404 Akt an sehr aufmerksam, ja dieser dritte Akt, der in einem Alpen¬
1070 1413 2527 1474 hotel allerlei burleskes Leben auf die Bühne bringt, schien ihm sogar
1062 1475 2525 1530 am allerbesten zu gefallen. Im übrigen vermißte es die handfesten
1064 1514 2523 1583 Wirkungen, und als sie endlich kamen, wollte es ihnen, wie gesagt,
1071 1563 2527 1612 nicht so recht glauben. Deshalb hörte man auch über die Fülle
1059 1605 2532 1687 kluger Gedanken und tiefschauender Beobachtungen, die über fast alle
1070 1654 2538 1712 Szenen ausgeschüttet sind, mit halbem Widerstreben hinweg. Man
1067 1701 2538 1779 wollte Theater sehen und man hörte nur einen sinnenden Poeten
1071 1748 1874 1816 über Menschen und Dinge plaudern.
1167 1806 2530 1875 Die Aufführung im Lessing=Theater ist des höchsten Lobes würdig.
1065 1853 2530 1929 Es war ordentlich eine Freude, wieder einmal schlicht und wahr und
1066 1901 2531 1959 doch mit innerlichstem Temperament Komödie spielen zu sehen, nach
1062 1963 2529 2019 all der überhitzten und hysterischen Verlogenheit, die uns anderswo
1068 1999 2533 2059 für Kunst geboten wird. Heinz Monnard und Irene Triesch standen
1068 2057 2524 2104 stark und überragend im Vordergrund; dicht neben ihnen Hilde
1063 2103 2522 2173 Herterich in ihrer schönen und kräftigen Jugend. Aber auch Ilka
1065 2154 2527 2201 Grüning, Mathilde Sussin, Emanuel Reicher, Carl Forest, Willy
1057 2205 2519 2257 Froböse, Gustav Rickelt und all die anderen boten Vorzügliches.
1054 2257 2535 2304 Schon um dieser Darstellung willen möchte man der Dichtung einen
1052 2290 1808 2370 recht anhaltenden Erfolg wunschen.
1170 2390 2539 2486 „Büxl“ heißt die dreiaktige Komödie von Arno Holz und Oskar
1062 2454 2487 2529 Jerschke, die im Neuen Schauspielhause einen lebhaften Erfolg ge¬
1057 2503 2526 2556 funden hat. Sie verdankt ihn hauptsächlich ihren ersten zwei Akten,
1059 2562 2530 2626 die das Schicksal eines Mörders, in dem ein Bischen vom Hauptmann
1056 2612 2533 2657 von Köpenick steckt, mit kecker Laune und echt komödienhaftem Humor
1062 2644 2547 2728 behandeln. Im Schlußakt verliert sich dieser Humor in allzu possen¬
1050 2703 2538 2769 hafte Späße, aber das Publikum fand auch daran Gefallen. Heinz
1050 2762 2526 2823 Salfner gab dem Büxl den richtigen Zug von verwogener Genialität
1051 2812 2533 2861 und Erich Ziegel war als zungenfertiger Rechtsanwalt unendlich
1051 2848 2564 2937 komisch. Unter den übrigen Mitwirkenden müssen Erich Kaiser=Titz¬
1046 2903 2193 2955 und Paul Paaschen mit allen Ehren genannt werden.
2289 2911 2499 2970 M. S./
2257 2997 2601 3058 UNTBR DEN
984 3002 2611 3096 RUDOLF DRESSEL“ LInpeN 30.
977 3090 1472 3193 DEJEUNERS
1609 3091 1979 3185 DINERS
2170 3100 2570 3188 SOUPERS
1106 3168 1321 3248 M. 2.50
1621 3157 2618 3254 M. 5.50 u. 5.50 von M. 3.— (bis 12 Uhr)
1577 3230 2013 3321 TAFELMUSIK
1301 3300 2277 3384 Säle für größere und kleinere Gesellschaften.
