3392 4608
1334 159 1787 246 box 28/4
636 175 734 240 WG
212 179 1184 279 24. Das ite Land
493 993 835 1070 schnitt aus:
1088 963 1550 1121 ter Zeitung
580 1024 1111 1133 10 uniusth 1911
517 1133 628 1221 1
1806 1244 2973 1300 Technik brachte nach so #arkem Anteilnahmeheischen die Stim¬
1811 1278 2599 1338 mung des Publikums in Unsicherheit.
859 1279 1606 1401 Berliner Premièren.
1875 1332 2957 1397 Ein weites Land, die Seele des Mannes ... Es kann mei¬
1815 1359 2965 1423 nes Erachtens psychologisch nichts Folgerichtigeres geben, als
690 1394 1764 1464 Lessing=Theaier: „Das weite Land“, Tragikomödie in
1818 1403 2973 1473 das Verhalten dieses Ehemannes, der seiner Frau noch eben
1488 1448 1771 1513 Zirkus Schu¬
693 1447 1426 1516 fünf Akten von Arthur Samnler.
1819 1453 2966 1505 ihre sklavische Treue zum Vorwurf machte und nun ihren Lieb¬
846 1481 1605 1543 mann: Die Orestie des Arschylos.
1826 1491 2973 1547 haber unter dem Vorwand des Duelles mordet. Aber — das
1819 1530 2974 1591 Folgerichtige ist an sich noch nicht das Künstlerische. Mathe¬
989 1535 1470 1621 Von Ernst Heilborn.
1828 1563 2963 1621 matik ist für das Organische kein Maßstab. Man könnte und
1822 1602 2966 1661 man muß sagen: erst in der Verquickung logischen Geschehens
1284 1601 1757 1688 Berlin, 15. Oktober.
1814 1651 2961 1695 mit Willkürlichkeiten, erst in dem Durcheinander von Charak¬
1809 1678 2970 1739 terwollen und Schicksalsfügung ist dichterische Wahrheit. Nach
709 1668 1801 1741 Ein Dichter hat gesprochen. Kein Zweifel, daß Schnitz¬
1825 1716 2962 1775 der kühlen Technik des dritten Aktes aber verliert sich Schnitz¬
642 1719 1803 1787 lers neue Tragikomödie besser wäre, wenn sie weniger rich¬
1813 1760 2960 1813 ler in das psychologische Experiment. Und das wirkt hier um
643 1773 1606 1820 tig wäre. Sie ist auch so reich an sehr Gutem.
1826 1801 2973 1865 so peinlicher, als es Sektion am wahrhaft Lebenden bedeutet.
719 1787 1807 1869 Nun findet sich eine oberflächliche Gesellschaft zusammen,
656 1836 1806 1892 und oberflächlich sind die Worte, die man wechselt. Das schein¬
1869 1847 2966 1900 Anstelle psychologischer Seelenmalerei bringen die beiden
659 1889 1802 1929 bar gleichgültige Gespräch aber enthüllt: innere Erlebnisse tun¬
1826 1880 2961 1943 Schlußakte psychologische Demonstration, ja — psychologisches
652 1923 1808 1977 sich kund und rühren ans Herz, ein lachendes Wort verbirgt
1819 1928 2960 1982 Theater. Es kommt zu einer Seene, in der der Ehemann —
654 1961 1798 2020 und offenbart die stillen Leiden langer Jahre, was zwei Men¬
1821 1956 2976 2020 wir wissens wohl, er ist tief in seinem Innersten ein brutaler
650 1997 1803 2052 schen, die die Ehe verband und veruneinigte, im Wechsel der
1824 2011 1985 2066 Bursche
1973 2010 2973 2056 —, einem seiner Freunde ganz heiter zynisch erzählt,
655 2042 1798 2089 seelischen Jahreszeiten an sich und an einander erfahren, teilt
1819 2043 2966 2101 wie er sich von der Untreue seiner Frau Gewißheit verschaffte
652 2076 1802 2132 sich in lautlosem Flüstern mit. Ein Meister des Dialogs hat
1823 2086 2976 2142 und wie er sich dabei benahm. Um gleich darauf zu Forderung
647 2116 1805 2171 diese Cingangsakte geschrieben, der, wie der moderne Maler
1822 2125 2966 2175 des Liebhabers und dem Duell zu schreiten! Ja, ist sich
652 2158 1805 2210 sein Bild durch die Rahzienschneidung der Figuren verlebendigt,
1816 2153 2968 2211 Schnitzler nicht bewußt, daß er mit solchem seelischen Exhibi¬
658 2196 1816 2246 dem Gespräch durch die kecke Unterbrechung den Nachhall
1816 2202 2962 2248 tionismus nicht nur in die Charakteristik verwischend eingreift,
656 2235 1808 2284 sichert. Ein Meister der Stimmungskunft hat hinter dem
1824 2238 2973 2287 sondern auch die Grenze des gesellschaftlich und menschlich !
652 2272 1813 2325 Spiel weicher Melodien die harten Dissonanzen des Lebens
1819 2279 2965 2329 Wahrscheinlichen überschreitet? Seltsam! seltsam! es ist als
646 2314 1006 2366 fühlbar gemacht.
1822 2322 2974 2369 hätte Schnitzler selbst im Forigang des Dramas das Verhält¬
707 2348 1807 2400 Dieser Mann und diese Frau haben einander geliebt, und
1810 2349 2965 2414 nis zu seinen Gestalten verloren, als hätte er sich aus einem
648 2387 1803 2435 er ist untreu geworden; aus Temperamentsüberschuß, oder
1819 2386 2969 2451 Liebenden in einen Gleichgültigen, vielleicht in einen Hasser
655 2421 1810 2488 weil das herannahende Alter erlehnisgierig machte, oder viel¬
1820 2421 2970 2481 verwandelt. Es gibt aber keine Dichtung ohne Liebe. Das
653 2468 1797 2511 leicht auch nur, weil er eine brutale Natur ist. Sie, die ihn
1824 2465 2962 2524 Ehebruchsdrama „Das weite Land“ hat ein seinen Gestalten
656 2506 1802 2550 liebte und liebt, hat es getragen. Die Versuchung trat auch
1822 2517 2965 2563 gegenüber selbst ehebrecherischer Dichter geschrieben. Aber, ich
647 2536 1814 2588 an sie heran, aber sie wies sie ab. Aus Treue gegen den¬
1815 2550 2961 2615 wiederhole es, ein Dichter, und einer, der zu unsern Seelen
656 2579 1815 2621 Untreuen? Wohl mehr aus Treue gegen sich selbst. Der an¬
1819 2591 1977 2644 spricht.
648 2611 1818 2658 dere aber, der um sie vergeblich geworben, ging in den Tod.
1873 2607 2962 2678 Die Figur des Ehemannes in ihrer eigenen Mischung ele¬
646 2654 1813 2698 Und wie aus dieser Stimmungsmalerei heraus gibt Schnitz¬
1826 2659 2970 2720 gischen Empfindens und brutaler Instinkte forderte vielleicht
650 2687 1800 2746 ler die verwegene, starke Szene: der ewig untreue Mann
1823 2705 2970 2755 vor allem den künstlerischen Darsteller. Herr Monnard
658 2723 1811 2776 mit den Lebemannsallüren macht es seiner Frau zum Vor¬
1823 2740 2967 2795 zog sie ins schauspielerisch Banale und ins menschlich Unfeine
652 2778 1799 2829 wurf, daß sie seinen Freund in den Tod getrieben, nur um
1828 2788 2969 2837 hinab. Sehe ich von diesem Mißlingen, das freilich folgen¬
651 2802 1800 2863 des bißchen Scham und Aengstlichkeit willen. Es wäre ihm
1826 2822 2975 2886 schwer war, und der etwas gespreizten Darbietung des Frl.
639 2843 1351 2905 eine Genugtuung, wäre sie wie er.
1831 2866 2972 2910 Sussin ab, so war die Aufführung des Lessingthea¬
713 2865 1799 2934 Das macht den Ausschlag. Es fehlt der Frau nicht an
1824 2888 2973 2949 ters in sich künstlerisch reich. Frau Triesch erschien nach
655 2915 1801 2973 einem neuen Liebhaber, und diesmal gibt sie sich hin. Der
1814 2935 2976 2985 langer Zeit zum erstenmal wieder auf der Bühne, und es war,
654 2960 1807 3012 Mann bekommt davon Kunde, er überzeugt sich von dem Fehl¬
1810 2969 2977 3028 als vergegenwärtigte ihr Spiel an einer das unendliche Leid
640 2989 1813 3054 tritt, er sieht den Liebhaber nächtens aus ihrem Fenster stei¬
1811 3012 2969 3056 der vielen Schwestern, an denen Männerleichtsinn zum Ver¬
656 3039 1809 3091 gen und rührt sich nicht. Tags darauf aber wirft er ihm eine
1814 3045 2969 3102 brecher wird. In Hingabe und Abwehr blieb sie gleich seelen¬
657 3073 1813 3141 Beleidigung ins Gesicht, er erzwingt das Duell, er schießt ihn
1820 3084 2964 3146 voll. Mit feinen und durchgeistigten Leistungen standen ihr
641 3117 1648 3171 nieder. Die Seele des Mannes ist ein weites Land.
1823 3126 2972 3184 Frl. Herterich, die Herren Stieler, Reicher, Marr
715 3129 1801 3197 Zwischen den beiden Eingangsakten und diesen zwei ab¬
1824 3154 2974 3227 zur Seite. In launiger Karikaturistik durften die Herren
653 3196 1805 3241 schließenden Aufzügen steht der Mittelakt, der episodisch aus¬
1821 3192 2977 3274 Forest und Ziener gefallen. In einer kleinen Episoden¬
652 3225 1799 3284 holt. Ein Alpenhotel mit allem was drum und drau hängt,
1817 3250 2903 3301 rolle lenkte Herr Froböse die Aufmerksamkeit auf sich.
643 3264 1801 3317 lustig und geistreich geschildert. Der Ehemann verführt mal
1973 3299 2965 3349 — Ueber die Reinhardtsche Inszenierung der
656 3305 1809 3355 wieder ein junges Mädchen. Schnitzler selbst ruht sich, nach¬
1819 3328 2978 3398 „Orestie“ nur wenige andeutende Worte. Galt es Schnitz¬
658 3344 1807 3400 dem er innere Erlebnisse so stimmungsstark gestaltet, bei seiner
648 3365 3012 3447 gesicherten Technik aus. Mertwürdig nur: diese gesicherte 1 ker gegenüber das Irrationelle in der Kunst zu ketenen, so 18
