3344 4352
675 181 751 233 W
251 170 1225 270 24. DaS
1383 174 1834 253 box 29//4
2214 303 2915 452 Aocas sehsversenadun
2436 406 2740 527 E. 2.
2105 534 2971 606 babiirvs orurseni: FPIrUnolAussesum-AUno
2103 578 2967 672 BERLIN SO 16, RUNGESTRASSE 22-24
2003 650 3020 752 Bearbeitet die deutsche und ausländische Presse auch auf Inserate.
2009 683 3027 787 Liefert Listen über geplante Bauten aller Art. Geschäftseröffnungen.
2350 739 2672 806 Festlichkeiten usw.
2112 827 2919 978 Rostocker Anzeiger
2411 936 2588 988 Rostock
2263 962 2797 1077 ascG 0ARBR
2047 1127 2954 1250 Rostocker Stadttheater.
2258 1245 2728 1318 Das weite Land.
2001 1305 2988 1378 Tragikomödie in 5 Akten von Arthur Schnitzler.
2010 1372 3021 1435 Schnitzler hat in diesem Jahr seinen 60. Geburts¬
1962 1427 3014 1457 tag gefeiert und darum sprach der Spielleiter Herr
1963 1463 3010 1517 Donadt von Beginn des Spiels über den Dichter
1964 1497 3026 1563 und sein Werk. Er traf das Eigentliche und gab das
1952 1538 2168 1593 Richtige.
2023 1580 3028 1646 Schnitzlers, „Das weite Land“ ist halb Leben“
1961 1631 3008 1687 und halb Betrachten. Eins bricht das andere. Zum
1958 1678 3013 1729 rein Tragischen sind diese Menschen des Salons nicht
1963 1713 3018 1765 ursprünglich, bewegt=leidenschaftlich genug, zur Ko¬
1952 1756 3023 1807 mödie fehlt ihnen der leichte sprudelnde Frohsinn.
1963 1779 3025 1846 Sie sind zu klug und haben zu viel Psychologie.
1952 1829 3013 1881 Sich selbst nehmen sie nicht mehr ernst, aber vor den
1964 1868 3017 1921 andern suchen sie den Ernst, halb feierlich und halb
1956 1909 3015 1966 überlegen, zu wahren. Nur ihr Verstand ist weit,
1964 1951 3021 1993 aber ohne Tiefe, denn sie kennen nur die Welt, soweit
1958 1994 3014 2044 sie Gesellschaft ist, an allen andern Kräften ist ihre
1959 2026 3011 2082 Seele arm. Die Menschen sind Knäuel, nicht aus
1958 2076 3011 2122 einem starken Faden geschlungen, vielmehr aus bun¬
1957 2111 2999 2157 ten Fädchen zusammengewirrt. Und nun ergreift
1952 2146 3011 2213 mit kühlem Bedacht, mit leiser Ironie der Dichter
1958 2182 3004 2240 spielend bald dies, bald jenes Fädchen und spinnt
1950 2238 3002 2283 ein Gewebe, das anzieht, weil es dem Psychologen
1954 2261 3004 2319 interessant ist, das aber nicht ergreift und Staunen
1948 2306 3006 2358 weckt, weil seine Farbe das graue Einerlei des
1943 2343 3013 2394 modischen Gesellschaftslebens ist. Nicht das packende
1942 2390 3005 2437 Leben erfahren wir, wir sind nur Hörer von Dialo¬
1952 2418 3001 2469 gen über selische Regungen. Schnitzler ist Arzt und
1947 2464 3005 2503 anatomisiert seinen Gegenstand, die Seele. Nur das
1942 2502 3009 2561 überlegene Wissen um ihr Selbst gibt den Menschen
1949 2535 3006 2614 die Haltung; „In uns zog nie ein Selbstvergessen
1948 2583 2060 2633 ein
2252 2585 3003 2645 Und um sie das gepflegte Milieu:
1944 2609 3007 2676 der feine Garten mit den prächtigen, duftlosen Blu¬
1939 2667 3015 2734 men, das moderne Hotel, der vornehme Sakon. Diese
1947 2706 3022 2743 Umwelt ist notwendiges Zubehör, und Herr Do¬
1944 2740 3032 2797 nadt hatte mit den Mitteln unseres Theaters
1946 2788 3021 2844 getan, was möglich war. Besonders der Hintergrund
1948 2822 3015 2886 des Gartens und der Salon im letzten Akt konnten¬
1951 2854 2163 2922 gefallen.
2004 2907 3006 2976 Die Mischung von überlegenem Wissen und letzten
1939 2939 3025 3014 Resten menschlich lebendiger Ursprüngsichkeit zu
1944 2984 3004 3048 spielen, ist ein schwieriges Unternehmen. Der Fried¬
1942 3021 3003 3075 rich Hofreiter des Herrn Langewisch und die
1936 3058 3002 3125 Genia des Frl. Ilsche stellten ihre Rollen trefflich
1942 3099 3016 3164 dar, so weit sie bewußt Wissende waren. Im Hotel
1940 3148 3002 3204 hätte ich den Hofreiter im Spiel mit der Erna mehr
1928 3185 3009 3246 dringlich=triebhafter sehen mögen und am Ende etwas
1932 3228 3009 3285 wenig ergriffen pathetisch. Frl. Ilsche führte ihr
1934 3269 2995 3325 Spiel einheitlich durch, sie hätte es noch wirksamer
1935 3308 2994 3349 im Sinne Schnitzlers gemacht, wenn sie das rührend
1935 3340 2997 3383 Menschlich=Weibliche mehr zugunsten des starr Be¬
1941 3382 3002 3433 wußten hintangestellt hätte. Sie liebt ihren Mann,
1939 3430 3004 3465 und ihre Liebe zu dem Fähndrich ist nur ein Spiel
1939 3471 2999 3518 zu dem Herzen ihres Gatten hin. Ist der Genia
1926 3505 2990 3546 Herz wirklich so leidenschaftlich bemegt um den farb¬
1931 3544 2989 3601 losen, mehr als jugendlichen Otto des Herrn
1938 3585 2997 3620 Weiße? Restlos überzenaten die Adele der Erna¬
1938 3625 2990 3671 Braune und die Frau Wahl der Ella Heiderich¬
1930 3646 2992 3724 und vor allem die treffliche Erna Wahl der Edith¬
1931 3695 3007 3760 Merten. Viel berechtiate Heiterkeit lösten die Ko¬
1935 3745 2990 3795 mik des Schriftstellers Rhon, den Henry Vahl gab,
1929 3788 2997 3840 und des Dr. Meyer aus. den Herr Marlow spielte.
1929 3816 2996 3881 Und seine Freude mußte jeder haben an dem richtigen
1934 3860 2985 3913 Schnitzlerschen Menschen Albert Rucks, der den
1930 3904 2982 3957 Dr. von Aigner darstellte und der in mehr als
1935 3942 2742 4006 einem Punkt von seiner Gattin abstach.
2741 3958 2960 4037 Dr. Kz.
2647 4092 3037 4164 n B
3026 335 3095 421 7
