3392 4320
1352 166 1831 263 box 28/2
650 192 724 247 W0
502 190 596 248 à
1058 184 1145 245 n
229 177 1216 285 24. Las Leite Las
2495 476 2969 577 DIE BUHNE
501 570 1283 652 Die Rolle des Hoteldirektors Doktor
1280 579 2105 664 Première wurde dann für Jänner 1911
2110 579 2929 668 wieder, wo und wann er nur kann. Es
447 645 1275 709 von Aigner war mit Ernst Hartmann
1292 654 2102 703 angesetzt — doch damals war es schon
2111 651 2933 726 ist ein Vergnügen, zu sehen, wie er
460 700 1278 757 besetzt, der auf den bereits stark fort¬
1292 703 2102 775 über ein Vierteljahr, daß Josef Kainz
2104 704 2932 756 ihrem verborgensten Wesen immer
453 746 1281 807 geschrittenen Proben das helle Entzücken
1292 747 1677 815 begraben wurde.
2108 742 2936 811 näher kommt und von Mal zu Mal an
1325 788 2107 858 Am gleichen Tage wie die Wiener
456 803 1284 864 des Dichters hervorgerufen hatte. Der
2102 800 2936 874 ihr neue, ungeahnte Seiten entdeckt. Es
463 838 1281 905 Premièrentag, der 14. Oktober, war ein
1286 847 2107 911 Première ging das Stück auch in Berlin
2109 849 2931 920 ist einer der Lieblingsgedanken Korffs,
456 882 1280 958 Samstag, Am 11., dem unmittelbar vor¬
1280 899 2105 960 und einigen anderen deutschen Städten
2115 905 2939 972 einmal den Hofreiter in Amerika englisch
460 944 1282 998 angehenden Mittwoch, betritt der Dich¬
1278 946 2102 1007 in Szene — überall mit starkem Erfolg,
2109 949 2930 1004 zu spielen und sicherlich wird es nicht
1289 1001 2111 1059 wenn sich auch manchenorts eine wackere
460 1002 1278 1060 ter das Theater, geht auf die Probe,
2111 995 2932 1052 lange dauern, bis er diesen Wunsch
1289 1038 2110 1108 Kritik in den üblichen Plattheiten wie
464 1050 1274 1108 wo gerade der zweite Akt durchprobiert
2110 1041 2926 1126 wird in die Tat umsetzen können. Auch
448 1096 1276 1158 wird und sieht — Devrient oben ste¬
1292 1089 2114 1171 „eine verfaulte Welt“ u. a. m. erging
2114 1095 2936 1159 in anderen Ländern soll „Das weite
462 1142 1275 1206 hen, der in dem Stücke nicht beschäf¬
1291 1151 2106 1209 und an den tiefen Schönheiten des
2109 1141 2934 1221 Land“ bald über die Bühne gehen;
1289 1186 2113 1270 Werkes absichtlich oder aus Unverstand
446 1195 1277 1249 #tigt war, in der Hand das Rollenheft
2115 1200 2921 1268 Ubersetzungen in fremde Sprachen lie¬
1289 1238 1515 1316 vorbeisah.
448 1231 1288 1311 des Doktors von Aigner, welches gestern
2116 1245 2449 1319 gen schon vor.
1339 1275 2109 1344 Während des Krieges wurde „Das
455 1295 1283 1349 noch in Hartmanns Besitz gewesen war.
2155 1281 2925 1369 Im Schaffen Arthur Schnitzlers nimmt
451 1336 1278 1406 Seine erstaunte Frage wird dahin be¬
1288 1344 2113 1412 weite Land“ weniger häufig aufgeführt.
2108 1353 2921 1411 „Das weite Land“ unbedingt eine zen¬
456 1389 1281 1453 antwortet, daß Hartmann in der Nacht
1287 1395 2103 1464 Korff, dessen Hofreiter zu den stärksten
2105 1391 2935 1461 trale Stellung ein. Es bedeutet einen
457 1443 1285 1501 plötzlich gestorben sei und da die Pre¬
1289 1441 2104 1493 und großartigsten Leistungen des Künst¬
2114 1452 2936 1516 Abschied und ein Beginnen. Der Duft
459 1496 1274 1559 mière am Samstag stattfinde, müsse man
1290 1490 2102 1557 lers gehört, ja vielleicht sogar einen
2111 1497 2926 1555 von Melancholie, den es wie ein süßes
457 1551 1276 1603 doch... Und man probierte weiter und
1289 1538 2104 1609 Gipfel der Darstellungskunst überhaupt
2110 1547 2932 1616 Gift verbreitet — er gilt vielleicht dem
1283 1581 2104 1654 bedeutet, war aus dem Burgtheater ge¬
462 1589 1281 1668 das Gestern galt nicht mehr vor dem
2104 1595 2929 1659 weiten Land der Jugend, dem der Dichter
454 1639 696 1715 Heute
1291 1634 2100 1698 schieden und die Rolle kam an Harry
2117 1641 2929 1710 in diesem Stücke wehmütig Lebewohl sagt.
502 1684 1290 1754 Nach den ursprünglichen Absichten
1293 1691 2105 1752 Walden. Wenn ihm auch die österrei¬
2106 1693 2931 1762 Schnitzlers feinsinniger Biograph, Ri¬
458 1735 1280 1811 Schnitzlers und Bergers sollte Kainz den
1282 1738 2100 1805 chische Note für diese Gestalt fehlte,
2106 1747 2930 1815 chard Specht, führt dies näher aus und
447 1788 1287 1862 Hofreiter spielen. Als das Stück — 1910
1289 1786 2111 1850 so war er doch auch ein wundervoller,
2104 1792 2938 1853 meint, daß der unwiderstehliche Reiz
484 1838 1272 1903 — fertig war, las es der Künstler auch
1285 1842 2110 1903 nobler Hofreiter und spielte ihn mit
2103 1844 2925 1903 des Stückes darin liege, daß man die
1290 1888 2106 1951 der bezaubernden Liebenswürdigkeit, die
463 1891 1275 1957 tatsächlich als einer der ersten. Mit
2106 1892 2934 1954 Schwermut des Dichters selber spürt,
1286 1945 2058 2009 ihm in so reichem Maße eigen war.
452 1941 1283 2002 jugendlichem Feuer und tiefem Interesse
2115 1946 2930 2005 der die Trauer und das Bangen des
1332 1984 2099 2048 In den letzten Jahren ist das Stück
2110 1979 2928 2058 Alters nahe fühlt. „Eine geniale Meister¬
465 1989 1283 2050 sprach er über die Rolle mit dem
1281 2028 2103 2109 in Berlin dank Korffs Bemühungen oft
456 2039 1280 2097 Dichter, der ihn mit Otto Brahm auf
2112 2041 2930 2093 hand hat in dieser Komödie ein packen¬
457 2083 1273 2151 dem Semmering besuchte, wo Kainz,
1278 2084 2112 2158 gegeben worden, an den verschiedensten
2109 2086 2936 2160 des Gesellschaftsbild entworfen; der
457 2129 1279 2209 bereits ein Totgezeichneter, in der Hoff¬
1280 2134 2107 2201 Theatern; die Rolle ist ihm sehr ans
2108 2134 2936 2195 Dichter nimmt für niemanden Partei — er
458 2186 2110 2253 nung, Genesung zu finden, weilte. Die Herz gewachsen und er spielt sie immer
2114 2191 2927 2253 sieht zu, sagt, stellt fest und — schweigt.“
457 2239 2931 2326 Mitsuaiinemmmnniinmmmmmnammmmmmmmmmmmnmmmmmmmmmnmmmmmmmmeianchnimmntmmmmmmnmnmmmnmmmmnmmmimmmmmmnmnmmmmmmmmmntmmmmmmmmnmmnmmmmmmmnmmmnnmnmnmumtnummmmmmmmimmmnummmmnnmmmmmmtnnim
2104 2292 2934 2372 der Bühne, ruhig und in sich selbst ge¬
2113 2354 2937 2399 festigt mit imposanter Sicherheit dahin,
2112 2399 2931 2452 dem Geiste der antiken Tragödie innig
459 2299 2108 2502 HIEDWIC BLEIBTREU ∆O LAIIRE. SCHAUSPIELERIN
2111 2434 2930 2500 verwandt, wie dem zarten, geisterhaften
2116 2470 2935 2536 Hauch des lbsenschen Seelendramas
2109 2507 2943 2565 und dem modernen Theaterstück, das
495 2510 1289 2582 Gleichzeitig mit dem Jubiläum der
1280 2499 2099 2585 glockenklaren, ernsten Tönen, ist Hed¬
2117 2547 2942 2605 an den Ablängen der deutschen Schöpfer¬
461 2548 1295 2624 vierzigjährigen Angehörigkeit des Schau¬
1289 2568 2108 2620 wig Bleibtreu doch die zeitlose Schau¬
2107 2591 2934 2656 kraft sein bescheideneres Dasein lebt.
460 2602 1285 2651 spielers Georg Reimers zum Burgtheater
1290 2609 2109 2670 spielerin, wahrhaft in ihrem Wesen, eine
2111 2628 2936 2668 Unvergeßlich ihre Shakespearesche Er¬
464 2638 1289 2698 ist ein anderes Jubiläum anzusetzen:
2117 2664 2936 2723 scheinung, unvergeßlich ihre Weibschaft
456 2684 1296 2751 ledwig Bleibtreu ist vor vierzig Jahren
2109 2708 2927 2757 aus den Fjorden, unvergeßlich ihre
457 2721 1034 2794 zum Theater gegangen..
2113 2739 2929 2800 „Frau Suitner“, in der Tragödie einer
493 2761 1290 2832 Als Kind eines Schauspielers und einer
2118 2781 2939 2830 bäuerlichen Ehegefährtin, die an den
466 2814 1288 2866 Schauspielerin echtem Theaterblut ent¬
2112 2820 2933 2874 Trümmern des versinkenden Ehehimmels
461 2855 1292 2907 sprossen, kam Hedwig Bleibtreu 1892 als
2122 2858 2938 2922 steht und der glücklicheren Nachfolgerin
461 2895 1295 2944 Mitglied eines Münehner Ensembles nach
2118 2900 2940 2957 Platz macht. Eine lange Reihe großer,
471 2932 1290 2991 Wien, das im Carl-Theater Anzengruber
2111 2931 2932 2992 in ihrem Schmerz wie in ihrer Lebens¬
470 2973 1283 3020 und andere volkstümliche Stücke spielte.
2112 2975 2946 3025 freude gleich erschütternder Gestalten
462 3016 1287 3059 Burckhardt entdeckte ihr Talent und
2122 3019 2929 3063 zieht an dem sich erinnernden Auge
457 3053 1294 3104 brachte sie ans Burgtheater, dem sie seit
2119 3053 2941 3111 vorbei, von einer unerhört edlen, fast
466 3088 1297 3147 den Tagen dieser Direktion angehört.
2113 3094 2934 3149 traurigen Musik umflossen, doch stumm
462 3125 1296 3185 Hedwig Bleibtreu und die große Zeit des
2112 3135 2939 3205 in bezug auf das Letzte und Tiefste, das
471 3173 1292 3218 Wiener Burgtheaters sind unzertrenn¬
2109 3169 2704 3230 ein Menschenherz empfinder.
466 3216 1294 3263 liche Erscheinungen. Über ihren ersten
2149 3206 2934 3258 Hedwig Bleibtreu ist gleichsam die
465 3241 1286 3296 Burgtheaterjahren lag der weithin rei¬
2112 3243 2931 3316 Wagnersängerin des deutschen Dramas.
460 3280 1294 3344 chende Schatten der Wolter; neben die¬
2144 3285 2944 3342 Eingeprägt in das Herz der Jugend
464 3317 1298 3372 ser Frau erkämpfte sie sich zäh, aber
2104 3312 2941 3367 bleibt ihre wundervolle Art zu sprechen,
470 3368 1291 3418 mit wachsender Kraft ihren Platz an der
2123 3360 2942 3431 dieses große, ernste Flügelrauschen der
472 3399 1290 3447 Sonne, und während das eine mächtige
2120 3402 2927 3450 Tragödie, die ihre Schwingen hebt, um
472 3439 1281 3494 Gestirn vom Burgtheaterhimmel ver¬
2119 3437 2931 3497 in fernen, vom Golde der sinkenden
464 3460 1298 3533 schwand, stieg bald das andere mit fas¬
2113 3482 2934 3546 Sonne überfluteten Horizonten zu ver¬
470 3520 1291 3564 zinierendem Glanz, gleichwohl mit sei¬
465 3549 1284 3607 nem eigenen Licht empor. Am Grabe der
2145 3527 2930 3601 ehochen eilt Hedwig Bleibtreu mitten
466 3594 1294 3653 einen Heroine erstand bald die andere.
2112 3595 2934 3646 unter uns: eine Idealgestalt des alten
467 3626 1292 3686 hoheitsvoll, durch den metallischen und
2110 3629 2935 3691 Burgtheaters und seiner unversiegbaren
462 3662 1292 3726 edlen Klang ihres Organes, ihre impo¬
2116 3671 2926 3735 Kraft, eine Stütze der größten und ver¬
470 3707 1279 3759 sante Erscheinung und ihre gemessene.
2111 3702 2936 3770 chrungswürdigsten deutschen Bühne.
468 3746 1284 3794 überzeugende Geste alles fortreißend.
2119 3748 2941 3804 Hüterin des Hortes und der heiligen
471 3780 1289 3849 was sich sublimer und reinster Kunst
2120 3788 2927 3849 Flamme, sei uns ehrerbietig gegrüßt am
474 3818 840 3885 verwandt fühlte.
2116 3818 2941 3879 Tage. da sich das vierte Jahrzehnt deines
1298 3798 2101 3886 überragende Frau von reinster Theater¬
2117 3871 2936 3926 schauspielerischen Wirkens vollendet ...!
1290 3859 2118 3923 kultur. An der Gemarkung dreier großer
503 3849 1300 3919 Obschon die klassische Tragödin in
2756 3906 2897 3966 h. 1.
467 3910 2098 3965 ihrem Schreiten und Schauen und ihren Epochen wandelt sie, eine Somnambule
