3392 4320
665 125 742 203 W
1375 151 1835 245 box 28/5
258 128 1227 247 24. Das Seite Land
403 1058 1110 1160 —
396 1145 1576 1210 Wem es nach den Vierkommerssticheleien und dem kon¬
2754 1145 3330 1215 Und doch darf man sich des
1660 1140 2755 1223 Ich habe mich ohne Zandern für Schnitzler entschie¬
396 1191 1576 1253 fusen Pathos des „Wolkenkukusheim“ noch nicht voll¬
2757 1195 3332 1267 bedenkt, daß das Stück wel
1586 1197 2757 1261 den, und habe es nicht bereut, wenn auch die seelischen
392 1235 1580 1309 kommen rätselhaft war, was einzelne Leute dazu ver¬
2754 1242 3338 1307 Menschen aus Fleisch und A
1583 1252 2745 1314 Feinheiten, die ja bei Schnitzler nie ganz ausbleiben kön¬
390 1279 1576 1351 anlaßt, Josef Ruederer als den Münchener pocta laures¬
2752 1299 3316 1350 Akte zu Hampelmännern !
1591 1292 2750 1362 nen, diesmal nur wie verkrochene Glühwürmchen durch
382 1336 1568 1406 tus hinzustellen, der mußte es wohl nach diesem Schmied¬
2748 1346 3332 1410 Blumenthals Sentimentalisch
1586 1351 2752 1409 das Dickicht von mühselig konstruierten Weldungen und
393 1374 1582 1456 unfug merken, daß hier rätselhafte Gewalten — weiß Gott,
2752 1396 3327 1472 hahnebüchene Philisterlustig
1580 1396 2751 1454 stark sadenscheiniger Theatralik hiduechglitzerten. Ettlingers
394 1432 1574 1493 warum — ein Piedestal mauerten, für das ihnen die
2752 1449 3328 1517 sichtliche Siegeszug der „H
1586 1445 2751 1514 „Hydra“ entfesselte auch bei der dritten Aufführung noch
396 1487 1579 1555 krönende Kolossahigur während der Arbeit abhanden ge¬
2761 1492 3328 1567 beinahe wie eine Kulturtat.
1580 1484 2762 1557 dieselben Lachstürme, die man, zumeist ohne sich was zu
381 1534 616 1601 kommen.
2850 1551 3332 1612 Allein: warum soll i
1586 1545 2754 1606 vergeben, mit stillem Schmunzeln mitfeiern durfte. Die
481 1569 1576 1656 Nie haben Bauern solch papiernes Primanerdeutsch
2757 1584 3317 1673 und Kadelburg denken?..
1579 1596 2756 1654 „Hydra“, das ist das Publikum, das zu, besiegen, mit
399 1628 1582 1705 deklamiert, nie ist mit so viel Pathos so wenig gesagt
1583 1643 2757 1699 Schiller und Ibsen zu besiegen, der unverbesserliche
394 1679 1580 1751 worden, niemals waren die Unterdrücker eines Volkes nur
1585 1672 2762 1746 Idealist Hans Lindt, Mitdirektor des Goethetheaters, sich
387 1732 1576 1801 Säufer und weiter nichts, und die Unterdrückten aus¬
2838 1710 3311 1806 Noch etwas ereignete s
1572 1737 2761 1810 in den Kopf gesetzt hat. Vergebens bettelt sein Sozius und
391 1775 1571 1852 schließlich Freiheitsschwärmer. So wenig die abgelegten
2752 1783 3312 1844 Herbstmonats in der von
1579 1779 2762 1852 Geldgeber um nur ein eineiges zotiges Schwänkchen zu¬
401 1831 1573 1897 Maitressen eutthronter Herrscher verzückt in die feindlichen
2751 1837 3330 1909 verlassenen Stadt München
1570 1821 2761 1893 gunsten seiner Börse; „nur über meine Leiche“, erklärt
392 1882 1569 1952 Bajonette marschieren und zu Tode gehetzte Soldaten sich
2843 1879 3305 1950 „Ein Kind ward hier
1571 1890 2762 1951 der Idealist. Da schlägt sich seine Freundin, die es satt
388 1919 1571 2006 drei volle Stunden lang mit dem Herdeklamieren einer
2759 1914 3332 2013 Hans Sachs in den „Meist
1578 1932 2763 2000 ist, immer nur intellektuelle Heldinnen zu spielen und auch
2837 1983 3330 2058 Ein Kind, das neun
386 1971 1578 2048 Fünfzehn=Bogen=Rolle abgeben, ehe sie als melodrama¬
1583 1983 2754 2043 ihre körperlichen Vorzüge gewürdigt wissen möchte, zur
392 2029 1569 2084 tische Schlußpointe entseelt in Mütterchens Arme sinken.
2754 2010 3327 2099 sein Dasein gerungen un
1584 2042 2752 2102 gegnerischen Partei; und siehe dat im dritten Akt werden
394 2084 1566 2150 Derlei Dichtungen schreien nach dem Rotstift des Gym¬
2754 2070 3327 2152 längst aufgegeben worden
1579 2084 2753 2152 im Goethetheater nur mehr Possen gespielt; die ehemalige
394 2120 1577 2211 nasiallehrers und der Zensur „ungenügend“. Kritik ist an
2746 2130 3322 2204 auf sicheren Füßen und b
1573 2135 2752 2189 Ibsendarstellerin erscheint im Trikot bis über die Ohren,
397 2167 1227 2242 Arbeiten dieses Schlages nicht zu üben.
2750 2176 3326 2239 Wege, der reich an reizvol
1578 2173 2749 2232 der Idealist besitzt ein herrliches Auto, eine noch herr¬
480 2208 1578 2287 Das empfand — nachträglich — wohl auch die Direk¬
2743 2225 3325 2293 mehr problematisch erscheint
1572 2234 2746 2296 lichere Villa, hält die Kunst nicht mehr für eine Göttin,
399 2262 1573 2352 tion des Schauspielhauses und beeilte sich, die Scharte so
2836 2278 3318 2342 Ich meine das Münch
1588 2281 2756 2354 der man dienen muß bis zum letzten Atemzuge (so dachte
2761 2306 3319 2388 Landsmann Dr. Eugen R
399 2320 1579 2393 schnell als möglich auszuwetzen. Kaum vierzehn Tage
1578 2327 2754 2380 er im ersten Akt), sondern für eine „Melkkuh“, und als
2755 2370 3327 2434 neun Monaten übernomme
395 2378 1575 2439 später gab es schon wieder eine Uraufführung: Karl
1573 2377 2753 2439 man ihm von Schiller spricht, da sagt er wieder: „Nur
2759 2423 3320 2502 bitteren, schier aussichtslose
393 2426 1582 2487 Ettlinger, den Lesern der deutschen Witzblätter unter dem
1585 2424 2023 2509 über meine Leiche!“
2755 2471 3003 2549 halten hat.
398 2472 1587 2549 Pseudonym „Karlchen“ wohlbekannt, versuchte sich zum
1664 2457 2750 2536 Man sieht: die Rechnung geht glatt auf. So glatt,
391 2514 1583 2581 ersten Male auf der Bühne. Ich konnte den starken Er¬
1577 2516 2748 2590 daß der nüchterne Kapitalist der ersten Akte zum Schluß
2839 2509 3301 2597 Man bedenke: er kam
396 2568 2758 2639 folg, den das Stück — „ein Lustspiel in drei Akten ohne der Einzige sein muß, der sich seines Glückes schämt und
2760 2556 3315 2645 Schwierigkeiten das Steue
402 2618 1567 2680 Ehebruch und Situationskomik“ nennt es Herr Ett¬
1567 2617 2747 2684 nun nach Schillern schreit. Das Publikum hatte viel Freude
2759 2631 3317 2698 Hebbel=Theaters aus der #
401 2668 1566 2724 linger — bei der Premiere fand, erst anläßlich einer
1571 2672 2747 2733 an dem gut funktionierenden Rechenerempel, noch mehr
2756 2673 3314 2752 mit dem Kainszeichen, auf
396 2713 1573 2781 späteren Wiederholung konstatieren. Denn an jenem Abend
1574 2724 2748 2789 an den eingestreuten Kulissen= und Literatenscherzen, die
2761 2722 3322 2795 fremde Stadt und eröffn
1575 2769 2746 2831 der Verfasser wohl als Ersatz für Ehebruch und Si¬
389 2772 1569 2830 gab es nicht weniger denn drei Premieren auf einmal:
2754 2772 3304 2829 Theater, denn ein neues
390 2824 1573 2883 außer Ettlingers „Hydra“ Schnitzlers „Das weite Land“
1561 2806 2216 2882 tuationskomik zum besten gab.
2757 2829 3315 2894 Mittelpunkte des allgemei
394 2867 1583 2934 im Residenztheater und Beer=Walbrunns Oper „Don
1665 2855 2742 2931 Im ganzen: auch ein Stück, das die gefürchtete
2753 2873 3317 2942 erst durch allzu gediegen
398 2924 1575 2985 Quijote“ auf der großen Hofbühne. (Nebenbei: eine ganz
1585 2918 2744 2987 Hydra in eine Melkkuh verwandeln wird und das der
2753 2923 3314 2999 Leistungen die Gunst des
397 2967 1568 3052 respektable Belastungsprobe für das „München ohne
1581 2964 2743 3017 Held Ettlingers, Direktor Lindt, in den ersten zwei Akten
2751 2961 3305 3043 es zugrunde gehen soll,
392 3010 1476 3091 Fremde“; und alle drei Häuser waren ausverkauft!)
1560 3009 3322 3111 seiner Direktionstätigkeit gewiß nicht augenommen hätte, Hand zu Hand gewander
