3392 4256
311 115 1269 221 24. Das weite-Land
582 530 1303 646 Klose & Seidel
654 638 1253 712 Bureau für Zeitungsausschnitte
592 706 1306 761 Beun NO. 43, Georgenkirchplatz 21
560 843 1322 916 Zeitung: Berliner Börsen-Courier
570 913 700 982 Ort:
561 983 1323 1066 Datum: # -un
760 1033 1228 1114 Das weite Land.
764 1094 1213 1163 Residenztheater.
569 1128 1469 1220 Diefes so fünfaktige Schnitzler=Werk „Das
508 1190 1460 1258 weickg Land“ ist in den# seit der Ur¬
505 1230 1473 1285 auffthrung (im Lessingtheater) nicht klarer in seinen
509 1267 1464 1340 Absichten, nicht unkomplizierter in den beiden sich
511 1311 1469 1375 grundlos überschneidenden und ineinanderwirrenden
507 1335 1455 1413 Handlungen und nicht zwingender im Seelischen ge¬
509 1389 1461 1466 worden. Man hört sehr viel wienerisch=graziösen,
510 1423 1455 1496 schnitzlerisch=geistvollen Dialog, spürt ein heißes Be¬
502 1467 1454 1542 mühen, Worte als Führer auf den verschlungenen!
508 1514 1464 1591 Pfaden durch das weite Land der Seele mitzugeben.
495 1556 1452 1621 Aber all die Worte bleiben — Worte. Sie sprühen
502 1592 1450 1660 leicht auf, sie tropfen schwer hernieder. Und klingeln
504 1630 1456 1702 am Ohr vorbei, ohne zum Verstand zu dringen, ohne
505 1674 1452 1760 ihm zu sagen: Dies ist so, weil es nicht anders sein
487 1698 662 1764 kann.
554 1754 1447 1833 Darauf kommt es an: auf das Nicht=anders=sein¬
484 1810 1443 1874 können. Der ganze Aufwand für den Beweis ist nutz¬
495 1846 1442 1906 los, und immer neue Fragezeichen drängen sich. Denn
493 1883 1456 1954 die Logik setzt sich dafür ein, daß es durchaus anders
492 1920 1454 1970 sein könnte, weil es anders sein müßte, und
491 1967 1443 2024 was im psychoanalykischen Roman mit breiter Aus¬
493 1998 1434 2049 malung den Leser vielleicht eingefangen hätte, bleibt —
481 2049 1448 2123 trotz breiter Ausmalung — im Drama gegenstands¬
483 2069 1445 2151 los Und das Ehepaar Hofreiter, das sich liebt, sich
483 2116 1446 2190 nicht liebt, sich doch liebt; das einander betrügt, weil
489 2170 1439 2233 es sich liebt; das sich anzieht und abstößt: es ist ein
495 2206 1439 2275 zu weites Land, auf das hier der Blick gelenkt wird.
533 2247 1445 2310 Für die Darstellung der Tragikomödie hatte man
463 2262 1445 2371 ein „Prominenten“=Aufgebot in Marsch gesetzt.
474 2328 1427 2390 [Korff zeichnet für die Spielleitung. Zeichnete er
472 2364 1434 2445 nur für sie, oder hatte er sie neben der umfangreichen
488 2413 1432 2487 Rolle des Hofreiter wirklich inne? Dann würde es auf
476 2449 1433 2517 sein Konto kommen, daß ab und zu jemand sich vor
477 2495 1430 2565 den Soufsleurkasten setzte oder stellte und nach schlech¬
468 2531 1424 2599 tem Opernbrauch die für den Mitspieler bestimmte An¬
469 2568 1432 2649 sprache an die Zuschauer richtete. Auf Korffs Konto)
468 2616 1424 2684 kämen ebenso die zerfließenden Gesellschaftsauftritte
468 2662 1435 2724 und die mancherlei Stilarten des Agierens. Aber man
469 2702 1414 2769 kann nicht wissen — auch das Papier der Programm¬
462 2728 895 2792 hefte ist geduldig ...
532 2771 1435 2841 Irene Triesch war die Genia Hofreiter. Sie war
466 2819 1424 2893 sie schon damals, im Lessingtheater. Sie hat für diese
466 2855 1423 2928 Frauengestalten das besondere Format, hat die
475 2906 1423 2984 Feinnervigkeit, die Rassigkeit, die ein fester Wille
460 2943 1413 3007 bändigt, und die jähen, schnell wieder gedämpften!
467 2973 1420 3049 Temperamentsentladungen, die wie ein Wetterleuchten
455 3036 1415 3105 aufzucken. Sie ist Trieb und beherrschte Kraft, sie
461 3066 1403 3124 hat Verstandskühle und Blutwärme. Korff, als
462 3105 1417 3168 Hofreiter, entwickelte die Figur aus der eleganten
455 3140 1414 3225 Farblosigkeit einer gut auswendig geleinten Aufgabe
452 3197 1421 3256 allmöhlich zur Plastik scharf gesehener Menschlichkeit.
458 3224 1399 3289 Gertrud Welker, vom Film zur Bühne zurück¬
449 3270 1405 3332 gekehrt, war bewußt, sicher, im Empfinden selbstver¬
452 3313 1395 3373 ständlich als das Mädel, das sich Hofreiter leidenschaft¬
454 3347 1404 3420 lich an den Hals wirft. Der Kavalier als Hotel¬
446 3388 1417 3459 direktor: Franz Schönfeld. Die drollige Charge
446 3429 1411 3510 einer geistig beschränkten, schwatzhaften Frau: Gisela
446 3464 1405 3545 Schneider=Rissen. Eine andere Charge: Rosa
436 3514 1404 3592 Bertens (voll mütterlichen Gefühls). Eine vierte:
438 3549 1401 3628 Heinrich Schroth. Den Freund Hgfreiters, dem
442 3599 1387 3666 dieser folgerichtig die Liebste nimmt, vertrat Josef
442 3622 1397 3709 Klein. Ein Herr teilte vor Beginn mit, daß Klein
443 3664 1399 3729 trotz eines „körperlichen Unfalls“ spielen werde, und
441 3700 1412 3797 sagte: „Ich bitte, ihm deshalb besondern Dank zu
432 3750 1190 3827 wissen.“ Aber trotzdem und jedennoch ..
1190 3787 1397 3886 R. W.
1428 129 1869 219 box 29/4
1818 334 2530 402 Berlin NU. 43, Georgenkirchplatz 21
1789 457 2484 590 Zeitung:  Bölseh. 219
1789 571 1927 638 Ort:
1789 638 2548 722 Datum: .O.RrPSePPRePRePRRRE
2180 696 2361 764 NOT.
2437 756 2625 893 70
1934 1001 2734 1119 Schnitzler im Residenz=Theater.
2121 1080 2572 1144 „Das weite Land“.
1855 1120 2866 1197 (Pie Direktion Rotter nützt die „Reigen“=Konjunktur
1793 1161 2864 1245 noch schleunigst aus. Holt aus altem Schnitzler=Bestand
1798 1201 2865 1282 eines seiner gedehntesten, am wenigsten komprimierten,
1806 1240 2878 1324 warmeichsten Werke. In dem ein großer Apparat von
1801 1274 2864 1347 Nebensächlichkeiten aufgeboten wird, um die Eheirrungen
1796 1317 2863 1395 möglichst zu verschleiern. Wie viel hat man in den Jahren
1805 1354 2862 1438 seit Erscheinen dieses Stückes doch gelernt! Zum mindesten
1794 1388 2865 1485 die Kunst der Konzentration, des Sichbeschränkens.
1788 1434 2865 1517 Braucht Schnitzler hier noch ein Massenaufgebot von acht¬
1796 1484 2873 1563 zehn Persone so kommt heute etwa Kurt Götz, der sich an
1794 1503 2698 1587 Schnitzler gebildet hat, mit drei Personen aus.
2725 1539 2861 1599 Kein
1789 1556 2857 1619 Zweifel, daß da auch die strenge Dialogführung Strind¬
1784 1598 2861 1675 bergs von Einfluß gewesen ist. Schnitzler also jedenfalls
1787 1636 2854 1711 macht hier noch umständliches Theater und gerät dabei
1786 1676 2851 1751 seltsamer Weise in Verlegenheit, wie er das Massen¬
1778 1715 2849 1778 aufgebot eigentlich rechtfertigen soll. Er weiß im Grunde
1786 1750 2845 1831 mit all den Leuten verzweifelt wenig anzufangen und
1777 1783 2851 1870 schickt sie darum alle Augenblicke wieder hinter die Kulissen
1786 1833 2850 1891 entweder zu einer Tennis= oder auch zu einer Hochgebirgs¬
1783 1863 2856 1947 Partie. Damit hat er so viel zu tun, daß er nicht einmal
1775 1910 2858 1970 zu einer sorgfältigen Konstruktion des üblichen Dreiecks
1767 1947 2848 2012 kommt. Der Dritte im Bunde ist, glaube ich, so ziemlich
1767 1980 2842 2062 der am wenigsten entwickelte und charakterisierte, der blut¬
1766 2027 2840 2099 loseste und gleichgültigste Verführer, der je in der dramati¬
1767 2066 2658 2137 schen Literatur die Dreiecksbildung vollzogen hat.
1843 2102 2838 2185 Bleiben also Mann und Frau. Man bedauert fast,
1767 2133 2837 2221 daß nicht zwischen ihnen allein der Dialog sich spinnt.
1765 2176 2838 2256 So oft (oder so sellten) es geschieht, ist das Vergnügen voll¬
1759 2210 2837 2293 kommen, denn dann eröffnen sich in der Tat tiefe Aus¬
1768 2254 2832 2340 blicke in „das weite Land“ der Seele, der seelischen und
1768 2290 2828 2372 erotischen Beziehungen zwischen den Geschlechtern, und man
1766 2328 2829 2412 fühlt sich jedesmal vor den Kopf geschlagen, wenn allzu
1759 2372 2836 2443 schnell eine gleichgültige Person sich einmischt und sich
1755 2412 2842 2475 vor den Ausblick stellt. Wie kann die Frau an der
1755 2452 2824 2518 Seite eines Mannes leben, für den Treue aus innerer
1754 2483 2824 2573 Notwendigkeit ein leerer Wahn ist? Muß sie schließlich
1763 2529 2829 2609 nicht — wahrhaftig nicht auch aus innerer Notwendigkeit,
1753 2572 2823 2646 sondern aus dem Gefühl des Auge um Auge — Gleiches
1763 2606 2825 2692 mit Gleichem vergelten? Schnitzler meint hier, es gebe
1762 2639 2841 2720 für sie, gewissermaßen zur Aufrechterhaltung ihres
1754 2685 2824 2765 Stolzes, zur inneren Erlösung, nur diesen Weg, und es ist
1745 2723 2821 2801 sein gutes Recht, einen Einzelfall nach freier Schöpfer¬
1747 2763 2829 2848 laune zu gestalten. Aber man wird ihm sein eigenes
1747 2793 2815 2877 Bonmot, daß die Seele ein „weites Lund ist, entgegen¬
1744 2838 2827 2917 halten und aussprechen dürfen, daß in diesem weiten
1750 2872 2821 2954 Lande andere Frauen andere Wege finden werden. Und
1739 2918 2821 2996 man wird sich auch nicht einmal bekehren lassen können, daß
1738 2952 2821 3039 es für die Frau, wie er sie gezeichnet, nur und gerade
1734 2989 2807 3058 diesen Weg gab, So fehlt hier auch in der Cha¬
1747 3035 2803 3112 rakteristik des Wesentlichen das Zwingende, Schlüssige,
1737 3064 2023 3121 Ueberzeugende
2079 3088 2807 3149 und trotz einzelner weiter Ausblicke
1736 3099 2814 3203 bleibt schließlich das Ergebnis der umständlichen, langen
1731 3142 2584 3211 fünf Akte doch recht dünn und unensprießlich.
1804 3199 2806 3263 Ja, schließlich bleibt nur die Charakterstudie des
1734 3206 2802 3304 Mannes, der sich alles erlaubt, zur Sühne seines verletzten
1726 3266 2805 3348 Stolzes aber zur Waffe greift. Auf diesse Figur fiel auch
1735 3298 2754 3383 durch die Darstellung Arnold Korffs alles Licht —
1737 3334 2803 3421 so lange wenigstens, als er sich in seinem Element des
1731 3380 2802 3450 leichten Lebensgenießers bewegen kann. Wenn der Mann
1722 3409 1996 3467 seriös und
2009 3425 2184 3483 tragisch
2217 3433 2357 3479 wird,
2395 3437 2520 3482 kann
2548 3442 2658 3492 man
1724 3445 2097 3503 ammer, noch an
2111 3463 2215 3509 den
2243 3474 2792 3533 geschmackvollen, kultivierten
1722 3487 2790 3558 schauspielerischen Mitteln erfreuen, mit denen Korff die
1722 3521 2787 3611 Figur vor lächerlicher Ueberhebung bewahrt. Neben ihm
1722 3573 2783 3648 bestand eigentlich nur noch Schroth in der Rolle des
1722 3602 2797 3689 Bankiers mit dem symbolischen Namen Natter. Der Frau
1718 3649 2789 3722 weiß heute Frau Triesch nicht mehr wie vor zehn Jahren
1715 3690 2779 3761 die Illusion zu retten, und um alle die anderen Personen
1724 3731 2779 3809 glaubte sich der Regisseur Korff wohl nicht liebevoller
1717 3768 2573 3836 kümmern zu müssen, als es der Dichter getan.
2391 3822 2708 3902 Franz Köppen.
