3296 4320
1724 66 3172 130 widen und Hrlite 1in. en den en den e en        e e e e
1727 107 3183 176 Meisterhakt war die Darstellung. Her Rhil gab seinem Hofreiter Schärfe
701 119 1301 220 Dermischtes.
1728 167 3184 217 und Fülle der Charakteristik und war mit aller Aufbietung seiner gewaltigen
1721 207 3177 263 schauspielerischen Mittel bemüht, uns einen außergewöhnlichen Menschen,
435 207 1739 276 Elefantentod. Dieser Tage wurde, so schreibt die
1732 248 3181 307 einen interessanten Mann aus den weiten Gesilden des weiten Landes
264 261 1731 336 „Frankf. Zta.“ im Zoologischen Garten der seit etwa 19 Jahren
1721 295 3188 361 vorzuführen. Der Frau Genia, der man es bei bestem Willen nicht glauben
275 307 1735 369 im Zirkus Charles bei Dressurakten verwendete, auf ein Alter von!
1721 341 3188 396 kann, daß sie nachts einen Fähnrich in ihr Zimmer steigen läßt, verlieh
257 349 1732 416 90 Jahren taxierte Elefant „Dick“ vergiftet. Er hatte seit einigen
1732 376 3181 442 Frl. Elsinger durch ihr reifes Spiel eine wunderbare Innigkeit. Den
265 396 1729 470 Jahren ein Beinegeschwulst, die so schmerzhaft war, daß man schließ¬
1725 415 3181 494 bravsten Menschen der Komödie, einen ehrlichen Doktor, spielte Herr Wag¬
269 438 1729 514 lich zur Tötung des Tieres schreiten mußte. Man gab dem Tier
1719 471 3200 538 ner mit seiner wohltnenden, ehrlichen Grabheit, während Frau Ellmen¬
262 491 1725 564 zuerst 32 Gramm Morphium, um es zu betäuben. Diese Dosis, die
1723 519 3031 570 [reich in der Rolle der Mutter des Fähmrichs, die eigens für
274 524 1737 593 hinreichend ist, um etwa 70 Menschen zu töten, übte auf das Tier
1719 556 3186 615 schrieben schien, die Tragik dieser Tragikomödie ergreifend anzudeuten wußte.
269 583 1740 640 fast gar keine Wirkung aus. Ein Versuch mit Kognak schlug eben¬
1721 604 3188 669 Von den übrigen Darstellern seien noch Paula Silten als philosophische
272 621 1728 701 falls fehl. Dann erhielt „Dick“ eine Injektion von 20 Gramm
1722 647 3181 709 Pironetten schlagende, ververse Jungfrau, Herr Gebhardt als junger
273 658 1733 730 Zyankali — damit kann man 1200 Menschen vom Leben zum Tode
1737 682 3189 765 Jähnrich, sowie Irau Otto=Körner, Herr Lang und Herr Andresen
274 707 1734 771 befördern! — und nach längerem Warten noch eine Lösung von 5
1729 740 3141 816 lobend erwähnt. Das Publikum nahm das Werk beifällig auf. J. Kr.
270 737 1747 814 Gramm Scopolamin, einem ungemein starken Gift, das seinerzeit
264 796 1731 865 bei einem Nashorn angewandt wurde. Das brachte das mächtige
272 832 1739 916 Tier endlich zu Fall und führte nach etwa fünf Minuten den Tod
1795 834 3190 907 Schnitzlers Werk fand im Berliner Lessingtbeater, im Wiener
271 893 457 971 herbei.
1736 888 3181 961 Burgtheater und im Münchener Residenztheater am Sonnabend einen
444 901 1738 990 Die heiligen Geister. Der Schuner „Coronet“ mit
1718 940 3181 1008 von Akt zu Akt steigenden Erfolg, der um so höher anzuschlagen ist, als
265 964 1739 1042 35 Männern, Frauen und Kindern an Bord, die einer amerikanischen
1733 985 3175 1053 die Scherze, mit denen Schnitzler gerade jenem Teil der Gesellschaft, der
465 1022 1737 1081 ie sich die heiligen Geister nernen, angehören, soll inmitten
259 1025 442 1088 Sekte,
1726 1023 3186 1100 in den Logen und im Parkett maßgebend ist, den Spiegel ihres erotischen
269 1065 1733 1125 des Atlantischen Ozeans in Not schloeben. Mit Rücksicht auf die
1723 1080 3179 1145 und Ehelebens vorhalten will, immerhin gerade bei der Erstaufführung in
271 1092 1741 1171 letzten heitigen Stürme glaubte man, daß das Schiff mit Mann und
1736 1121 3188 1186 den Residenzstädten eine Gefahr bedeutete. Auch am Prager Neuen
260 1143 1735 1216 Maus gestrandet sei. Der jetzt in Newyork angekommene Dampfer
1719 1173 3193 1242 Deutschen Theater fand „Das weite Land“ einen vollen Erfolg. Am Leip¬
267 1189 1737 1255 der Red Star Line Lapland“ berichtet, daß er auf hoher See
1732 1213 3192 1278 ziger Stadttheater begegnete Schnitzlers Drama vielem Interesse, das
264 1249 1713 1298 die Schunerjacht überholte, die das Notsignal gehißt hatte. Die
257 1261 3183 1344 Lapland“ gab den heiligen Geistern 300 Pfund Rindfleisch, 60  jedoch gegen Schulß erheblich abflaute. Der Beifall galt zum großen Teile
1718 1316 3181 1363 der ausgezeichneten Darstellung. In Hannover fand das Werk unge¬
266 1316 1726 1382 Pfund Zucker, 48 Laibe Brod 24 Eimer Spinat, 25 Pfund Speck.
1733 1344 3192 1414 teilten großen Beifall. In Wien konnte sich Schnitzler dem dankbaren
261 1379 1732 1439 75 Pfund Büchsenfleisch 20 Liter frische Sahne, 12 Pfund Käse, 4
1731 1393 2100 1473 Publikum zeigen.
259 1419 1725 1479 Sack Kartoffeln und 72 Pfund Hammelfleisch. Das Angebot, die
270 1466 1733 1515 Insassen des Coronet“ nach Newyork zu bringen, wurde jedoch ab¬
1851 1469 3184 1565 Der diesjährige literarische Nobelpreis wird Moritz
267 1501 1735 1558 gelehnt. Die Heiligen Geister sind eine wandernde Sekte, die ingner
1728 1516 2317 1588 Maeterliuck verlieben werden.
260 1555 1738 1600 auf der Suche nach dem heiligen Lande ist. Da Amertka die Vor¬
267 1586 1741 1654 schriften der Bibel nicht erfüllte, zogen sie mit ihrem Schuner nach
1939 1617 2958 1708 Geschäftliche Mitteilungen.
262 1637 1736 1693 Afrika und als es ihnen dort zu heiß wurde, wanderten sie wieder
269 1678 1736 1750 im Schiff nach dem Norden zu. Auf dieser Fahrt hat sich der
1792 1675 3183 1755 Lichtbeständige Tapeten. Wenn wir die verschiedenen Muster
260 1720 1734 1783 „Coronet“, wie die „Köln. Ztg.“ mitteilt, den Namen des größ¬
259 1752 3182 1825 ten Bettlers auf dem Ozean erworben. Das Notsignal scheint am für die Ausstattung unserer Wohnräume wählen, so lassen wir uns nament¬
267 1828 3183 1886 Mast festgenagelt zu sein. Ein jedes Schiff, das irgendwie wohl=lich durch die schönen Farben bestechen, und wir freuen und der Harmonie,
1726 1809 3196 1888 welche die Möbel, Vorhänge, Gemälde, Kupferstiche usw. mit den Wand¬
271 1840 1731 1912 habend aufah, wurde angebettelt. Der Gründer der Sekte ist der
1725 1859 3188 1935 bekleidungen bilden. Aber diese Freude währt in der Regel nicht lange#
258 1896 1725 1979 Revereu Frank Sandford, der sich auch gern Admiral der Flotte
1722 1925 3189 1983 denn der weitaus größte Teil der auf den Markt gebrachten wohlfeilen!
264 1952 994 2018 der beigen Geister nennen läßt.
1720 1958 3209 2021 Tapeten wird nicht mit lichtechten Farben hergestellt. Die Tapetenfahrik
1721 2003 3199 2075 Hansa Iven u. Co., G. m. b. H., Altona=Ottensen, bekanntlich die größte
456 2026 1554 2142 Kunst und Wissenschaft.
1713 2052 3187 2136 Taeptenfabrik unseres Kontinents, bringt nun für das Jahr 1912 einW'neue
1721 2087 3188 2168 Auswahl Hansa=Tapeten in den schönsten Mustern auf den Markt, die auch
630 2123 1345 2214 Deutsches Schauspielhaus.
1713 2140 3180 2219 bei den billigsten Tapeten lichtbeständig sind, soweit das Papier von Farbe
1722 2189 3178 2248 bedeckt ist. Ebenso schön sind die neuen Muster von Hansa=Lincxusta. Ur¬
324 2189 1661 2283 „Das weite Land“, Tragikomödie von Arthur Schnitzler.
1730 2242 3201 2298 heber dieser Entwürfe sind größtenteils namhafte Künstler, die mit den 14
826 2254 1176 2323 (Uraufführung.)
1723 2285 2940 2368 Aufgaben der modernen Baukunst auf das beste vertraut sind.“
335 2301 1737 2366 Mit der Wiedergabe der neuesten Schöpfung des Wiener Dichters,
1808 2332 3177 2401 Ein Interessantes Experiment ist es, seinen Haus¬
257 2343 1738 2394 die am Sonnabend gleichzeitig an 12 anderen Bühnen ihre Uraufführung
1729 2385 3156 2451 genossen Van den Berghs Margarine „Unerreicht“
272 2393 1732 2455 erlebte, hat das Deutsche Schauspielhaus in Hamburg der jüngsten mode nen
1738 2426 3194 2491 (leicht gesalzen) zu verabreichen Man möge beobachten, ob ein ein¬
264 2435 1728 2493 Literatur einen weiteren Schritt entgegengetan. Denn wie diese die Wir¬
1735 2475 3050 2541 ziger der Angehörigen bemerkt, Margarine gegessen Zu haben.
269 2481 1729 2540 kung weniger vom dramatischen Gehalt, von der G enüberstellung klar
1733 2502 3226 2586 ist kaum zu erwarten, da Van den Berghs „Unerreicht“ (leicht ##
268 2519 1734 2585 herausgearbeiteter Gestalten, als vielmehr von der Stimmungsmalerei, dem
1729 2544 3189 2626 gesalzen) von vollendeter Feinheit in Aroma und Geschmack ist
257 2568 1728 2630 romanartigen Nebeneinander von Schauspiel, Schwank, Novellen und Sen¬
1738 2585 3198 2668 wie feine Meiereibutter, für die Küche, wie für die Tafel gleich gut
267 2614 1723 2672 tenzensammlung erwartet, und mit besonderer Vorliebe das erotische
1733 2645 3204 2718 geeignet. Hierbei zeigt es sich auch, daß ein Vorurteil gegen Mar¬
264 2657 1738 2723 Leben der weichlichen, verdorbenen, parfümierten Gesellschaft unserer Zeit
1732 2686 3202 2756 garine eben nur ein Vorurteil ist, eine erfreuriche Tatsache in Rück=
263 2696 1744 2775 zum Mittelpunkt philosophischer Diskussionen macht, ist auch das „weite
1736 2733 3174 2794 sicht auf die große Ersparnis. In den meisten einschlägigen lbe¬
255 2744 1736 2805 Land“ solch ein Tummelplatz psychologisch dramatischer Forschungsexpediti¬
1737 2767 3209 2853 schäften erhältlich, sind dieselben durch Aushang der entsprechenden
261 2790 1738 2849 onen in die merkwürdige Gegend der menschlichen Seele, wo im Urwaldgestrüpp!
1730 2827 3182 2890 Plakate gekennzeichnet. Es ist jedoch im eiegnen Interesse erforder¬
264 2827 1735 2899 die Geheimnisse der erotischen und vor allem der ehelichen Beziehungen
1720 2874 3176 2954 lich, ausdrücklich Van den Berghs „Unerreicht“ (leicht gesalzen),
256 2870 1731 2939 ruhen. Kreuz und quer wird in dem Stück durcheinandergeliebelt, geehe¬
1720 2926 2426 3008 per Pfund 1 Mark, zu fordern.
262 2925 1729 2989 brucht, mit allen Schikanen und Finessen, mit einer Leichtfertigkeit, die
270 2957 1726 3023 auch Nichtphilister zum Gruseln bringen kann. Besonders kribbelts und
258 3005 1739 3079 krabbelts dem Fabrikanten Hofreiter und dem Hoteldirektor Dr. Aichner
268 3056 1742 3119 gleich beim Anblick jeder Schürze. Sie entschuldigen ihre Liebestollheit mit
269 3092 1746 3176 der „Kompliziertheit“ der „menschlichen Subjekte“: „So vieles hat zugleich
258 3144 1725 3208 Raum in uns —! Liebe und Trug ... Treue und Treulosigkeit.
1963 3106 2957 3264 Ger#ni#nne WlollzLossnn.
260 3167 1749 3254 Anbetung für die eine und Verlangen nach einer andern oder nach mehreren.
268 3237 1746 3300 Wir versuchen wodl Ordnung in uns zu schaffen, so gut es geht, aber
266 3272 1639 3346 diese Ordnung ist doch nur etwas Künstliches ... Das Natürliche.
1957 3244 2926 3378 „It Hu##öe
269 3319 1743 3387 das Chacs.“ Be: Hofreiter hat das „Chaos“ bereits einen solchen Umfang
263 3362 1745 3436 angenometen, daß ihm die Tugend seiner Frau, um deretwillen ein Musiker,
1958 3381 2833 3492 a# PozunnLouw.
264 3405 1742 3484 den sie nicht erhören wollte, sich das Leben genommen, geradezu
262 3463 1744 3517 unheimlich und unwahrscheinlich vorkommt, und er, der Vierziger, sich durch
259 3494 1748 3564 die Verführung einer unternehmenden. liebeshungrigen höheren Tochter von
2105 3507 2788 3606 Ju Oce#t mat 41
260 3534 1752 3610 seinem Schreck erholen muß. In der Zwischenzeit rächt sich seine Frau
270 3594 1748 3650 und betrügt ihn mit einem jungen Fähnrich. Nun sind sie quitt, denkt
269 3624 1736 3700 der schadenfrohe Zuschauer und zitiert: „Wie du mir, o ich dir!“ Aber
273 3669 1744 3741 da hat er nicht mit der Eitelkeit des Herrn Hosteiter gerechnet. Hofreiter
267 3717 1745 3783 beschimpft den Fähnrich. Warum? Aus verwundeter Liebe, aus loderndem
272 3769 1750 3841 Zorn? Wenn es Haß wäre, Eifersucht, Liebe! „Nein,“ bekennt er, „von
2825 3781 3028 3860 Emtrit der
273 3809 1747 3884 all' dem verspür' ich verdammt wenig. Aber man will doch nicht der
2434 3826 2646 3897 Mondes¬
2187 3835 2401 3900 Sonnen¬
2665 3840 3190 3918 Flut Ebbe] Flut Ebbe
1846 3840 2061 3928 Hamburg
262 3858 1744 3921 Dumme sein!“ Atso geht er hin und knallt den frechen Menschen nieder,
2121 3866 3158 3959 Unternnern2
264 3899 1738 3971 obgleich dieser seiner (Hofreiters) Philosophie getreu gelebt und gehandelt
2944 3933 3064 3988 8 45
3042 3919 3202 3997 12.75
2676 3933 2795 3988 745
2393 3918 2551 4013 1210
2186 3921 2289 3995 1.51
269 3920 1917 4022 hat. Dieser Hofreiter, der in der unverschämtesten Weise hübsche WeiberDienstag
2168 3956 3209 4021 653 KI7l 1.441 4.31] 930 1.30 10.00 2.10
264 3973 1933 4058 und Mädchen abküßt und seiner Friu das Vergnügen der Revanche nicht Mittwoch
3069 4018 3175 4120 W
