3392 4352
1417 159 1864 248 box 29/4
297 160 1251 264 24. Das veite Land
188 256 901 342 RS
186 309 1772 390 weht durch die Tragi=] Banner des Herrn Schroth, dann Frl. Melchior in einer
176 354 590 409 kund kann nicht durch
601 370 1766 451 von ihr gut aufgemachten Szene. Eine Reihe junger Leute
196 393 585 458 Der eine sagt sich's
601 406 1764 484 beiderlei Geschlechts noch rundum, die nicht eben wichtig in der
221 429 576 495 die Frauen mit
584 454 1757 522 Komödie stehen. Weitere Abende werden zeigen, was uns die
189 469 583 534 mmen bei Schnitz¬
588 492 1751 564 Gäste zu sagen haben. Die Leitung hatte Herr Korff. Die
204 511 572 574 sie anstellen, trotz
589 523 1756 622 besondere wienerische Note vermag er natürlich nicht allen
199 550 578 611 weniger und erläu¬
585 566 1757 660 seinen Kollegen zu geben: dieser Schnitzler hielt sich lange in
183 574 580 652 lie Manner hingegen
579 604 1753 703 der deutschen Reichshauptstadt auf und hat ihre scharfen Laute.
177 623 582 697 en, drücken sich am
586 646 1741 715 Von Nutzen wäre es, wenn der Schauplatz vor der Villa Hof¬
205 673 578 735 komplizierte Wesen.
586 691 1741 744 reiter nach der Tiefe nicht so stark wie gestern in Anspruch ge¬
178 683 575 770 affen, das Natürliche
578 735 1738 805 nommen würde. Der Gang der Dinge wäre leichter zu über¬
181 746 568 812 kensch von bürgerlich
585 770 1745 854 sehen. „Das weite Land“ ist ohnedies, theatertechnisch betrachtet,
193 785 571 848 Rolle des Gerbers,
579 820 1742 901 ein sehr weites Land, ja, der Titel klingt fast wie eine Entschuldi¬
178 793 567 891 keht das Chaos und
568 846 1135 921 gung für viel Ueberhängendes.
176 862 562 929 der er fände im wei¬
1606 875 1755 970 —
183 907 577 979 streuen Erkenntnise,
210 945 583 1008 Sie sind mit der
199 985 577 1056 in glänzenden Fa¬
206 1031 580 1104 gerechter Spiegeler
181 1069 582 1132 nd straft. Der Dich¬
199 1104 575 1170 leere Hände. Der
192 1148 572 1216 agpatronen in seine
185 1240 572 1319 e trefflich eingespielt.
176 1300 559 1372 das Tempo zu lang¬
181 1334 570 1409 de verschuldet haben,
179 1375 558 1445 ellen versanden ließ.
181 1412 566 1476 Kräften ragen zwei
185 1455 561 1534 Diese — eine Köst¬
177 1485 556 1565 hnitzler über Schnitz¬
188 1532 561 1591 Frauen=Duldertum,
183 1573 562 1628 nd Begehrende mit
181 1611 558 1666 nd müden Bewegun¬
174 1647 559 1703 krenden und Innigen,
173 1680 562 1748 benn nicht Schnitzler
175 1726 566 1792 hätte, sie dem Hörer
174 1764 548 1827 frau Triesch schmolz
174 1803 541 1861 s die Flügel schlug,
188 1847 554 1901 schärfstem Kontrast
191 1883 548 1959 figer, ein Skeptiker,
182 1919 541 1969 et, mit der Klavia¬
180 1959 544 2018 Sicherheit des We¬
174 1993 542 2066 elen noch auf: Herr
173 2038 545 2113 auer Aigner eine
176 2076 487 2133 ldern, die
167 2113 544 2176 ker=Rolle bewegte,
169 2155 567 2211 Herrn Klein, die
165 2193 530 2253 =Nissen, Frl.
168 2228 544 2295 ber im wichtigsten
172 2271 541 2349 haarscharf gestellte
1779 1295 2099 1380 Nr. 10 422
2459 1314 2717 1407 Dienstag
1753 1398 3035 1493 stellende ment aie ergeben. Die Versuche gehen in zwei verschiedenen
1756 1426 3107 1542 Richtungen: entweder sollen die Maschinen nach einer bestimmten An“ sow
1749 1469 2999 1559 zahl von Bombenwürfen an der vorgesehenen Stelle wieder landen,
1743 1504 2999 1622 oder sie werden so dirigiert, daß sie an einem bestimmten Platz nieder¬
3003 1531 3107 1601 abk.
1754 1546 2604 1614 stürzen und mit samt ihrem Inhalt explodieren.
2982 1569 3100 1637 der
2995 1621 3098 1689 der
2969 1674 3101 1743 heri
1950 1651 2796 1789 Theater und Kunst.
2978 1714 3105 1786 Gag
2978 1761 3106 1836 Sche
1857 1764 3114 1883 (Neue Wiener Bühne.) Es gibt auch Sensationen Be#
1728 1795 2994 1903 in besserem Sinne, sozusagen vornehme Sensationen. Sie sind in
2986 1866 3100 1942 des
1735 1856 3001 1961 der heutigen, auch für das Theater wilden Zeit, sehr selten. So
1732 1896 2998 2011 eine stille Sensation ist, wenn ein wirklicher Künstler in einer seiner
1729 1944 2980 2033 Lieblingsrollen die letzten Geheimnisse seiner Persönlichkeit aus¬
2986 1946 3114 2038 „F
2991 2014 3090 2067 mit
1735 1998 2992 2099 breitet, Tiefen seiner Natur offenbart. Mit einem Wort: Arnold
2979 2057 3105 2121 Med
1732 2035 2979 2136 Korff spielte nach, Jahren wieder in Wien den Hof¬
2991 2108 3110 2174 Höblg
1729 2091 2969 2190 reiter in Artur Schnitzlers wundervollem Schauspiel:
1728 2144 2981 2240 „Das weite Land“. Je öster man das Stück sieht, desto mehr
2981 2153 3115 2231 Zeske
1725 2195 2968 2288 sagt es einem. Man entdeckt an ihm immer wieder neue Seiten.
2979 2245 3092 2310 mit
1728 2239 2966 2338 Hier gibt es seelische Entschleierungen von allerhand Kühnheit.
1712 2286 2976 2381 Man spricht in diesem weiten Land der Seele über Dinge, die
2976 2292 3117 2364 Herrei
2983 2349 3078 2400 zur
1722 2319 2964 2424 man sonst nicht einmal sich selbst anvertraut. Eine bezwingende
2975 2384 3102 2455 Re#
1723 2375 2973 2481 Wahrhaftigkeit — ohne koketten Fanatismus und ohne jede Ehrlich¬
2958 2440 3096 2507 mit F
1715 2418 2969 2525 keitspose — macht dieses Stück so liebenswert. In jedem Satz ist die
1711 2475 2967 2574 Exploston innerer Natur. Die Gemeinheiten dieser kleinen
2966 2462 3198 2568 Wollch
2963 2532 3102 2608 Kleme
1709 2524 2972 2620 Menschen haben aber; wenn man genau auf die Stimmen hört,
1715 2552 3107 2701 doch einen anderen Rhythmus, wie etwa bei Strindberg. (Ohne, Schillt
1714 2609 3121 2746 daß es deshalb sentimentale Gemeinheiten wären.) Vielleicht sind siebens
1711 2660 3126 2792 die Charaktereigenschaften dieser Leute aber nur spezifisch wienerisch, Vernat
1707 2703 3106 2823 in der Atmosphäre begründet und im leichtsinnigen Naturell der Durd
1696 2750 2961 2876 Stadt. Denn die Menschen sind zum Schluß einander nicht böse,
1704 2799 3133 2933 trotzdem sie sich viel Schlechtes zugefügt haben. Arnold Korff also des S.
1702 2851 3124 2985 gibt den Hofreiter. Er streift in dieser Rolle alles Virtuosenhafte 28. d.)
1692 2912 2951 3005 ab. Die Kulissen verschwinden, es gibt an diesem Abend keine
1708 2942 2947 3049 sichtbar zurechtgelegten Nuancen, keine vorbereiteten darstellerischen
2943 2996 3142 3076 städt.
1704 2991 2930 3098 Pointen, nicht einmal — Abgänge. Ein Mensch steht auf der
1691 3042 2934 3141 Bühne, der mit sicheren Schritten geraden Weges von der Straße
2939 3059 3142 3124 bekannts
1689 3081 2936 3195 kommt . . . Direkt aus dem Leben springt er auf die Bühne.
2936 3109 3117 3171 „Zarin“
1683 3137 2937 3248 Diesen Menschen spürt man aus jedem Wort, aus jeder Geste,
1678 3175 2931 3286 selbst aus dem Schweigen. Absichtslose Kunst leuchtet hier auf.
2927 3205 3135 3278 Künstlers¬
1690 3230 2925 3331 Fräulein Karsten spielte als Gast die Genia: eie schwierige
2939 3252 3129 3329 „Therese
3030 3304 3082 3361 9
1686 3279 3127 3415 Aufgabe, die sie mit ungekünstelter, weiblicher Intelligenz Premiere
1684 3328 3117 3443 meistert. Es war entschieden ein Wagnis, dieses figurenreiche Sinn
1679 3368 3119 3510 Stück dem Burgtheater nachzuspielen. Dieses Wagnis ist ge= den Hau
1668 3432 3123 3555 glückt, denn die ganze Aufführung war zart abgetönt und von folgende:
1665 3476 2926 3571 sympathischer Diskretion. Die Damen Schilling und
1671 3510 2903 3610 Förster, die Herren Valberg. Friedrich, Ueber¬
2918 3534 3142 3600 Gerald S
1667 3568 2912 3673 acker und Hendrichs sorgten für den hübschen Zu¬
2912 3586 3130 3658 Mauth;
1658 3609 1944 3681 sammenklang.
3003 3640 3132 3698 Zu
2727 3653 2882 3728 a. e.
2918 3670 3137 3743 Aufführun
1784 3660 2906 3775 (Lustspiel=Theater.) Das neueste Repertoirestück des
1650 3697 1963 3774 Pratertheaters
2910 3730 3126 3798 aufführen
1973 3730 3138 3850 ist ein übermütiger Operettenschwank „Der Der Auton
1656 3768 2902 3880 blonde Engel“ von Richard Keßler und Artur Rebner.
2911 3822 3142 3911 ernst zu ne
1643 3825 3146 3932 Originell setzt die Handlung damit ein, daß eine junge, führung de¬
1648 3859 3155 3995 geschiedene Frau, die sich als Witwe ausgibt, in zarte denkbar wäl
1650 3915 3142 4032 Beziehungen zu dem Stiefsohn ihres verflossenen Gatten ausschließlie
1638 3953 2886 4066 tritt, welch letzterer seiner sittenstrengen zweiten Gattin
2888 4017 3121 4077 „Die 1
1640 4001 2881 4109 gegenüber auch lieber als Witwer, denn als geschiedener Mann
2242 4070 2378 4115 die 1
1648 4054 2639 4163 gib. Alle lußtigen Folgerungs
2903 4057 3210 4164 eu
