3344 4352
480 190 664 251 Das
679 195 782 254 W C
285 190 1215 309 24. uun seite Lang
1393 200 1835 305 box 23/2
2814 1255 2956 1354 B
319 1310 1426 1405 , Palls, kom, San Francisco, Stockholm, St. Petere¬
1518 1273 3329 1424 die Tragi=Komödie zu schaffen, zu der ihm die Erotik in reifender weiß, daß sein Freund sterben mußt
709 1355 1034 1410 burg, Toronto.
1524 1349 2482 1439 Erkenntnis und schwindender Jugend geworden war.
670 1384 1078 1466 Uuellenengabe ohne Gewähr.)
2686 1390 3334 1473 trotzdem sie ihm gut war, ist sie ihm
1610 1403 2687 1493 Die „Komödie“ schwebt freilich ein wenig über diesem
2677 1437 3332 1523 ist ihm unheimlich, daß ihre Tugen
291 1435 698 1536 Ausschnitt, Aus:
1518 1437 2681 1545 Stück; sie liegt mehr in der Betrachtung und in den Beleuchtungs¬
2677 1481 3348 1568 nur unter Gänsefüßchen denken kann
1497 1491 2688 1577 „absichten des Dichters, als in der Führung der Handlung und in
568 1480 1215 1616 % 19 Der Morgen Wien
2672 1529 3340 1619 kein Recht hatte, ein Schemen als
1513 1549 2688 1633 den Schicksalen der Personen. Eine Tragikomödie entsteht gewöhnlich
294 1556 487 1627 vom:
2671 1595 3334 1665 einen anderen Menschen in den Tod
1521 1596 2681 1691 dadurch, daß der Dichter die Karikatur, die dem Helden für den
2675 1630 3336 1715 unheimlich, und so verrückt das kling
1521 1648 2680 1742 erbarmungslosen Beobachter ins Gesicht geschrieben ist, mitzeichnet.
447 1661 1457 1773 Der neue Schuitzler im Burgtheater.
2668 1685 3316 1760 er selbst die innere Freiheit, das
1513 1702 2683 1789 Und dadurch, daß der Dichter zeigt, wie das Leben auf die Kon¬
327 1687 1525 1841 „Das weste Land“ Tragikomödie in fünf Akten. Erste Aufführung am Wiener
2670 1726 3337 1815 der Treue und Tugend der Gattin,
1520 1743 2672 1840 tinuität einer tragischen Entwicklung keine Rücksicht nimmt, sondern
692 1771 1224 1842 Burgtheater am 14., Oktober 1911.
2668 1778 3340 1871 schon wieder braucht, weil er nach der
1513 1796 2673 1877 seine Banalitäten, seine kleinen Bosheiten gegen das Helden¬
441 1779 1515 1913 Es ist wieder ein Stück, dessen Titel unter Anführungs¬
2673 1844 3339 1916 etwas modernisierten Hilda Wingel,
1495 1817 2669 1924 k#ßige rücksichtslos dazwischenwirft. Hier aber entsteht die Tragi¬
325 1849 1527 1967 Uzeiche steht. Nicht das erste dieses Dichters. Diese ungeschriebenen
2660 1883 3334 1964 Hotel treffen sich die beiden, denn Ho
1510 1893 2675 1992 komödie im wesentlichen daraus, daß der Dichter auf die
350 1909 1517 2007 und sdoch so deutlichen Anführungszeichen spuken schon um sein
2668 1927 3342 2010 Gebirgstour verordnet, und Erna flieh
1513 1948 2668 2023 Tragödie des Lebens von einer Warte herabsieht, von deren
348 1972 1518 2055 äst# Schauspiel „Das Märchen“, man fühlt sie um die Titel
2657 1995 3335 2062 er zurückkommt, macht er in Baden,
1515 1989 2667 2082 Höhe aus gesehen die tragische Gebärde etwas Putziges, etwas
340 2005 1519 2106 „Abelei", „Freiwild“, „Lebendige Stunden“, „Zwischenspiel“,
2674 2031 3333 2111 geht, Erna eine nächtliche Fensterpron
1518 2047 2674 2132 marionettenhaft Drolliges erhält, aus der ein Kampf auf Tod
457 2058 1516 2157 *Ruf des Lebens“. In diesem Drama werden sie am
2657 2071 3331 2159 heit bemerkt er, wie ein Fähn
1508 2098 2667 2190 und Leben kaum mehr von einem Maulschellenduell der Poli¬
335 2097 1516 2193 leiendigsten, ringen am kräftigsten nach dramatischer Schlagkraft.
2656 2121 3338 2215 seinem Hause verkehrte, just aus
1510 2138 2667 2224 chinelles zu unterscheiden ist. Ganz drüber hinaus wäre er, wenn
334 2158 1516 2262 und aus dem letzten Akt des Schauspiels vom Ruf des Lebens,
2660 2170 3342 2254 seiner Frau steigt. Frau Genia h#
1506 2186 2668 2274 er dieses Leben, auf dem er emporgestiegen ist unter dem Messer
340 2202 1510 2304 in dem mir der Dichter, nach dem „Schleier der Beatrice“, am
2651 2227 3325 2295 Ihr eigener Gatte hat ihr ja d
1502 2230 2665 2329 halten könnte, wie der Anatom die Leiche. Aber sein Herz schlägt
334 2247 1516 2360 höchsten über dem Getriebe dieser Welt zu stehen scheint, auf so
2657 2273 3341 2339 dankens verständlich gemacht, daß sich
1503 2284 2658 2378 noch mit denen, die da drunten kämpfen und bluten und er fühlt
325 2298 1507 2396 hohem Felsengrat, daß fast schon das Schicksal wie eine Wolke
2655 2316 3340 2401 „Tugend“ willen zum Leichnam mache
1500 2336 2655 2425 sich noch gar nicht sicher, daß es sich ihm nicht noch einmal aus
332 2351 1502 2450 unter seinen Füßen spielt, aus diesem Akt müdester und zugleich
2639 2365 3331 2445 kehrt nun Hofreiter wirklich in sein H
1499 2378 2654 2465 der Brust stiehlt, daß er es nicht plötzlich in den lieblosen, kalten
326 2395 1503 2479 stolzester Befreiung scheint mir Schnitzlers einsamer Weg fast
2646 2419 3330 2490 heißen Liebesszeue mit Erna provozier
1497 2424 2649 2523 Händen seiner eigenen Gestalten wieder erblickt und zusehen muß,
322 2443 1496 2545 geradeaus in dieses „Weite Land“ zu führen. Vom Schauspiel,
2643 2462 3327 2546 vor die Pistole zu bekommen. Und we
1489 2474 2655 2573 wie es fern von ihm da drunten zu bluten beginnt. Denn es ist
317 2496 1506 2600 wohlgemerkt, in die Tragikomödie, Darin liegt der Fortschritt.
2637 2521 3326 2594 zum Totlachen ist, nimmt er sich den
1494 2525 2646 2624 die eigene Tragikomödie, die er dichtet. Und sie ist ihm keineswegs
321 2543 1494 2643 Von jenem Felsengrat gab's kein Aufwärts mehr. Von der Er¬
2648 2570 3337 2650 liebten, der alles weiß, mit dem er ei
1490 2571 2653 2677 lustiger geworden, seit sie den Komödienbeigeschmack erhalten hat...
324 2586 1500 2683 kenntnis, wie dieses Leben sich selber verschlingt und wieder
2652 2614 3329 2689 erhobenen Fäusten zusan mengeprallt w
1573 2638 2635 2726 Der Wiener Fabrikant Friedrich Hofreiter, der in Baden
314 2633 1488 2747 bloß dadurch, daß es weiler dauert, Schmach und u mit
2641 2665 3322 2745 der schlägt ein, denn er ist ein Philoson
1487 2659 2639 2782 eine Villa besitzt, hat seine Frau unter anderem mit der Gattin
327 2691 1490 2793 Rosen umkränzt, wie Sonnenaufgang und Sonnen##gang
2635 2706 3339 2800 Gatten: „Was ist dir denn eingefalle
1486 2737 2638 2830 seines Bankiers betrogen. Die Frau lennt die Geschichte und weiß,
319 2743 1490 2842 stärker sind, als alle angestaunten Menschlichkeiten; wie katur
2647 2762 3329 2840 noch das Geringste läge . .. wein es
1481 2780 2640 2880 daß sie gerade vorüber ist. Und ein junger Klavierspieler, der im
323 2807 1485 2882 mit ein paar grünen Blättern und ein paar bunten Biumen alle
2633 2807 3340 2889 sucht, Liebe .. .“ — und Hofrater an
1480 2836 2635 2923 Hause verkehrte, hat sich just erschossen, weil sich Frau Hofreiter
326 2841 1485 2939 insere kategorischen Imperative der Moral übertölpelt und das
2629 2870 3332 2930 dem verspür' ich allerdings verdammt
1482 2884 2638 2983 ihm versagt hatte. An sie hat er seinen einzigen Abschiedsbrief
309 2893 1482 2981 Spiel unferer Nerven, das sich hochmütig in eine Weltenharmonie
2638 2912 3325 2989 nicht der Hopf sein . . .“ Und em ande
1470 2928 2635 3020 gerichtet und ihr gestanden, daß er ein Ende machte, weil sie ihren
315 2939 1478 3038 hineinlügen möchte, brutal an ihr Gesetz des Keimens und Ver¬
2629 2961 3336 3041 Fähnrich Otto Aigner, den Sohn ein
1488 2988 2641 3078 Gatten nicht verlassen wollte. Da Hofreiter die Gattin mit Fragen
314 2992 1481 3093 gehens bindet — von dort aus gab es kein Höher mehr. Da
2638 3006 3334 3081 Freude seiner Mutter, die er selbst ##
1489 3032 2626 3132 quält, zeigt sie ihm diesen Brief. „Hättest du ihn erhört, wenn
310 3026 1479 3133 wendete sich der Dichter zurück, um das eroberte Gebiet zu über¬
2629 3061 3332 3123 Denn in dem Augenblick, in dem er ih
1478 3080 2623 3172 du gewußt hättest, daß er sich sonst tötet?“ fragt Hofreiter. „Ich
306 3079 1473 3182 schauen und das soziale Leben, das ja um ihn her während seiner
2625 3105 3332 3180 übersteht „mit seinem frechen ungen Bl#
1478 3127 2630 3223 hätt' nicht können, weiß Gott warum . . .. ich hätt' nicht können“
298 3137 1477 3228 ganzen Entwicklung so ziemlich das gleiche geblieben war, mit den
2618 3149 3329 3230 der andere oder er. Bewurdernd sieh
1467 3180 2637 3269 antwortet Frau Genia. Etwas Sonderbares geht in Hofreiter
2626 3213 3322 3272 „Wo du immer hingehen villst, ich
309 3197 3334 3356 Ergebnissen dieser Entwicklung zu revidieren. Das zwang ihn, vor. Er hat neben seiner Frau gelebt, kaum mit ihr, aber seit er dankend ab. Er hat sich in diesem Aug
