3392 4352
1337 134 1756 228 box 29/2
208 129 1173 247 24. Das westeLand
684 469 1466 576 Asches Kordmährerblatz, Olmütz
311 534 702 636 ven:1
723 604 1027 702 Theater.
1394 632 1454 719 *
416 680 1433 792 Das weite Land. Tragikomödie in 5 Akten,
595 744 1435 823 uitzler. „Das weite Lard!“ Ein sonder¬
318 767 620 863 harer W
769 799 1436 883 #gender Titel, der den Verfas¬
325 854 1441 913 fer zwingt, das Rätsel slbst zu lösen. Das weite Lund,
325 907 1439 975 erläntert er, sei die Seele, das Unergründliche, Ver¬
327 956 1430 1019 worrene, Chaotische dariv, das blindwütend den gesun¬
326 1008 1431 1071 den Menschenverstand erschlägt und alle unsere Moral¬
332 1054 1425 1101 begriffe keck über den Hausen wirft und verschlingt.
330 1103 1435 1176 Schnitzler will uns beweisen, daß dem Charakter des,
317 1142 1439 1228 was eigentlich des Charakters Wesen bildet, Konsequen,
322 1203 1435 1271 und Uebereinstimmung, gänzlich fehlt; sein Hilb ist nur
332 1249 1431 1319 ein Spielball in der Hand dieses feelischen Chaos. Ein
326 1295 1422 1353 kühnes Waquis! Im Mittelpurkte der Tragilomödie —
330 1365 1437 1419 ein in Mode gekommener Artikel — steht der Fabri¬
318 1386 1428 1448 kant Friedrich Hofreiter, ein Egoist der Liebe, nein, der
326 1451 1438 1507 Liebelei, der zielbewußt dem Wilde nachjagt und jedes
320 1499 1441 1542 Hindernis, j den Widersacher erbarmungslos zur Seite
329 1542 1432 1601 schiebt, ein Weiberjäger ohne Phrase: „Ja“ oder „Nein“.
335 1585 1434 1662 Alles andere ist überflüssig. Dieser Hofreiter macht sei¬
323 1642 1440 1703 ner Frau bittere Vorwürfe, daß sie den Liebesbewer¬
312 1689 1440 1773 bungen eines jungen Musikers widerstanden und ihn
310 1767 1421 1849 bdadurch zum Selbstmord getrieben hobe; derselbe Hof¬
321 1822 1422 1898 reiter, der doch den Ehebruch billigt, heiligt, jagt dem
314 1855 1417 1946 Fähnrich Algner, den er aus dem Schlasgemache seiner
314 1912 1416 2008 Gattin steigen gesehen, mit kaltem Biute eine Kugel
313 1965 1402 2040 urchs Herz. Und als Hofreiter am Elde seiner Lie¬
306 1989 1403 2092 besfahrt angelangt ist, als ihm der Boden unter den
293 2049 1409 2145 Füßen weggezo en wird, als Ehe und Liebschaft in
338 2124 1405 2193 rüche gehen, da ist die Stimme seines Kudes, um
304 2148 1405 2236 das er sich, in Liebesturnieren aufgehend, pie geküm¬
302 2214 1403 2283 mert haf, sein reitender Engel. Das ist das Choos in
308 2262 1405 2337 der Serle, das ist das weite Land. „Di Kinder haben
306 2306 1408 2381 ans, aber wir heben sie nicht“, heißt es an einer Stelle
318 2354 1417 2438 es Stückes; abr wenn die Kinder einmal uns haber
298 2407 1408 2485 daph wird aus dem weiten Laid ein enges, ein ganz
295 2451 1413 2530 ##ges, der kleine Kreis der F#z#ilie, die Sorge für
287 2503 1404 2581 Hos Kind. Wird Hofreiter in dem ergen Lanke Besrie¬
282 2546 1402 2633 dgung si der? Wid er, wean der Katze jommer vor¬
289 2587 1408 2674 über, seine Lebesfahrten wieh r aufnehmes? Wr neiß?
289 2648 1405 2735 Denn die Seele ist ein tortes Lond. So wun derlich
291 2697 1400 2781 der Tuel de Werkes ist, so wul derlich ist das Broblem
297 2741 1388 2824 so krous si.d die Charakteie und man wird sich mehr
292 2802 1400 2857 denn je ben ußt, daß Schmitzler trotz aller Lobpreisun¬
284 2830 1405 2929 en der Presse doch kein ech er Dromanker ist. Denn
290 2896 1401 2963 eine Probleme und Cbaraktere sird doch rur gekür¬
285 2927 1415 3013 stelt, loest utert uid dr vie'gep iesene gesstre che Dialog
291 3008 1396 3072 fl, wen man die Sacke schärfer ansieht, vuelsich ein
288 3046 1397 3128 soie ertes Geistreicheln, das ollerdings den meisten im¬
279 3101 1388 3179 poniert. Es ware töricht, Schnitzlers Begabung, vor
282 3137 1385 3228 allem seine wunderbore Beobachtungsgobe zu unter
285 3188 1392 3288 schätze; aber ebenso unbedacht ist es, seine Bedeutung
281 3238 1386 3328 im denischen Schrifttum zu überschötzen; die irst
274 3289 1392 3353 Literaturgeschichte wird dem Diomatiker pur einigee!
278 3333 1390 3434 Zeilen wiemen können. — „Das weite Layd“ ist nicht
274 3385 1384 3474 Schnitz'ers bestes Stück; daran ändert auch die Tat¬
277 3438 1376 3522 soche richts, doß dis Droma sost j de Woche im Bur.¬
274 3490 1382 3570 theater gegeben wird; denn das Burgtheoter ist schon
284 3541 1385 3632 ange richt m hr das, was es eirstens gewesen, und25#
271 3596 1377 3665 Wuner Pbiekom dorf sich nicht einbelden, in B zug
274 3639 1393 3718 auf fürftlrschen G schmock maßer beid zu sein. U ser
270 3694 1388 3762 Stodnkeoter nohm sich des Siückes biebevoll an und
261 3740 1389 3818 tat olles, dem Versosser gerecht zu werder; gonz beson¬
263 3791 1384 3857 ders seien die Lesturge des Fräuleins Grünwalh
258 3816 1377 3932 (Gerto) und des Herrn Trimbacher (Hofrene) hei
249 3880 530 3952 vo# hoben!
954 3891 1346 3966 Johannes Mach.;
306 3935 1378 4023 Wilers „Freischütz“ gelangte om 5 Febr zur W d'r¬
264 4000 1358 4063 holung. Die Rolle Aennche#s farg Fräuse n H dy Man¬
586 4051 1383 4111 45# L 4 U. „ „
2091 1608 2233 1703 S
1956 1684 2937 1797 10. # Krengpete, Mähr. Schönberg
1835 1750 1965 1834 2m1
1850 1826 2833 1928 Theater im Deutschen Vereinshause.—
1933 1904 2946 1986 Mittwoch wurde bei gut besuchten Hause Arthur!
1849 1951 2909 2028 Schnitzlers fünfaktige Tragikomödie: „Das
1842 1979 2912 2062 weite-Land“ gegeven. Die Seele ist ein weites
1835 2049 2921 2123 Land, in dem die wibersprechendsten Gefühle herrschen
1834 2085 2912 2171 und in dem Leibenschaften den immerwährenden Kampf
1823 2141 2919 2219 kämpfen. Der Mann liebt seine Frau und doch betrügt
1822 2184 2910 2258 er sie; er motiviert seine Untreue mit dem seelischen
1824 2240 2911 2314 Zwang. Die Gattin verläßt ihren Mann, von dem sie
1823 2291 2900 2362 weist, daß er ihr untreu geworben, dennoch ist sie ihm
1826 2331 2895 2392 in Liede ergeben. Brennende Eifersucht treibt den Mann
1817 2356 2895 2452 zu unerlaubten Handlungen und blasierte Gleichgiltig¬
1824 2423 2903 2515 keit läßt die Liebe der Gattin erkalten, Ein Chaod
1824 2468 2913 2547 Vos einer Charakterzeichnung auch nur einer einzigen
1826 2515 2908 2589 Figur kann in diesem Stücke füglich nicht die Rede
1830 2563 2897 2644 sein. Verschwommen und verwischt erscheinen die Ge¬
1828 2613 2897 2686 stalten, die chaotische Menschenstele tritt immer in den
1810 2655 2909 2738 Vorbergrund. Die Durstellung war gut. Richtig erfaßt
1823 2710 2904 2767 und wirkungsvoll wiebergegeben war der Hofreiter des
1819 2763 2898 2849 Herrn Trimbacher, vorzüglich war Frl. Grün¬
1811 2799 2894 2884 walb als Genla. Die Herren Labatt, Götz,
1817 2852 2886 2933 Hellmer und Froon und die Damen Marec,
1803 2916 2885 2979 [Karina, Alberty und Liebwalt trugen nach
1796 2950 2911 3045 Kräften bei, daß das Stück affentvoll zur Darstellurg
1802 2993 2012 3078 gelangte.
