3392 4256
672 10 1448 90 eeet Weit d 11.
425 68 1458 133 nötige Geduld, Beliebtheit und Protektion be¬
440 102 1462 195 sipzt, sondern wul er mit zu ien WWenigen gehört,
428 145 1454 236 denen die Kunst nicht so sehr Broterwerb, svielmehr
425 185 1456 288 Bedürsnis ist, wirtliche Menschen auf die
426 236 1451 318 Bühne zu stell, Mensch u mit all' ihren Vor¬
419 284 1449 376 zügen und Schwächen, ihren Lannen und Citel¬
414 324 1450 402 leiten, ihren Halbheiten und Verrücktheiten, unie
421 380 1445 459 man sie im Leben =wirtlich vorfindet, nur daß jie
416 416 1454 512 nicht den Mut haben, Farbe zu belennen und
419 464 1447 547 lieber als Sonderlinge das Läch lu oder Mit¬
418 508 1446 601 leid der Menge erregen, als offen zu bekennen:
406 551 1448 632 So bin ich einmal und nicht anders, so müßt
410 595 1427 688 ihr mich nehmen, zum Herdenmenschen kann ich
406 649 1438 741 nicht herabsinken. Herr Korff ist in der Welt
395 688 1430 789 weit herumgekommen, er hat. Menschenkenntnis ge¬
391 725 1433 833 sammelt, ihm sind sie alle begegnet: Die Nier¬
383 863 1429 959 scheauer und Bekenner Schopenhauers, die Kohnn¬
386 938 1424 1006 und andere Barone, die Snobs, Hochstapter und
384 977 1425 1040 Borsenjuden, die Rralistn mittihren scheinheiligen
381 1029 1424 1078 Gesichtern und Idealisten von ränster Tentungs¬
387 1065 1433 1143 art was Wunder, daß es ihmbe solch genialer
395 1106 1433 1184 Begabung nicht schwer sältt, aus dem Vollen zu
385 1156 1422 1232 schopfen und allen Intentjonen des Tichters ge¬
385 1200 1429 1280 recht zu werden. Und gerude Schnitzser braucht
385 1250 1417 1318 so selzstlose, begabte Künshler, die in der Tiese
374 1284 1422 1370 schürfen, den Vorgängen auf der Bühn mensch¬
377 1339 1419 1413 liches Lebim einhauchen, die sich der schweren
373 1391 1425 1460 Arbeit unterziehen, der psychologischen Entwich¬
377 1427 1407 1508 lung des Dramas nachzugehen, persönlichen Ehr¬
374 1488 1408 1555 geiz hintanhalten und reines Menchenium zur
379 1528 1416 1574 Darstellung bringen. Den Friedrich Hofreiter
370 1571 1405 1637 wird Herrn Korff nicht gleich in Zweiter nach¬
373 1620 1415 1683 spielen; so vollendete Kunst, bar aller Mätzchen
371 1664 1403 1735 und Effetthascherei, muß auch dem elendsten Mach¬
371 1709 1403 1773 werk der Pocterli zu vollem Erfolg verhelsen,
366 1757 1407 1805 geschweige denn gar, wenn Schnitler zu unsspricht.
369 1799 1405 1873 „Das weite Land“ ist bei der ersten Aufführung
357 1852 1412 1896 in Wen verschieden beurteilt worden; das darf
364 1898 1401 1959 einen nicht Wunder nehmen, denn das Studium
368 1926 1413 1999 der Kritiken in den einzelnen Wiener Blät ern
362 1972 1403 2051 über die Erstaufführungen ist an und für sich
364 2027 1399 2094 eine Komödie der Komödien. Der eine schimpft,
346 2074 1394 2154 der andere lobt, der glüht vor Begeisterung, der
358 2113 1395 2200 andere wiederum pfaucht und schnaubt — es ist
359 2168 1395 2237 zum toll werden. Für viele Referenten ist eben
355 2214 1388 2274 das Ggaubensbekluntnis des Autors u. Chefredat¬
358 2253 1393 2343 ters noch immer das Maßgebenoste, das Können
355 2297 1387 2363 kommt erst in zweiter Linie in Beeracht.“ Man
358 2341 1386 2419 braucht kein Menschentenner ersten Ranges zu
350 2381 1394 2461 sein; aber die Typen, in Schnitzters fünfaltiger
354 2436 1389 2517 Tragitomödie, kommen sie ims Leben nicht wirtlich
352 2484 1382 2557 vor? Der Fabxikant Hofreiter und seine. Fran
348 2526 1387 2608 Genia, die Schauspieterin Aigner und ihr Sohn
340 2572 1376 2653 Otto, Dr. Mauer und Schriftsteller Rhon, Bantier
345 2613 1384 2696 Nutter, Erna Wahl und wie sie sonst alle heißen?
347 2648 1379 2745 Und die Fabel der Handlung, wiederholt sie
355 2705 1383 2789 sich auf unserem weiten Erdenball nicht hunderr
349 2760 1375 2836 und hundert Mal? „Die Seei „.. ist sein weites
334 2800 1288 2876 Land, wie ein Dichter es einmal ausdrückte.
417 2850 1374 2911 Herr Korff wurde auf das herzlichste ge¬
339 2894 1371 2965 feiert; der Beisall setzte schon nach dem ersten
332 2943 1368 3012 Aufzuge ein und steigerte sich von Alt zu Akt;
341 2983 1374 3041 immer wieder mußte dev geniale Kenstler vor die
338 3025 1378 3111 Rampe, um den Dank einer begeisterten Zuhörer¬
339 3072 1368 3151 schaft entgegenzunehmen. Von den übrigen Mit¬
336 3123 1360 3187 wirkenden verdient Foan Helene Bgruttau¬
327 3158 1370 3235 Stiastny zunächst genannt zu werden. Sie wurde
334 3214 1361 3295 der schwierigen Aufgabe der Genia in Bezugsauf
325 3255 1351 3333 Auffassung und Darstellung in jeder Weise gerecht.
336 3299 1364 3376 Sehr gewinnend spielte Frl. Ida May die Crna,
327 3345 1355 3424 geschwätzig=wichtig Frau Friegirike Schsart die
333 3389 1355 3456 Frau Wahl, sein=resigniert Frau Irma Rucher
326 3438 1364 3512 die Schauspielèrin Aigner, großstädlichsgewandt
325 3475 1359 3545 Frl. Toni Horwitz die Adele Natter; rcht
326 3522 1354 3595 putzig war Frl. Marie Dvill als Frau #.on.
329 3568 1345 3631 Für den zart fühlenden und empfindenden Dr.
326 3614 1351 3697 Mauer war Herr Eduard Gebhard der rchte
313 3654 1343 3737 Mann. Ein Lebenswüediger Otto war Herr L#o¬
322 3712 1354 3788 pold Gabel, ein vornehmed Tottor Aigner Herr
322 3751 1361 3814 Duffet, ein gedieg.ner Schriftsteller Rhon Herr
318 3795 1353 3865 Stefan Martin; in keineren Roll'n wirk en die
315 3832 1344 3921 Herren Hugo Bauler (Gustav), Kurl Hübner
324 3883 1352 3955 (Stanzides) und Hans Fuchs (Kreindt) und hal
308 3925 1108 4009 Karner (Rosenstoc) erfolgreich mit.
1031 3987 1292 4064 Dr. I. M.
1946 61 2966 122 10. Augu
1950 115 3031 173 nahmsweise werden keine Fleischmarken abgenommen.
1954 159 3038 229 Preis 10 Dkg. Leberwurst 40 h, 10 Dkg. Blutwurst
1944 176 3041 251 30 h. 2. An alle Parteien mit und ohne
1945 243 3044 301 U=Ausweisen bei allen Fleischern ohne Rücksicht
1940 291 3040 356 auf die Kundeneintragung am Montag den 6.August,
1945 355 3040 404 [Dienstag den 7. August und Donnerstag den
1943 388 3045 468 9. August Verkauf von Schöpsenfleisch. Verkaufszeit
1945 455 3033 516 während des ganzen Tages. Höchste Kopfmenge 18 Dkg.
1954 495 3047 567 Ausweis: Allgemeine Lebensmittelkarte und Fleisch¬
1951 553 3047 613 karte. Abgenommen werden ausnahmsweise nur die
1952 603 3038 654 Fleischmarken der Verkaufstage. Preis 11 K für ein
1949 652 3039 714 Kilogramm. 3. An alle Parteien mit U=Aus¬
1950 695 3043 750 weisen, welche keine Küche besuchen:
1941 722 3045 809 [Mittwoch den 8. August und Sonnabend den
1955 795 3042 863 11. August Verkauf von Rindfleisch in den stödtischen
1947 847 3041 883 Verkaufsstellen im Rathaushofe, am Töpferplatze, in
1941 895 3036 941 der Fleischergasse, Friedländer Straße, Rofengasse,
1944 928 3042 1014 am Kleinen Ringe, in der Andreasgasse und für den
1952 989 3047 1057 Stadtteil Kranich im Schlachthofe. Verkaufszeit nur
1944 1028 3051 1102 vormittags von 8 bis 11 Uhr, nachmittags findet kein
1944 1087 3051 1152 Verkauf statt. Höchste Kopfmenge 12 Dkg. Ausweis:
1951 1128 3049 1206 Allgemeine Lebensmittelkarte, U=Ausweis und Fleisch¬
1955 1187 3040 1252 karte. Abgenommen werden die Fleischmarken der Ver¬
1952 1239 3042 1310 kaufstage. Preis 4  ein Kilogramm. 4. Analle
1946 1273 3046 1348 Parteien mit U=Ausweisen, auch wenn
1944 1330 3042 1404 sie die Küchen besuchen: a) Montag den
1955 1390 3042 1444 6. August Verkauf von Schweinefleisch in den unter 3.
1941 1436 3047 1496 genannten städtischen Verkaufsstellen. Verkaufszeit nur
1941 1481 3041 1544 vormittags von 8 bis 11 Uhr, nachmittags findet kein
1942 1529 3048 1598 Verkauf statt. Reihenfolge: Die Parteien mit den Buch¬
1946 1589 3044 1643 staben M bis Z. Höchste Kopfmenge 12 Dkg. Ausweis:
1945 1625 3042 1690 Allgemeine Lebensmittelkarte, U=Ausweis und Fleisch¬
1940 1678 3046 1724 karte. Abgenommen werden die Fleischmarken des
1945 1720 2818 1803 Verkaufstages. Preis 5 K ein Kilogramm.
2047 1787 3039 1837 X Der Seefisch= und Gemüseverkauf im Rat¬
1944 1840 3043 1895 haushofe wird heute vormittags von 8 bis 10 Uhr
1950 1890 3055 1961 und morgen vormittags von 8 bis 12 Uhr fort¬
1956 1935 2112 2000 gesetzt.
2049 1985 3050 2048 X Ausgabe von Kartoffelmehl und Maisgrieß.
1954 2039 3042 2086 An die Haushaltungen kommt für jede Person Ende
1952 2090 3047 2139 dieser Woche wegen Mangel an Getreidemehl ein
1957 2140 3047 2207 halbes Kilogramm Kartoffelmehl und Mitte näch¬
1953 2188 3034 2253 ster Woche ein halbes Kilogramm Maisgrieß zur
1958 2241 3048 2284 Ausgabe. Die Abgabe beider Mahlerzeugnisse er¬
1958 2282 3040 2352 folgt nur gegen Mehlkarte, und zwar das Kartoffel¬
1956 2341 3030 2395 mehl zum Preise von 2 K 80 h für ein Kilogramm,
1953 2391 3041 2449 der Maisgrieß zum Preise von 76 h für ein Kilo¬
1948 2435 3031 2487 gramm. Die Bestellungen sind bei den Mehl¬
1949 2482 3034 2532 verschleißern, in deren Kundenlisten die Haushal¬
1954 2532 3049 2582 tungen eingetragen sind, gleichzeitig,, und zwar bis
1953 2584 3050 2644 einschließlich Dienstag den 7. August
1950 2632 3049 2677 vorzunehmen. Hiebei haben die Mehlverschleißer für
1958 2688 3038 2744 Kartoffelmehl die den bestellten Mengen entsprechen
1957 2725 3037 2784 den Abschnitte der Mehlkarten für die 122. Brot¬
1947 2780 3039 2825 kartenwoche, für Maisgrieß die den bestellten Men¬
1954 2828 3041 2875 gen entsprechenden Abschnitte der Mehlkarte für
1944 2865 3038 2920 die 123. Woche abzunehmen und dieselben am Mitt¬
1954 2924 3034 2977 woch den 8. August im Amtszimmer Nr. 12 zur
1944 2974 3039 3034 Ausstellung der Bezugsscheine für die Mehlvertei¬
1946 3024 3043 3070 lung abzuliefern. Die Haushältungen werden auf¬
1948 3075 3038 3136 merksam gemacht, die Bestellungen rechtzeitig vorzu¬
1953 3124 3030 3173 nehmen, falls sie Kartoffelmehl und Maisgrieß ha¬
1945 3169 3038 3216 ben wollen, weil die Verschleißer später keine An¬
1952 3216 3021 3312 meldungen mehr entgegennehmen dürfen.
2209 3256 2376 3336 ##
2074 3310 3049 3402 Reichenberger Stadttheater.
2203 3379 3035 3455 Das weite Land. Tragikomödie in fünf
2055 3406 3035 3504 VAufzügen von Arthur Schnitler. (Gast¬
2128 3488 2791 3559 spiel Arnold Korff. 1. Avend.)
2033 3527 3037 3612 Enk#ilbert Pernerstorfer, nicht bloß ein hervorra¬
1918 3585 3034 3646 gender Politiker, sondern auch ein geistvoller Kritiker,
1938 3641 3032 3711 hat einmal Schnitzler wie folgt beschrieben: Durchgrei¬
1945 3690 3043 3761 sende Charakteristik der Personen, feine Psychologie
1939 3751 3036 3812 und witzige Behandlung. Alle diese Vorzüge weist
1935 3794 3029 3849 auch das Freitag aufgeführte „Weite Land“ auf: Nur
1936 3855 3038 3922 ein Arzt. das d# Leib wie das Gemüt gleichmäßig
2518 4037 2894 4119 A—
