3344 4352
179 166 1148 288 24. Das weite Land
1296 184 1764 271 box 29/2
1308 955 1521 1146 7
601 1109 1387 1238 Dr. Max Goldschmidt
740 1227 1242 1307 S Bureau für G
738 1279 1256 1375 Zeitungsausschnitte
548 1362 885 1430 Berlin N. 24
1116 1362 1413 1440 Telephon IHl, 3051.
805 1469 1182 1556 Ausschnitt aus
546 1561 1411 1684 Königsberger Anzeiger, Königsberg Ostpr.
1550 1674 2525 1743 liebten, um ein neues Leben zu beginnen .. . „S'
1549 1732 2524 1788 hat halt alles so kommen müssen“, heißt es am
1553 1763 2528 1833 Schluß. Aber wenn wir dem Dichter auch das
1552 1808 2532 1870 Phochologische des „Falles Hofreiter“ glauben: der
846 1790 1213 1881 =1 12 111
1549 1854 2541 1916 Versuch, die Idee des „weiten Landes“ als Drama
1552 1891 2544 1946 zu geben, mußte Fragment und Experiment blei¬
769 1857 1357 1992 „Das weite Land.“
1557 1933 2532 1977 ven, denn das Komplizierte und Chaotische als
1551 1961 2531 2028 Prinzip widersetzt sich seinem Wesen nach jeder
651 1958 1001 2021 „Das weite L
1108 1956 1550 2043 die neue Tragiko¬
1572 2015 2525 2069 — also auch besonders der auf Bedingtes und Ge¬
583 2004 1023 2069 mödie von Arrhür
991 1976 1553 2081 Schnipler mit Heinz
1567 2046 2532 2117 schlossenes angewiesenen dramatischen Form.
570 2054 1548 2119 Monnard als Friedrich Hofreiter: das war am
1559 2085 2255 2149 Ueberdies ist der eigentliche Stoff —
2243 2087 2532 2147 wie alles in
577 2095 1543 2147 Donnerstag ein künstlerisches Ereignis im
1551 2127 2519 2170 der Liebe — so ausgesprochen tragisch, daß das
568 2122 1539 2194 Neuen Schauspielhause. „Die Seele ist
1547 2164 2523 2223 Komische, soweit es hier überhaupt als komisch
571 2176 1546 2237 ein weites Land“ sagt der Doktor von Aigner im
1555 2207 2525 2256 und nicht als possenhaft bezeichnet werden kann,
577 2200 1536 2267 dritten Akt des Stückes; doch wenn man das ge¬
1555 2248 2521 2304 nur als störend und nicht stilgemäß empfunden
573 2260 1546 2312 wissermaßen als Leitmotiv des Ganzen nehmen
1559 2286 2527 2336 werden muß. Weshalb sich mithin in dem „wei¬
576 2296 1546 2342 will, so muß man hinzusetzen: auch die Liebe ist
1556 2321 2517 2367 ten Land“ eigentlich nur ein psychologisch inter¬
581 2337 1542 2392 es. Denn wieder ist es ein durchaus erotisches
1556 2359 2529 2429 essantes Panorama auftut ... Herr Heinz Mon¬
569 2370 1541 2420 Problem, an das sich Schnitzler hier wagt: das
1553 2405 2521 2461 nard rechtfertigte den guten Ruf, der iym vor¬
578 2414 1541 2459 Problem der komplizierten Erotik, der das Chaos
580 2453 2530 2497 das einzig Natürliche ist. Wenn etwas im Leben ausging und bot als Hofreiter eine sehr wirkungs¬
1544 2476 2525 2536 voll gezeichnete Seelenstudie; zuweilen hätten wir
569 2486 1541 2542 nicht einfach, nicht mit Händen zu greifen, nichts
1541 2523 2506 2576 ihn uns allerdings etwas weniger brutal und
573 2531 1541 2581 Bestimmtes und Reales ist, so ist es die Liebe, das
1555 2559 2514 2612 „dämonisch“ gewünscht. Als Genia fesselte Frau
561 2571 1544 2625 Land der unbegrenzten Möglichkeiten und der en.¬
1545 2598 2522 2644 Rosner durchweg durch ihr von innen heraus
573 2608 1541 2659 losen Perspektiven. In der Liebe weiß man nie
1544 2641 2512 2695 gestaltetes, verlebendigendes Spiel, das zuweilen
572 2650 1535 2694 was die nächste Stunde bringt und welche Kom¬
1545 2672 2525 2731 allerdings noch einfacher und schlichter hätte sein
561 2692 1541 2736 plikationen das scheinbar Ueberwundene noch zei¬
1550 2716 2506 2760 können. Herr Aldor erschien für seinen Kadet¬
566 2725 1534 2780 tigen kann; alles in ihr ist weit, endlos, unbe¬
1550 2749 2530 2814 ten um einen Grad zu ernst und reif, Fräulein
571 2759 1541 2819 stimmt, seltsam und unergründlich. Und wer in
1543 2793 2516 2847 Sering als Erna talentvoll, aber nicht unge¬
570 2804 1531 2860 ihrem Reiche wandert, der kann nicht auf dem
1544 2831 2529 2879 zwungen natürlich genug. Gut waren die Herren
559 2845 1537 2897 „rechten Wege“ bleiben, weil es keinen solchen gibt.
1546 2867 2519 2939 Falke, Werder, du Bois=Reymond,
562 2880 1537 2935 Der Fabrikant. Friedrich Hofreiter erfährt von
1544 2915 2517 2951 Förster, Hirsch, Gerdes, und Perl¬
569 2919 1533 2974 seiner Frau Genia, daß sich sein Freund, der
1545 2947 2520 3005 berg und angemessen die Damen Peppler und
560 2965 1528 3014 Virtuose Kosorkow um ihretwillen und weil sie
1545 2991 2515 3054 Bauer, während Frau Wolter als Schau¬
566 2995 1527 3049 ihm nicht Geliebte sein wollte, erschossen hat. Da¬
1546 3030 2521 3073 spielerin ziemlich eindruckslos blieb. Im übrigen
566 3042 1532 3097 durch wird ihm Genia innerlich noch fremder, als
1538 3068 2520 3114 hätte die Aufführung im ganzen mehr Fluß haben
569 3077 1527 3129 sie es schon vorher war: es ist ihm ein unerträg¬
1550 3110 2525 3168 dürfen: sie zog sich ganz unverhältnismäßig.
570 3113 1543 3165 licher Gedanke, daß die Tugend seiner Frau einen
1547 3143 1761 3199 lange hin.
2254 3149 2508 3221 W. K—n.
562 3162 1544 3221 Menschen in den Tod getrieben hat, und er macht
553 3190 1545 3255 keinen Hehl daraus. Dann, nachdem er selbst
563 3238 1553 3289 andere Liebesrosen gepflückt hat, muß er sich mit
560 3273 1548 3338 eigenen Augen überzeugen, daß auch Genia ihm
565 3308 1552 3372 untreu ist. Aber wenn er sich vorher auch über
562 3352 1555 3412 ihre Tugend aufhielt und sich nicht mehr viel aus
556 3396 1541 3445 Genia macht: ihren Fehltritt kann er, der in der
557 3435 1540 3488 Liebe soviel versteht und erfahren hat, doch nicht
554 3465 1544 3532 verzeihen: Genias Liebhaber, ein junger Kadett,
563 3511 1550 3571 wird von ihm im Duell erschossen. Und er trennt
559 3553 1563 3615 sich sowohl von seiner Frau als auch von der Ge¬
