3392 4448
292 44 467 148 24
1402 26 1861 137 box 28/2
449 51 1254 164 bas weite-Land
2697 1235 3379 1324 weiß, daß sein Freund sterben mußte
1540 1133 2701 1342 ie dent henti n inten ein in ie Gelt uensene
2692 1308 3374 1360 trotzdem sie ihm gut war, ist sie ihm
1539 1325 2514 1387 Erkenntnis und schwindender Jugend geworden war.
2693 1353 3386 1423 ist ihm unheimlich, daß ihre Tugend
1622 1350 2705 1424 Die „Komödie“ schwebt freilich ein wenig über diesem
506 1317 1067 1483 Der Morgen, Wich.
2695 1394 3385 1460 nur unter Gänsefüßchen denken kann
1546 1403 2692 1475 Stück; sie liegt mehr in der Betrachtung und in den Beleuchtungs¬
2686 1453 3399 1515 kein Recht hatte, ein Schemen also,
1542 1455 2699 1522 absichten des Dichters, als in der Führung der Handlung und in
2705 1504 3380 1569 einen anderen Menschen in den Tod #
1541 1508 2706 1583 den Schicksalen der Personen. Eine Tragikomödie entsteht gewöhnlich
753 1501 1111 1631 16 10. 1910
2699 1563 3385 1619 unheimlich, und so verrückt das klingt,
1547 1559 2707 1627 dadurch, daß der Dichter die Karikatur, die dem Helden für den
2696 1604 3389 1671 er selbst die innere Freiheit, das N
1551 1606 2697 1671 erharmungslosen Beobachter ins Gesicht geschrieben ist, mitzeichnet.
2693 1644 3379 1725 der Treue und Tugend der Gattin,
1551 1660 2693 1724 Und dadurch, daß der Dichter zeigt, wie das Leben auf die Kon¬
476 1665 1464 1753 Der neue Schnitzler im Burgtheater.
2697 1680 3406 1767 schon wieder braucht, weil er nach der
1552 1711 2705 1768 tinnität einer tragischen Entwicklung keine Rücksicht nimmt, sondern
373 1713 1545 1824 „Das weite Land“ Tragkomist in funf uten. Erse Aufährung an Wieper,
2697 1736 3406 1819 etwas modernisierten Hilda Wangel,
1545 1752 2706 1820 seine Banalitäten, seine kleinen Bosheiten gegen das Helden¬
719 1783 1242 1845 Burgtheater am 14. Oktober 1911.
2700 1788 3405 1860 Hotel treffen sich die beiden, denn Hof
1535 1802 2700 1868 mäßige rücksichtslos d. zwischenwir##. Hier aber entsteht die Tragi¬
474 1807 1554 1896 Es ist wieder ein Stück, dessen Titel unter Anführungs¬
2695 1849 3407 1912 Gebirgstour verordnet, und Erna flieg
1533 1841 2698 1936 komödie im wesentlichen daraus, daß der Dichter auf die
375 1888 1543 1949 zeichen steht. Nicht das erste dieses Dichters. Diese ungeschriebenen
2705 1905 3384 1957 er zurückkommt, macht er in Baden, eh
1548 1917 2698 1971 Tragödie des Lebens von einer Warte herabsieht, von deren
383 1927 1541 1991 und doch so deutlichen Anführungszeichen spuken schon um sein
2706 1941 3399 2023 geht, Erna eine nächtliche Fensterpron
1548 1962 2701 2028 Höhe aus gesehen die tragische Gebärde etwas Putziges, etwas
371 1968 1555 2052 erstes Schauspiel „Das Märchen“, man fühlt sie um die Titel
2707 1991 3401 2074 heit bemerkt er, wie ein Fähnri
1539 2000 2711 2070 marionettenhaft Drolliges erhält, aus der ein Kampf auf Tod
379 2016 1551 2093 „Liebelei“, „Freiwild“, „Lebendige Stunden", „Zwischenspiel“,
2712 2041 3387 2112 seinem Hause verkehrte, just aus
1555 2045 2708 2114 und Leben kaum mehr von einem Maulschellenduell der Poli¬
380 2050 1548 2149 „Der Ruf des Lebens“. In diesem Drama werden sie am
2706 2094 3395 2153 seiner Frau steigt. Frau Genia ha
1543 2104 2700 2177 chinelles zu unterscheiden ist. Ganz drüber hinaus wäre er, wenn
386 2124 1543 2185 lebendigsten, ringen am kräftigsten nach dramatischer Schlagkraft.
2698 2136 3407 2211 Ihr eigener Gatte hat ihr ja di
1542 2152 2706 2210 er dieses Leben, auf dem er emporgestiegen ist unter dem Messer
382 2163 1550 2241 Und aus dem letzten Akt des Schauspiels vom Ruf des Lebens,
2707 2192 3404 2260 dankens verständlich gemacht, daß sich
1556 2196 2709 2272 halten könnte, wie der Anatom die Leiche. Aber sein Herz schlägt
385 2230 1550 2289 in dem mir der Dichter, nach dem „Schleier der Beatrice“, am¬
2712 2233 3410 2300 „Tugend“ willen zum Leichnam machen
1548 2235 2713 2307 noch mit denen, die da drunten kämpfen und bluten und er fühlt
382 2265 1551 2338 höchsten über dem Getriebe dieser Welt zu stehen scheint, auf so
2712 2285 3409 2349 kehrt nun Hofreiter wirklich in sein Ha
1543 2289 2711 2357 sich noch gar nicht sicher, daß es sich ihm nicht noch einmal aus
386 2314 1547 2389 hohem Felsengrat, daß fast schon das Schicksal wie eine Wolke
2704 2341 3401 2406 heißen Liebesszene mit Erna provoziert
1557 2339 2703 2407 der Brust stiehlt, daß er es nicht plötzlich in den lieblosen, kalten
377 2359 1553 2419 nter seinen Füßen spielt, aus diesem Akt müdester und zugleich
2713 2387 3399 2454 vor die Pistole zu bekommen. Und wei
1559 2394 2709 2466 Händen seiner eigenen Gestalten wieder erblickt und zusehen muß,
382 2415 1551 2500 stolzester Befreiung scheint mir Schnitzlers einsamer Weg fäst
2711 2427 3409 2499 zum Totlachen ist, nimmt er sich den
1552 2435 2713 2510 wie es fern von ihm da drunten zu bluten beginnt. Denn es ist
377 2459 1554 2533 geradeaus in dieses „Weite Land“ zu führen. Vom Schauspiel,
2708 2484 3410 2550 liebten, der alles weiß, mit dem er ei
1558 2492 2704 2563 die eigene Tragikomödie, die er dichtet. Und sie ist ihm keineswegs
392 2507 1557 2580 wohlgemerkt, in die Tragikomödie. Darin liegt der Fortschritt.
2709 2535 3407 2591 erhobenen Fäusten zusammengeprallt w#
1546 2550 2699 2633 lustiger geworden, seit sie den Komödienbeigeschmack erhalten hat...
388 2566 1553 2623 Von jenem Felsengrat gab's kein Aufwärts mehr. Von der Er¬
2715 2585 3408 2670 der schlägt ein, denn er ist ein Philoso
1636 2605 2704 2665 Der Wiener Fabrikant Friedrich Hofreiter, der in Baden
393 2612 1555 2674 kenntnis, wie dieses Leben sich selber verschlingt und doch wieder
2705 2633 3410 2706 Gatten: „Was ist dir denn eingefalle
1552 2644 2713 2714 eine Villa besitzt, hat seine Frau unter anderem mit der Gattin
382 2661 1562 2735 bloß dadurch, daß es weiter dauert, Schmach und Grauen mit
2701 2679 3403 2749 noch das Geringste läge ... wenn es
1556 2701 2705 2767 seines Bankiers betrogen. Die Frau lennt die Geschichte und weiß,
388 2695 1557 2786 Rosen umkränzt, wie Sontenaufgang und Sonnenuntergang
3073 2727 3407 2797 und Hofreiter an
2712 2733 3021 2801 sucht, Liebe ...“
1549 2760 2710 2816 daß sie gerade vorüber ist. Und ein junger Klavierspieler, der im
395 2762 1549 2838 Kärker sind, als alle angestaunten Menschlichkeiten; wie die Natur
2711 2786 3390 2849 dem verspür' ich allerdings verdammt
1552 2795 2705 2859 Hause verkehrte, hat sich just erschossen, weil sich Frau Hofreiter
381 2810 1550 2878 mit ein paar grünen Blättern und ein paar bunten Blumen alle
2710 2831 3400 2904 nicht der Hopf sein . . .“ Und am and
1544 2845 2713 2915 ihm versagt hatte. An sie hat er seinen einzigen Abschiedsbrief
387 2864 1555 2939 unsere kategorischen Imverative der Moral übertölpelt und das
2719 2880 3409 2940 Fähnrich Otto Aigner, den Sohn e
1550 2898 2711 2976 gerichtet und ihr gestanden, daß er ein Ende machte, weil sie ihren
396 2910 1557 2977 Spiel unserer Nerven, das sich hochmütig in eine Weltenharmonie
2710 2924 3382 2995 Freude seiner Mutter, die er selbst
1559 2938 2713 3022 Gatten nicht verlassen wollte. Da Hofreiter die Gattin mit Fragen
390 2954 1559 3023 hineinlügen möchte, brutal an ihr Gesetz des Keimens und Ver¬
2711 2970 3408 3041 Denn in dem Augenblick, in dem er i
1549 2992 2710 3067 quält, zeigt sie ihm diesen Brief. „Hättest du ihn erhört, wenn
393 3005 1565 3085 gehens bindet — von dort aus gab es kein Höher mehr. Da
2714 3026 3396 3088 übersteht „mit seinem frechen jungen B
1555 3047 2701 3132 du gewußt hättest, daß er sich sonst tötet?“ fragt Hofreiter. „Ich
399 3053 1557 3127 wendete sich der Dichter zurück, um das eroberte Gebiet zu über¬
2709 3061 3403 3139 der andere oder er. Bewundernd sie
1555 3094 2706 3164 hätt' nicht können, weiß Gott warum . . .. ich hätt' nicht können“.
403 3106 1553 3182 schauen und das soziale Leben, das ja um ihn her während seiner
2708 3128 3395 3190 „Wo du immer hingehen willst, ich
1554 3136 2719 3207 antwortet Frau Genia. Etwas Sonderbares geht in Hofreiter
404 3159 1557 3226 ganzen Entwicklung so ziemlich das gleiche geblieben war, mit den
395 3223 3398 3279 Ergebnissen dieser Entwicklung zu revidieren. Das zwang ihn, .vor. Er hat neben seiner Frau gelebt, kaum mit ihr, aber seit er dankend ab. Er hat sich in diesem Au
