3344 4352
1355 188 1786 287 box 28/2
227 197 1186 296 24. Das
117 1283 416 1372 iebesumarmung
431 1320 1567 1403 diegenheit, von jener Liebe im Detail, die ja Thimig immer
132 1356 411 1421 ätte. Und ihn
435 1371 1556 1443 gezeigt hat. Der Dialog zeigte eine sorgfältige Behandlung, wie
131 1401 409 1465 du gehörst nicht
430 1420 1573 1504 seit langem nicht, die zahlreichen Proben haben sich gelohnt,
127 1455 405 1520 h keine Stunde
430 1464 1555 1543 wenn auch im Augenblick noch der unvermeidliche Rückschlag an¬
143 1506 404 1571 einem frechen
432 1509 1562 1604 strengender Probenarbeit nicht überwunden sein kann. Als
123 1549 396 1615 man kann doch
416 1569 1560 1653 Fabrikant Hofreiter hat sich Korff endlich einmal in einer
129 1601 397 1668 a. — Ich nie¬
422 1623 1559 1700 entscheidenden Rolle ausleben können. Er hat die Figur innerlich
127 1656 409 1713 emandem, will
426 1667 1553 1735 wie äußerlich vollkommen bezwungen und rein schauspielerisch mit
121 1694 403 1765 ie seines heim¬
413 1706 1559 1793 den vornehmsten Mitteln das letzte geleistet. Wünsche, die einem
128 1751 393 1815 freiter: „Percy
412 1766 1560 1847 etwa noch übriggeblieben sind, sind im doppelten Sinne rein
128 1800 398 1875 im' schon! Da
417 1810 1550 1897 persönlicher Natur. Man mag ja diesem Hofreiter vielleicht ein
417 1865 1547 1953 wenig mehr Betonung des Dämonischen, ein bißchen mehr
129 1901 387 1960 e von wunder¬
403 1905 1557 1975 analytische Selbstquälerei gewünscht haben. Aber das muß im
128 1945 400 2009 sster und kraft¬
407 1964 1548 2042 Sinne des Dichters nicht einmal richtig sein und sicher lag es so
129 1998 388 2060 der Erkenntnis
414 2002 1547 2075 ziemlich außerhalb des für Korff Erreichbaren. Er hat jedenfalls
131 2045 378 2108 ofmeisters hat
411 2063 1546 2141 gezeigt, daß das Burgtheater einen Nachwuchs hatte, auch als die
133 2096 384 2157 das Geringste
404 2103 1545 2180 Alten noch lebten, daß es Künstler besitzt, die zu den höchsten
130 2143 388 2208 Liebe wirklich
403 2147 1547 2227 Leistungen befähigt sind, wenn man sie zu nützen versteht. Frau
120 2179 383 2258 ber dann ...
406 2199 1552 2288 Marberg als Genia ist jenseits von Lob und Tadel. Sie war
134 2239 381 2309 Das ließ' ich
401 2248 1533 2340 korrekt, anständig, kühl und fabelhaft uninteressant. Die „Jugend“.
130 2288 382 2356 und Frechheit,
407 2299 1536 2389 spielte Frl. Hofteufel ganz ausgezeichnet bis zum letzten Akt,
138 2342 378 2408 von rasender
394 2344 1534 2436 in dem sie nicht mehr ganz ausreichte. Auch für die übrigen
142 2392 374 2454 das find' ich
398 2405 1530 2490 Rollen war das beste und vornehmste Burgtheater aufgeboten
120 2426 377 2499 ich hier brüstet,
402 2458 1536 2538 worden und selbst in der kleinsten Episode machte ein Künstler
114 2488 375 2553 elingt ihr die
399 2498 1534 2595 dem Dichter seine Verbeugung. Sein Reichtum gab ihnen ihre
131 2536 384 2604 e... Darum
387 2544 830 2620 Liebe tausendfach zurück.
1231 2569 1509 2642 H. Leoster.
120 2585 383 2648 iesseits natür¬
125 2635 384 2719 oroben, vom
706 2687 895 2767 — —
130 2730 382 2816 einen Festtag
144 2782 380 2847 stand hinter
125 2829 371 2897 s, dem leider
115 2875 365 2943 kkannten, was
119 2926 357 2993 aron Berger
121 2978 353 3040 r wird sie
131 3026 344 3095 sie. Vielleich
124 3076 344 3148 benn er seitz
140 3124 339 3188 gestaltende
124 3177 348 3252 tbar werde
138 3224 389 3313 satten Ges
2180 283 2430 366 aus:
2417 341 2624 429 45. ()¬
2042 395 2182 445 vom:
2597 392 2853 484 01
2205 480 2441 561 Saz
2565 474 2898 594 0580r 11
2171 574 3098 659 Im Wiener Burgtheater und gleichzeitig an einer
2032 626 3103 706 Reihe anderer Bühnen ist am Samstag der neue Schnitz¬
2029 669 3105 753 ler, die Tragikomödie „Das weite Land“ aufgeführt
2033 709 3101 783 worden. Nach den vorliegenden Berichten scheint der Er¬
2033 742 3094 828 folg am stärksten in Wien und Prag gewesen zu sein; in
2030 778 3095 858 Berlin, Hamburg und Leipzig nahm man das Schausviel
2033 821 3086 917 etwas kühler auf. Die „Voss. Zig, schreibt:
2031 853 3087 946 Produktion, über die man als Gesamttitel den seines ersten
2029 891 3095 1002 Dramas „Liebelei“ schreiben könnte, fängt an, etwas Fett
2023 936 3071 1019 anzusetzen. Sie ist durch Inzucht erschlafft, durch Wieder¬
2016 970 3078 1063 holung der Motive, die immer wieder dieselbe weichliche,
2025 1006 3087 1088 verdorbene und verspielte Gesellschaft liefert. Schnitzler ist
2019 1047 3078 1137 mit fünf langen Akten um sie herumgegangen, hat eine
2015 1077 3079 1179 ziemlich „vollständige Revue über seine Lieblingstypen ab¬
2011 1119 3072 1221 gehalten vom einfachen Trottel bis zu dem illusionslosen
2011 1169 3073 1259 Lebemann, der an nichts glaubt, der aber trotzdem an die
2005 1210 3072 1302 Entscheidung der Pistole appelliert. Friedrich Hofreiter
2004 1247 3059 1335 schießt im letzten Akt den jungen Fähnrich tot, dem sich
2003 1271 3067 1371 seine Frau ergeben hat. Durch ein ganzes Leben und die
2005 1321 3065 1409 vier vorhergehenden Akte hat er sie zu oft betrogen, um
2002 1358 3054 1443 noch eifersüchtig sein zu dürfen. Er weiß wahrscheinlich
2000 1401 3076 1488 auch, daß seine Frau ihn liebt, und daß ihr stilles Werben
1994 1440 3055 1526 und Warten jedesmal den Weg zu ihm gesperrt fand. Aber
1997 1470 3049 1569 als er dem jungen Mann, der ihm sonst recht sympathisch
1985 1515 3061 1597 ist, während des Duells ins Auge sah, da mußte er treffen,
1984 1544 3064 1643 vernichten. Denn die Jugend trotzte ihn an, übermütig und
1994 1591 3049 1683 überlegen. Wenn er das Weite sucht, wird er auch das
1983 1626 3050 1716 junge Mädchen nicht mitnehmen, das ihm Jugend, Un¬
1982 1671 3040 1761 schuld und Ruf mit unbedenklicher Passion geopfert hat.
1978 1714 3044 1782 Dazu fühlt er sich nicht mehr stark genug, und er wird den
1985 1746 3039 1828 einsamen Weg gehen, wie Schnitzler früher sagte. Ueber
1978 1780 3049 1874 die Aufführung in Wien sagt ein anderes Blatt: Die
1974 1822 3035 1902 Leistung des Burgtheaters war die beste, die man in den
1965 1858 3046 1949 letzten Jahren erlebt hat. Die Regie hat Schnitzler mit
1968 1900 3038 1991 Hugo Thimig selbst geführt. In der Rolle des Fabrikan¬
1969 1930 3041 2031 ten Hofreiter spielte sich Arnold Korff, mit einer gewal¬
1959 1979 3038 2068 tigen schauspielerischen Leistung in die allererste Reihe. Die
1968 2019 3042 2121 Genia spielte Fräulein Marberg anständig und tüchtig,
1963 2056 3038 2142 die Erna Fräulein Hofteufel ausgezeichnet. Auch dien
1962 2086 3023 2183 kleinste Rolle war mit den ersten Darstellern besetzt. Die
1952 2126 3010 2222 Gesamtwirkung des Stückes kann als sehr stark bezeichnet
1963 2180 3020 2286 werden. Vom 2. Akt an konnte sich der Dichter wiederholt
1952 2205 2162 2275 bedanken.
1927 2761 2331 2838 Ausschnitt aus:
2355 2770 2924 2871 ###er Tagblatt, Graz
2462 2854 2799 2949 Abendblatt
1932 2856 2326 2943 vom; b 10 37;
2018 2959 2939 3048 Sonnabend ging am Wiener Hofburgtheater
1900 3034 2933 3087 Schnitzlers-neues Werk, die Tragikomödie
1910 3086 2917 3155 „Dasweite Land“ zum erstenmale in Szene
1896 3138 2916 3203 Sehr gerühmt wird wieder der Dialog. Die Hand¬
1895 3170 2925 3262 bildet ein Ehezwist, in dem der leichtlebige Gatte
1904 3226 2928 3278 der tugendhaften Frau einen Freibrief für dies
1888 3268 2936 3349 Sünde ausstellt, der sie in die Arme eines anderen
1889 3327 2918 3369 treibt, während er, die Liebe eines jungen Mäd¬
1902 3387 2934 3441 chens genießend, den Verführer vor seine Pistole
1901 3421 2936 3491 stellt und tötet. Von den Hauptdarstellern wird bes
1901 3468 2554 3549 sonders Korff herporaehoben.
