3392 4320
1372 105 1836 194 box 28/4
255 89 1226 202 24 Das veiteLand
957 686 2679 760 —640 IIHRRERRNNRTNIRNTHRREANIHIREAEINTEMHMHAHERHH Friedrich Düser: Immmmimimnniiniihmmnmnihmnmihmnnmmminnhme
1821 787 2670 847 Wirklich kehrt König Fadlallah, nachdem er durch
1823 832 2676 892 wechselnde Gestalten gewandert ist und so tiefere
1822 877 2686 930 Einblicke in das Leben gewonnen hat, als ein
1822 918 2684 988 würdigerer König, ein zärtlicherer Gatte und ein
1824 961 2674 1009 wertvollerer Mensch zu Thron und Gemahlin
1827 1004 2657 1057 zurück. Wie sagt doch Antonio in Goethes „Tasso“.
1903 1061 2578 1113 Inwendig lernt kein Mensch sein Innerstes
1894 1095 2585 1153 Erkennen; denn er mißt nach eignem Maß
1902 1136 2570 1186 Sich bald zu klein und leider oft zu groß.
1891 1165 2647 1236 Der Mensch erkennt sich nur im Menschen, nur
1897 1216 2561 1279 Das Leben lehret jedem, was er sei ..
1853 1245 2660 1326 Ein süßer Kern — doch leider! der Dichter die¬
1825 1317 2663 1364 ser „Komödie der Auferstehungen“ hat ihn hinter
1822 1360 2662 1407 nennmal neun Häuten und Schalen verborgen,
1819 1403 2663 1464 von denen einige recht spaßig und kunsperig zu
1825 1447 2666 1506 knacken sind, andre aber, zäh und geschwollen,
1830 1496 2666 1552 einen etwas faden Geschmack auf der Zunge zurück¬
1829 1537 2667 1586 lassen. Scherz und Ernst, Tiefsinn und Unsinn,
1824 1583 2666 1628 amüsanten Ulk und erzieherische Sittlichkeit in
1819 1628 2663 1686 eins durcheinanderzuwirbeln und aus diesem gro¬
1823 1662 2673 1711 tesken Chaos als Kosmos der Versöhnung den
1818 1719 2661 1774 Humor aufsteigen zu lassen, ist dem Dichter gar
1818 1759 2663 1815 nicht oder doch zu spät gelungen. Erst des
1822 1793 2664 1842 Ennuchen Babelbeck Epilog an die Zuschauer
1817 1842 2668 1900 schwingt sich zu der Überlegenheit und Freiheit
1821 1889 2661 1946 auf, durch die allein solche Harlekinaden und
1821 1926 2659 1982 Bellachinispäße, wie Scholz sie hier in brodeln¬
1466 1952 1804 1997 Phot. Hans Böhm, Berlin.
1827 1973 2663 2024 dem Kessel durcheinanderkocht, sich auf der Bühne
974 1971 1812 2035 Paul Wegener als Bettler Kalab in der Groteske
1811 2017 2672 2074 der Kammerspiele rechtfertigen ließen — selbst
1017 2025 1800 2091 „Vertauf, e Seelen“ von Wilhelm von Scholz.
1812 2066 2656 2110 dann, wenn alle Mitspieler die souveräne Stil¬
971 2077 1811 2159 schlägt er, von je ein Freund des Exotischen und
1817 2103 2667 2163 sicherheit bewiesen hätten, die Paul Wegener
979 2147 1808 2189 Märchenhaften, den weiten orientalisch bunten
1814 2154 2665 2226 als Bettler Kalab in all den ihm zugemuteten
980 2189 1810 2240 Mantel aus 1001 Nacht. Die uralte Lehre
1815 2186 2435 2251 Metempsychosen an den Tag legte.
977 2230 1815 2291 von der Metempsychose, die seit der Brahmanen¬
1850 2217 2665 2293 Diese selbstironische Überlegenheit erinnert an
969 2265 1804 2331 lehre der Inder nicht zur Ruhe gekommen ist
1821 2277 2661 2326 den, der für diesen neuen Ton in der Dramatik
976 2318 1808 2378 und auch noch unter unsern heutigen Mystikern
1817 2322 2655 2370 sich sozusagen die Epauletts der Klassizität ver¬
975 2368 2661 2411 und Theosophen ihre Anhänger findet, hat in dient hat, an unsern lieben frechen Bernard
979 2407 2651 2465 seinen „Vertauschten Seelen“ ihre grotesk= Shaw. Und auf einmal fällt uns ein, daß ja
964 2457 2655 2511 dramatische Gestalt gewonnen. Ein König, der wohl schon ein paar Monate vergangen, seit wir
971 2486 2664 2551 sich in unreisem Übermut der Würde seines das letzte Stück von ihm zu kosten bekommen
977 2537 2653 2595 Amtes wie der Liebe seiner Gemahlin gleich haben. Das ist ja aber unerhört, der Schade
971 2577 2662 2644 unwürdig erweist, muß seine königliche Seele an muß sofort repariert werden! Nun, das Kleine
973 2619 2656 2696 einen schmutzigen Bettler hingeben, der sich nun Theater unter den Linden ist aufmerksam genug.
973 2678 2649 2728 mit diesem Hauch im Leibe der in ihrer trotzigen alsbald dafür zu sorgen, daß die „empfindliche
978 2719 2654 2772 Verlassenheit leicht zur Untreue geneigten Königin Lücke“ sich schließe. Shaw ist eines neuen Ein¬
963 2761 2662 2815 zugesellt, während des Königs leiblicher Teil, mit falls genesen, und während andre so unbescheiden
975 2810 2657 2846 der Seele des Bettlers ausgestattet, in tollem sind, solche Neugeburten in die Windeln eines
975 2854 2645 2914 tyrannischem Übermut tölpelhaft durch die Stra= Feuilletons zu betten, begnügt er sich damit,
972 2893 2643 2941 ßen toht und sich auch sonst höchst unköniglich eine dreiaktige Komödie mit Vorspiel und Nach¬
972 2938 2657 2999 aufführt. Das Unheil ist auf beiden Seiten spiel daraus zu machen. (Deutsch von Siegsr.
963 2996 2656 3048 nicht groß. Königin Zemronda empfängt ja, Trebitsch bei S. Fischer, Berlin.) Der Einfall
970 3031 2650 3087 ihrer hellenischen Schwester Alkmene im „Amphi= ist wirklich köstlich. Eine Komtesse erbittet sich
969 3069 2640 3121 tryon“ ähnlich, in dem von der Straße geholten von ihrem gräflichen Vater als Geburtstags¬
971 3117 2656 3172 Liebhaber nichts andres als die Seele ihres Ge= geschenk die Privataufführung eines Stückes, das
971 3162 2646 3206 mahls, betrügt also den König mit dem König sie geschrieben, und zwar mit wirklichen Schau¬
966 3207 2650 3257 selbst; und Kalab, der Bettler — nun, er bleibt, spielern auf der Bühne und wirklichen Kritikern
963 3250 2656 3318 nachdem er die Königsseele hat wieder hergeben im Parkett. Dies Stück im Stücke nun, „Fau¬
970 3282 2659 3354 müssen, ein Bettler wie zuvor. Nur edlen See= nys erstes Stück“, bekommen wir selbst vor¬
967 3338 2645 3382 len, scheint Scholz sagen zu wollen, gedeiht der gesetzt. Überflüssig, zu bemerken, daß es unter
961 3394 2654 3448 Seelenaustausch zum Heil und zur Länterung. der Maske des Dilettantismus allerlei Shawische
