3436 4352
1337 123 1793 236 box 29/2
212 111 1188 240 24. Das weiteLand
87 1192 917 1285 n hier gibt Schnitzler der von ihrem
916 1173 2858 1348 Jelh — ger ist für diese Ansenanderebung bruch ensprlngt der Rat, und Nache folgt
108 1249 907 1333 beirogenen Frau, die sich einem Ge¬
909 1259 2854 1394 geichgültig, daß er ein Fabrikant Hofreiter! dem Treubruche. Rache um Rache. Und keine
91 1290 908 1379 an den Hals wirft, ebenso recht, wie
1070 1321 2847 1455 hintergeht seine Frau. Sie ahnt oder Erlösung. Wenn auf diesem düsteren Grunde
90 1350 903 1436 rügenden und also betrogenen Gatten,
904 1370 1875 1464 weiß es. Aber sie ist noch das Weib aus
120 1401 901 1476 Geliebten dann über den Hausen
1860 1409 2839 1495 nicht die glitzernden Einfälle der Schnitzler¬
912 1421 1876 1496 Schnitzlers „Weihnachtseinkäufen“, zu schwach,
90 1446 920 1532 Er stellt sich ebenso auf die Seite der
1863 1452 2842 1553 schen Eigenart verstreut lägen, jene vielen und
902 1458 2852 1592 sich für das in der Ebe gebrochene Liebes= typischen Bonmotes, durch die der Dichter, wie
155 1500 910 1586 iren Mann verläßt, nachdem sie
909 1527 1877 1608 glück durch einen Geliebten entschädigen zu
90 1555 1862 1657 em hintergangen worden war, wie auf lasen. Erst allmählich reist in ihr der Ent¬
1860 1555 2838 1660 im halb verträumten Tone, Dinge ausspricht,
89 1610 898 1698 ke des Mannes, der seine Untreue mit
1862 1604 2844 1720 von denen wir sosort emvfinden, daß sie Wa r¬
890 1614 1869 1708 schluß eran, — nicht, Ersotz zu suchen, son¬
86 1657 899 1738 nden eines inneren und äußeren
1864 1656 2839 1772 heiten sind und aus tiefster Beobachtung ge¬
892 1671 2833 1812 dern, sich zu revanchieren. Der Entschluß wird sehen wurden, — dann würde uns das eigent¬
102 1709 885 1784 s entschuldigt. Hier eine Markierung,
885 1741 1863 1816 zur Tat, und es berührt förmlich ein wenig
107 1756 455 1826 wieder eine, —
435 1768 897 1847 aber den Weg sieht
1852 1762 2847 1861 liche Wesen des Stückes viel mehr augenfällig
886 1782 1860 1868 satalistisch, daß der Geliebte der betrogenen
85 1799 882 1897 ht, der auf die Höhe führen sollte.
1848 1816 2843 1933 werden: die Konstruktion. Auch in seiner
886 1815 1854 1913 Frau das Kind einer Ele ist, die in Brüche
84 1860 820 1943 es hat zugleich Raum in uns —
1847 1863 2825 1964 Technik löst es nicht jene bedeutenden Wir¬
895 1883 1856 1974 gegangen, als sie an einem Treubruche des
86 1911 301 1983 id Trug
389 1916 886 2001 Treue und Treulosig¬
1853 1919 2822 2007 kungen aus, die es zu einer Immortelle des
878 1920 1853 2003 Mannes zerschellte. Der betrogene Mann ent¬
100 1948 890 2054 Anbetung für die eine (Frau) und
1846 1967 2831 2078 Bühnenrepertoires werden lassen könnten. Der
874 1990 1849 2072 deckte die Revanche seiner Frau, erschießt ihren
88 2026 885 2099 n nach einer anderen oder mehreren.
1838 2016 2831 2119 ziemlich breit geratenen Exposition der ersten
870 2034 1838 2123 Geliebten, verläßt die Geliebte und die
84 2069 880 2143 suchen wohl, Ordnung in uns zu
1835 2077 2817 2168 zwei Akte folgt ein driter Aufzug, der tauto¬
871 2090 1842 2173 Gattin, formt so aus dem alten Chaos ein neues,
87 2116 874 2217 so gut es gest, aber diese Oednung
1840 2125 2825 2222 logisch anmutet. Dann erst, im vierten und
870 2143 1835 2230 in das plötzlich der so oft gehörte Schrei des
90 2174 657 2246 nur etwas Künstliches.
675 2192 742 2243 *
728 2192 877 2256 Das
1835 2179 2823 2283 füngten Akte, kommt in die Materie, die sich
874 2195 1842 2284 Kindes hineinklingt — man weiß nicht, ob
83 2221 873 2308 e ist das Chaos. Die Seele ist ein
1841 2230 2813 2326 bisher mit lavaartiger Saumseligkeit fortbe¬
868 2248 1755 2326 wie die Verkündung eines neuen Lebens.
308 2291 873 2354 Sollte es Schnitzler um
1832 2273 2813 2383 wegte, Bewegung und dramatischer Fluß.
869 2287 1838 2373 Denn das Chaotische der Menschenseele wurde
77 2327 870 2412 deres zu tun gewesen sein, als dieses
1836 2332 2811 2439 Ganz fortgeris en werden wir niemals und
865 2352 1833 2437 in dem Stücke viel zu oft und viel zu ein¬
76 2379 859 2473 nd, dieses Chaos unseres Naturelles
1829 2377 2811 2464 fühlen nur immer, wie arm wie drückend und
870 2392 1831 2491 dringlich betont, als daß man osfen könnte,
1821 2431 2806 2538 wie eigentlich so wenig lebenswert das Stück
852 2448 1840 2537 es schließe mit dem Hinweise auf einen Zu¬
67 2459 872 2568 n es ihm tatsächlich darum zu tun
1825 2484 2807 2596 Lebens ist, vor dem der Autor hier den
863 2499 2294 2632 kunftsmenschen, der Licht und harmonische Vorhang herunterzog.
58 2520 867 2608 kn muß man in dieses Stück wie in
860 2544 1828 2655 Neugestaltungen in das Chaos zu bringen
74 2585 865 2675 tiges Stück der ganzen Trostlosigkeit
853 2604 1104 2674 vermöchte.
70 2635 873 2729 ns blicken. Es gibt hier keinen, aber
1893 2632 2802 2761 Das Werk hat bei seiner Erstaufführustg
928 2655 1822 2747 Das Stück atmet erdrückenden Pessimis¬
1830 2680 2805 2794 am Samstdg in Olmütz eine ziemlich gedan¬
74 2686 2800 2853 t einen Menschen, der kein Chaos, mus. Der Geist der Rache wandelt drohend kenvolle Interpretation und warme Hinge¬
72 2743 2801 2916 eine harmonische Natur wäre. Der durch seine geistigen Wandelgänge. Der Treu= bung gefunden. Vielleicht gebrach es nur an
