3344 4352
458 189 517 254 D
644 188 765 254 we
1333 192 1796 276 box 29/1
197 187 1194 300 24. Las „1te Land
377 706 1354 780 Tragikomödie spielte Herr Nhil mit seinem
1348 718 2329 802 horchte, mußte man allerdings merken, daß
378 756 1358 837 Verständnis des Dichters, ein auch nur leises
1361 761 2349 861 das Publikum nur widerstrebend dem Dichter in,
382 806 1359 864 Zuviel hätte diese Rolle total umbringen
1354 814 2331 880 das Gestrüpp und Gewirre von Verfehlungen
384 840 1350 903 können, die schon an sich zur Brutalität hin¬
1351 859 2332 915 folgte, aus denen die Sünder alle heil hervor¬
384 878 1358 956 neigt. Ganz ausgezeichnet, geradezu von innen
1364 892 2330 946 geben und die nur der einzige anständige Mensch
379 926 1352 974 heraus erleuchtet spielte Frl. Elsinger ihre
1355 911 2325 988 des Stückes mit seinem jungen Leben bezahlen
386 956 1352 1017 Genia. Der Arzt, den Herr Wagner gab,
1359 968 2322 1018 muß. Für die Szenierung hatte Baron Ber¬
373 991 1354 1058 hatte nicht Farbe genug. In der Umgebung
1357 1005 2319 1072 ger das Beste getan, für die Darstellung setz¬
379 1027 1346 1111 allzu leichtlebiger Menschen wirkte die Figur
1351 1036 2332 1097 ten sich die Schauspieler allen voran Frl. Mar¬
384 1072 1350 1135 schon an sich sonderbar, es geschah nicht genug,
1353 1078 2311 1144 berg als Genia, Frl. Hofteufel als
378 1115 1355 1159 um sie den andern etwas näher zu bringen.
1342 1120 2305 1190 Erna und Frau Reinhold als Frau Wahl —
380 1145 1346 1213 Sehr gut sand sich Frl. Silten mit ihrer
1355 1159 2325 1224 mit all ihren Kräften ein. Herr Korff spielte
375 1188 1355 1259 Demi vierge ab, an Temperament fehlt es der
1353 1189 2319 1271 den sündhaften Helden mit mathematischer trocke¬
380 1232 1354 1289 jungen Künstlerin nicht, auch kann man ihr das
1359 1222 2311 1304 ner Treffsicherheit. Die Herren Gerasch,
381 1267 1347 1335 Zeugnis geben, daß sie dieses Temperament
1357 1270 2324 1344 Devrient, Heine gaben ihren Gestalten
378 1312 1344 1367 richtig abzutönen verstand und die Figur ein¬
1348 1312 2318 1382 scharfe Umrisse. Nicht an der Szenierung und
377 1346 1354 1411 dringlich zur Wirkung brachte. Prächtig gezeich¬
1345 1342 2312 1408 nicht an der Darstellung lag's, daß die rechte
374 1382 1344 1444 net erschienen die Figuren des Hoteldirektors
1353 1398 2319 1470 Empfänglichkeit, die rechte Wärme sich nicht ein¬
371 1421 1348 1488 durch Herrn Lang des Natter durch Herrn
1358 1425 1522 1502 stellte.
375 1452 1345 1518 Andresen und des Portiers durch Herrn
373 1495 1358 1559 Brahm. Die zuletzt genannte Leistung ein
1547 1517 2127 1604 König und Bauer.
372 1530 1349 1590 kkeines Kabinettstück diskreten Humors. Von fa¬
370 1580 1350 1629 moser Frische war dor Kreindl des Herrn
1494 1576 2165 1671 Altonaer Stadt=Theater.
373 1614 1342 1676 Pichler. Ziemlich matt dagegen die Adele
372 1649 1338 1712 des Frl. Heydorn und der Dichter des
1432 1647 2311 1713 Als dritte Vorstellung in seinem Klassiker¬
368 1686 1341 1756 Herrn Stettner, dem diese Rolle offenbar
1357 1687 2323 1764 Zyklus brachte das Altonaer Stadt=Theater am
1356 1738 2315 1786 Sonnabend das Lustspiel „König und-
365 1726 1346 1781 gar nicht lag. Frau Ellmenreich hatte
2317 1739 3269 1820 ein geschmeidiger Höfling, Die Geschwister¬
366 1765 1351 1832 die etwas undankbare Rolle einer älteren Frau
1351 1764 2317 1818 Bauer“ des Spaniers Lope de Vega zur
2307 1796 3273 1877 Ferron reizende Mädchen vom Lande, Herr
375 1810 1337 1869 inne, eine andere Dame spielte mit leichter Ko¬
1346 1813 2301 1873 Aufführung. Es stammt aus der Blütezeit der
2312 1839 3267 1908 Reimers ein jugendlich stürmischer, nach
367 1857 1347 1898 mik Frau Otto=Körner, und last not
1343 1845 2306 1910 spanischen Literatur, die in enger Verbindung
2305 1867 3271 1940 Glanz sich sehnender Sohn des Bauern, Herr
374 1877 1333 1961 least Herr Gebhardt einen schneidigen
1351 1880 2310 1948 stand mit dem Aufschwung zu Weltmacht und
2313 1908 3272 1974 Auspitz ein köstlicher tölpelhafter Bauern¬
356 1913 605 1989 Fähnrich.
1339 1920 2312 1978 Ansehen, zu denen die spanische Nation im
2307 1944 3281 2027 knecht. Die Bühne hübsch angeordnet, die
1350 1967 2305 2014 16. Jahrhundert unter der Herrschaft der
451 1955 1334 2014 So ganz warm wurde das Publikum im
2315 1995 3278 2067 Szenen wirkungsvoll gestellt durch Herrn
1339 1993 2305 2067 Habsburger gelangte. Das Werk erinnert an
367 1995 1336 2057 Laufe des Abends nicht, doch gab es nach jedem
2307 2020 3263 2106 Eppens. Alles in allem: eine sehr erfreu¬
1338 2036 2296 2109 einen eigenartigen Menschen und Dichter. Man
362 2038 1335 2100 Akte Beifall, der sich zum Schluß außerordent¬
2296 2053 2691 2144 liche Aufführung.
3102 2081 3233 2143 M.
364 2072 1342 2146 lich verstärkte. Die Novität fand schließlich
1338 2077 2308 2148 hat ihn mit Goethe verglichen, eine gleiche,
365 2116 1336 2182 einen lebhaften Erfolg, den zu einem großen
1342 2115 2311 2172 glückliche und genußfreudige Lebensführung war
359 2157 1329 2229 Teil Regie und Darstellung für sich beanspruchen
1338 2143 2304 2215 ihm bereits in seinen Jünglingsjahren beschie¬
2603 2165 2965 2241 Herz-Sieben.
350 2191 562 2261 bürfen.
1343 2190 2309 2266 den. Eine ungeheuer rege Phantasie wurde
1083 2204 1295 2266 Ph. B.
1342 2216 2309 2294 schon früh durch wissenschaftliche Studien, durch
2377 2226 3190 2303 Operette von Siegmund Schickler.
450 2266 1325 2334 Ueber die Aufnahme der Schnitzlerschen
1340 2265 2306 2323 eine angeborene Abneigung vor allem Niedri¬
2432 2271 3158 2340 Musik von Albert Mattausch.
1340 2315 2295 2358 gen und Gemeinen in die rechten Wege ge¬
364 2306 1337 2388 Novität auf anderen Bühnen liegen folgende
2629 2328 3227 2405 Magdeburg, 15. Oktober.
358 2345 734 2409 Meldungen vor:
1340 2356 2302 2405 leitet. Später schaffte ihm ein sehr wechselndes
2378 2370 3267 2444 Hamburg und Magdeburg hatten sich ver¬
1335 2381 2297 2451 Leben reiche, scharfe und tiefe Eindrücke. Er
443 2391 1332 2461 In der Schauburg zu Hannover fand
2295 2401 3276 2484 einigt, im Sont#abmmder-braufführunge
1341 2427 2297 2493 diente in der spanischen Marine und mußte die
356 2420 1326 2490 am 14. d. M. unter ungeteiltem großem Bei¬
2297 2461 3263 2514 der neuen Operette „Herz=Sieben“ auf dem Ge¬
1330 2456 2304 2525 Vernichtung der Armada im Jahre 1588 mit¬
362 2471 1340 2534 fall bei vorzüglicher Darstellung die Urauffüh¬
2304 2494 3259 2551 biete der feineren heiteren Bühnenwerke im
1341 2491 2289 2554 erleben, ein schwerer Schlag für sein national¬
360 2499 1341 2590 rung von Arthur Schnitzler „Das weite Land“
2308 2540 3267 2608 Stadt=Theater einen außerordentlich erfreulichen
1337 2546 2299 2599 stolzes Herz. Später war er Sekretär im Hause
358 2547 502 2610 statt.
2310 2571 3272 2643 Sieg zu erringen. Die Autoren, der Hamburger
1347 2585 2298 2653 Albas und wurde schließlich nach dem Tode
807 2568 903 2641 *
2308 2597 3263 2684 Librettist und der Magdeburger Komponist,
1336 2623 1978 2680 seiner zweiten Gattin Priester.
455 2619 1337 2699 Die Leipziger Erstaufführung von
2293 2657 3259 2711 nennen ihr Werk schlechthin Operette. Das ist es
358 2647 1325 2740 Arthur Schnitzlers unendlich lang¬
1423 2674 2291 2732 Schon im Alter von vierzehn Jahren schrieb
2302 2694 3265 2751 nicht ganz, zu seinem Vorteil. Vielleicht könnte
353 2704 1130 2762 atmiger Ehebruchskomödie „Das
1324 2701 2283 2773 er seine erste Comedia „El verdadero Amaute“
1107 2715 1330 2777 weite
2292 2723 3269 2785 man bedauern, daß sie im Stil noch zwischen
356 2735 1330 2806 Land“ fand im Neuen Theater statt und
1335 2748 2291 2805 (Der getreue Liebhaber). Ihr folgten noch an
2295 2768 3264 2819 Lustspieloper und Operette schwanken. Aber
356 2781 1319 2840 erntete trotz des ausverkauften Hauses kaum
1322 2774 2288 2845 die fünfzehnhundert Comedias, ohne die übrigen
2300 2806 3266 2869 auch so liegt eine Bühnenschöpfung vor, die weit
341 2824 1329 2876 mehr als einen Achtungserfolg, der zudem noch
1330 2829 2296 2880 zahlreichen Werke. Da ist es erklärlich, wenn
2292 2831 3265 2913 über das übliche Niveau hinausragt und auch
357 2858 1323 2917 zum guten Teil der fein abgetönten Inszenierung
1330 2866 2289 2915 behauptet wird, daß er manches Stück in vier¬
2291 2886 3257 2928 ein Stadt=Theater=Publikum in einer ganzen
347 2901 1317 2958 und der vortrefflichen Interpretation der Haupt¬
1323 2895 2286 2962 undzwanzig Stunden geschrieben habe. Ebenso
2301 2924 3264 2986 Reihe prächtiger Szenen köstlich zu erheitern
351 2934 1317 2995 partien aufs Konto zu schreiben ist. Namentlich
1327 2942 2286 3003 erklärlich ist es aber auch, daß die meisten seiner
2297 2956 2487 3020 vermag.
339 2970 1320 3045 nach dem allzu salopp gearbeiteten vierten Akt
1335 2985 2286 3049 Schöpfungen eine gewisse Flüchtigkeit und eil¬
2375 2991 3261 3042 Siegmund Schickler benutzte das alte
341 3023 1325 3074 drohte das Interesse völlig zu erlahmen. Von
1325 3019 2295 3076 fertige Oberflächlichkeit aufweisen. So sind denn
2301 3037 3252 3082 Lustspiel von Louks Angely: „Von Sieben
344 3057 1324 3111 der Mitwirkenden machten sich um die raffiniert¬
1320 3059 2286 3120 heute auch nur annähernd fünfhundert seiner
2420 3077 2767 3133 Häßlichste“.
2767 3080 3255 3140 Sehr alte Theater¬
347 3090 1317 3161 pointierte Ausführung des manchmal geistreichen
1333 3091 2284 3147 Werke noch erhalten. Verschiedene haben sich
2296 3097 3254 3181 besucher haben die Geschichte vielleicht noch im
350 3138 1324 3196 Dialogs besonders verdient die Herren Wal¬
1323 3129 2290 3192 eine Umarbeitung und Nachdichtung gefallen
2295 3152 3261 3214 Schauspiel gesehen. In Neapel verliebt sich, an¬
339 3158 1312 3229 ter und Wendt als Hofreiter und Dr.
1322 3157 2281 3230 lassen müssen. Darunter das am Sonnabend
2291 3190 3260 3248 scheinend hoffnungslos, ein armer Schlucker in
339 3197 1316 3268 Mauer, mehr noch die Damen Nolewska
1327 3195 2286 3282 aufgeführte Stück, das von dem Dichter den
2296 3234 3255 3286 eine schöne Unbekännte. Da erreicht ihn die
343 3251 1313 3319 und Fuchs als die Trägerinnen der Schnitzler¬
1324 3252 2291 3318 Titel „El villano en su rineon“ (Der Bauer
2299 3259 2610 3330 Kunde, daß
2656 3283 3254 3323 in der sächsischen Heimat
344 3278 1124 3338 schen Anschauung von Ehe und Liebe.
1320 3287 2283 3344 in seinem Winkel) erhielt. In ihm wird der
1101 3297 1302 3357 O.S.
2299 3313 3250 3370 Universalerbe geworden ist, allerdings mit der
1328 3329 2290 3392 König von Frankreich von dem Bauer Jnan be¬
2298 3349 3249 3413 angenehmen Aussicht, nach einer Testaments¬
422 3350 1315 3427 Ueber die Aufführung der Schnitzlerschen
1318 3364 2288 3411 wirtet und erweist diesem wieder Gastfreund¬
2293 3380 3251 3445 klausel von den sieben Töchtern des Guts¬
337 3404 1321 3468 Tragikomödie „Das weite Land“ im
1321 3402 2287 3465 schaft. Fr. Halm hat das Stück frei bearbeitet
2300 3432 3259 3492 inspektors, der später die ulkige Figur als
339 3437 1323 3503 Wiener Burg=Theater wird 13 aus
1317 3447 2294 3502 und es „König und Bauer“ betitelt. Diese Be¬
2283 3453 3260 3523 zweiter Schäfer Ast abgibt, die häßlichste heim¬
330 3473 1311 3545 Wien, 14. Oktober, geschrieben, sie habe außer¬
1323 3479 2290 3558 arbeitung hat sich dauernd auf den deutschen
2285 3510 3251 3557 führen zu müssen. Daheim im Sachsenland
1320 3504 1704 3584 Bühnen erhalten.
341 3525 1314 3581 lich den Erfolg gebracht, den die Höflichkeit der
2300 3537 3255 3605 findet er seine Angebetete natürlich ausgerechnet
338 3552 1322 3630 Wiener ihrem Poeten Laureatus schuldig zu sein
1395 3566 2288 3636 Bei Halm rühmt sich der Bauer Jean
2292 3580 3250 3634 als die schönste der sieben Schwestern wieder.
331 3595 852 3646 glauben, oder vielmehr
908 3600 1313 3659 warum es nicht
1317 3603 2287 3683 Gomard, noch nie seinen König geschaut zu
2292 3619 3254 3688 Noch ist Erlösung aus der Not möglich, da drei
336 3637 1305 3687 sagen? — schuldig sind. Tatsächlich gab es nach
1323 3647 2282 3708 haben, trotzdem sein Schloß in der Nähe liegt,
2282 3656 3245 3713 alte Damen als Preisrichterkollegium zu
325 3670 1302 3730 jedem Akte starken Beifall, den stärksten nach dem
1314 3690 2277 3744 und er will sterben, ohne ihn zu schauen. Aber
2296 3691 3254 3746 fungieren haben. Wie nun ein Freund auf den
325 3701 1316 3774 vierten Akte, und der Dichter konnte mehr als
1320 3732 2283 3786 er muß es erleben, daß seine Kinder nach höfi¬
2291 3728 3246 3793 genialen Gedanken kommt, die drei Richterinnen
322 3755 1321 3815 zwanzigmal vor der Rampe erscheinen und sich
1319 3764 2288 3817 schem Glanze streben und sich dann blenden
2294 3775 3253 3826 dahin zu bringen, die Angebetete doch als die
333 3793 3281 3889 dankend verneigen. Wenn man genauer hin¬ lassen. Es liegt ein tiefer Sinn in diesem! Häßlichste zu bezeichnen, das ist ja im letzten
