3436 4608
1274 127 1714 218 box 28/4
152 155 1143 241 24. Das veite Land
824 1201 2108 1274 —.. U.—e 0e.e..
769 1225 842 1286 —
80 1223 3187 1341 n der Folge, wenn sie es nuht: Vatikan hoffen dürfe, auch bei einem Fehlschlag seine Rech= daten. Er hat große Geldmittel zur Verfügung und agen
99 1270 3222 1375 Dunkeln tappen zu lassen, sie nung zu finden, insofern dieser mit einer Minderung des staat= wurden nach Hunan geschickt, um Reis für die Truppen, die der
77 1323 3215 1423 wege geführt Das hat natür=lichen Ansehens verbunden wäre. Man darf ruhig vor¬ kaiserlichen Armee begegnen sollen, zu kaufen. Der Vizekönig sagte,
81 1419 3231 1465 kum von Unnällen und Verbitte-aussetzen, daß der Vatikan nur mit einem Gelingen des der Zweck der Revolution sei. China zu einer Republik zu
732 1425 1973 1499 gewagten Geschäfts rechnet. Muß es dem Papsttum nicht
1960 1414 3221 1497 machen. Die gegenwärtigen Steuern würden gerecht verwalter
84 1441 749 1516 vermag zu sagen, ob und wie
740 1468 1978 1532 einen gewaltigen Zuwachs an Einfluß und Macht eintragen,
1965 1481 3221 1540 werden und seien hinreichend, um den Verpflichtungen des Landes zu
96 1481 742 1542 Reichstag entladen wird. Diese
747 1500 1973 1569 wenn unter seinem Beistande Tripolis erobert, wenn unter
1978 1519 3223 1593 genügen und die Ausgaben für öffentliche Ausgaben zu bestreiten.
84 1519 742 1589 ch, daß endlich sogar der unsicht¬
741 1547 1970 1614 Mithilfe klerikaler Gelder Tripolis kolonisiert wird! Freilich
93 1559 743 1632 aus dem Hohenfinower Nebel¬
1976 1568 3221 1638 Wir könnten, sagte er, Eisenbahnen ohne auswärtige Anleihen bauen;
737 1578 1967 1655 würde ein Vorstoß der römischen Weltkirche in die nordafrika¬
78 1601 744 1674 lsch noch der Zustimmune derer
1966 1611 3235 1699 wenn es aber nötig ist, werden wir borgen. Wir sind entschlossen.
743 1627 1968 1697 nischen Gebiete des Islam eine dauernde und schwere Gefahr
78 1640 744 1725 näßig mit der jeweiligen Reichs¬
1967 1662 3235 1723 mit den Ausländern Freundschaft zu schließen.“ Die hiesigen aus¬
735 1672 1984 1733 für den Weltfrieden bedeuten. Aber wo es gilt, der Kirche
90 1686 736 1756 n trotten. Die Ueberlieferung,
1967 1702 3228 1786 wärtigen Konsuln haben das diplomatische Korps in Peking er¬
743 1710 1972 1783 verlorenes Gebiet zurückzuerobern, da ist die Kirche noch nie
102 1726 736 1797 k Fragen der auswärtigen Poli¬
1971 1753 3231 1829 sucht, Vorstellungen wegen der angedrohten Beschießung von
742 1754 1835 1842 vor der Entfesselung blutiger Kriege zurückgeschreckt.
89 1778 747 1850 tig von Berlin beziehen, ist auch
794 1777 1980 1859 Bläst doch auch die deutsche Klerisei gar emsig in das
1980 1797 3233 1875 Wutschang durch die kaiserlichen Kreuzer zu machen
86 1821 375 1885 en worden.
738 1842 1988 1914 Feuerchen, das an der Nordostgrenze der Republik Portugal
1980 1834 3229 1919 und der Regierung nahezulegen, dem Admiral Satschengping, der
91 1841 753 1920 uerung und der Marokkohandel
747 1877 1984 1950 noch langsam weiter schwelt. Man wird vielleicht nicht fehl¬
1972 1887 3233 1963 das Geschnader kommandiert. Instruktionen zu geben, daß er die
99 1896 750 1963 Eöffentliche Meinung in Grund
745 1911 1986 1995 gehen, wenn man hinter diesen royalistischen Putschversuchen
89 1939 754 2001 t das westfälische Konsistorium
1982 1938 3238 2016 Operationen so leitet, daß Hankau und die fremden Niederlassungen
741 1955 1986 2033 eher die Hand des Prätendenten Miguel, als die des Exkönigs
91 1983 745 2046 gegen Jatho soll nun eins gegen
1983 1982 3228 2054 nicht gefährdet werden. Als Alternative wird vorgeschlagen, daß
740 2005 1985 2078 Manuel sucht. Denn Manuel hat wohl mehr Neigung, sich zu
92 2030 753 2097 aub folgen, und man kann sich
1976 2021 3236 2097 das Bombardement genügend früh angekündigt wird, und daß die
750 2044 1987 2114 einem Lebekönig von der Art jenes Christian von Illyrien zu
101 2058 747 2141 erfahren noch erheblich weitere
1977 2076 3229 2156 Regierung Schaden an auswärtigem Eigenkum zu vergüten garantiert.
753 2078 1989 2156 entwickeln, den Daudet unsterblich gemacht hat. Mit klerikalem
113 2101 748 2174 das gegen Jatho. Teuerung,
752 2121 1990 2191 Gelde wird zweifellos auch diese Gegenrevolution genährt, bei
1974 2122 3226 2194 Es heißt, das diplomatische Korps werde heute nachmittag über den
100 2132 754 2212 sie haben eins gemeinsam. Sie
751 2168 1989 2237 der Priester tätig mitwirken. Wie weit an der Finanzierung des
1977 2164 3226 2239 Vorschlag beraten. Kleine Abteilungen kaiserlicher Truppen werden
102 2180 745 2250 und dem internationalen Kleri¬
745 2207 1990 2283 Unternehmens Anita Stewart die vom Grafen Wolff¬
1990 2208 3239 2292 in Seven=Mile=Creek gelandet; unmittelbare Gefechte werden jedoch
101 2227 755 2297 ewalten im Gegensatz zum Ar¬
752 2246 1981 2319 Metternich vergeblich begehrte Dollarprinzessin und jetzige
1986 2261 3243 2340 nicht erwartet. Die Eisenbahn ist bis an die Grenze von Hunan
97 2267 754 2336 gund zu den Vertretern deutscher
744 2277 1978 2358 Schwiegertochter Dom Miguels beteiligt ist, mag dahingesteilt
102 2310 752 2380 satz wirkt wenn auch nur all¬
1982 2317 2255 2401 zerstört.
747 2330 1984 2403 bleiben. Das lebhafte Interesse aber, das die deutsche Zen¬
91 2355 749 2429 auf die Gruppieruna der poli¬
2023 2349 3233 2427 In Peking sind zwei Bataillone kaiserliche Garden ein¬
746 2375 1990 2450 trumspresie an den Putschen bekundet, erklärt sich einmal aus
92 2403 754 2463 nd der Chef der Partei von
1990 2403 3232 2478 gerückt. Kavallerie patrouilliert die Straßen. Alle Polizisten
746 2395 1984 2492 dem Haß gegen die Republik und ihre fortschrittliche Kirchen¬
89 2437 755 2511 e Lande fährt und überall den
1979 2442 3240 2521 sind mit Gewehren bewaffnet. Entgegen der Meldung, daß acht Züge¬
759 2455 1985 2525 gesetzgebung, dann aber auch aus dem doppelten, verwandt¬
108 2475 754 2549 der seine badische Heimat vor
755 2504 1980 2574 schaftlichen Bande, das den Prätendenten Miguel von Bra¬
1980 2495 3237 2581 mit Truppen gestern nach dem Aufstandsgebiet abgingen, heißt es
107 2509 758 2581 bewahrt hat, erobert sich dieser
754 2535 1984 2612 ganza mit dem klerikalen Fürstenhause der Löwenstein¬
1978 2546 3231 2622 nun, daß nicht mehr als fünfhundert Mann abgeschickt wurden. Nur
117 2553 755 2636 von Anhängern. Zunächst im
755 2579 1992 2653 Wertheim=Rosenberg verbindet. Das Zentrum ist
1981 2588 3234 2661 Post- und Expreßzüge verkehren auf den nördlichen Bahnen. Eine
98 2594 760 2678 ein in alten Zeiten des
748 2624 1993 2701 zwar die „einzig wahre" Volkspartei, aber wie ihre Feudalen
1979 2628 3233 2719 strikte Zensur wurde über die Presse in Peking eingeführt. Es
103 2646 769 2709 Pfaffengasse“ hinabmarschiert ist
749 2668 1991 2736 vor dem Kaiser, so erstirbt sie selbst immer noch in Ehrfurcht
92 2689 762 2748 Entrissen hat. Von der Südwest¬
1979 2672 3240 2773 wurde ein kaiserliches Edikt erlassen, in dem Jüanschikai zu¬
749 2713 1406 2783 vor ihren feudalen Mitgliedern.
97 2729 759 2787 kusging, ist er neuerdings über
1988 2724 3236 2810 [rückgerufen und zum Vizekönig der Hukwangprovinzen
814 2726 1992 2809 Ist es nur ein Feuerchen, das an der portugiesischen Grenze
94 2767 757 2841 hat die Nordwestecke erobert und
1990 2779 3235 2859 Hupeh und Hunan ernannt wird. Er erhielt den Befehl, sofort
756 2783 1994 2856 sachte weiter glimmt, so ist es wabernde Lohe", was im
109 2810 760 2887 koldenburgischen Lund¬
1982 2818 3234 2903 nach Wutschang zu gehen und die kaiserliche Autorität wieder¬
753 2830 1986 2905 [Jangtsetal zum Himmel schlägt. Wie immer vor diesen
108 2850 766 2923 bewährt. Sind dies auch erst
1993 2858 3241 2946 herzustellen. Das Edikt befiehlt auch dem Admiral Satscheng¬
749 2867 1998 2949 jähen Ausbrüchen der Volksleidenschaft im nahen und fernen
147 2887 765 2958 sich doch bereits zu einem
749 2914 1998 2984 Orient, steht der Europäer zunächst ratlos vor der Frage. von
1986 2902 3243 2993 [ping und dem Generalissimus der Nordarmee Jintscheng unter
113 2927 759 2997 Schwergewichte, daß den regie¬
763 2939 1992 3024 wannen die Bewegung kam und wohin sie zielt. Es scheint,
98 2965 764 3036 ag unbehaglicher zu Mute wird,
119 2957 3249 3070 Unbehagens ist die wachsende daß sie sich um die Parole „China für die Chinesen“ dreht] Iüanschikai zusammenzuarbeiten. Isentschunghsuan erhielt
127 3001 3245 3125 spresse und ihr zudringliches und eine Spitze gegen die herrschende Mandschudynastie hat.! Befehl, die Autorität in der westlichen Provinz wiederherzustellen.
