3248 4384
176 193 1200 298 24. Das veite Land
1301 216 1753 300 box 29/2
903 797 1330 904 Nad
667 937 1713 1075 G s #77 Unschan
2328 1023 2446 1081 605
746 1131 1588 1185 mern zu ermäßigten Preisen sorgen für
1612 1140 2431 1190 hat und jeder Unverheiratete eine ver¬
755 1183 1587 1244 das laufende Repertoire. Die Aufmerk¬
1611 1188 2442 1260 heiratete Frau liebt, hat der Fabrikant
755 1230 1589 1299 samkeit des literarischen Publikums
1603 1250 2437 1318 Hofreiter, der in jeder Hinsicht ein suchs¬
756 1292 1591 1355 wandte sich indessen den Erstaufführungen
1609 1304 2445 1371 schlauer moralinfreier Geschäftsjäger ist,
752 1339 1371 1393 zweier namhafter Autoren zu.
1619 1360 2433 1430 seine eigene Lebensauffassung sich aufge¬
824 1404 1579 1465 Zum fünfzigsten Geburtstag Arthur
1604 1408 2439 1485 baut. Das Leben ist kurz. Anspruch auf
749 1450 1576 1505 Schnitzlers kam am 15. Mai die an al¬
1608 1465 2435 1537 Glück und Lust ist Voraussetzung des Da¬
747 1498 1584 1571 len größeren Bühnen gespielte und selbst
1607 1519 2433 1586 seins. Die Arbeit ist ernst, wie der Kampf
744 1558 1582 1628 in Wien sanft abgelehnte Tragikomödie
1598 1581 2441 1644 um das Glück, das Vergnügen, die Lust.
750 1607 1302 1674 „Das weite Land“ heraus.
1596 1635 2439 1697 Die wahre Lebenslust in allen Dingen aber
824 1666 1577 1738 Es wurde keine rechte Geburtstags¬
1606 1682 2441 1751 ist der ewige Wechsel. So wird die Arbeit
745 1720 1574 1787 feier. Das Publikum verhielt sich nach dem
1601 1733 2430 1805 zur Lust, die Lust zu einer Arbeit, fast zu ei¬
739 1769 1577 1839 ersten Akt völlig still, fast teilnahmslos,
1599 1792 2424 1853 ner anstrengenden Arbeit. Dazwischen
738 1824 1577 1897 zeigte sich im zweiten ein wenig interessiert,
1600 1837 2430 1915 bleibt freilich Zeit genug zum Spiel, zum
739 1893 1582 1950 machte nach dem dritten Akt einen geär¬
1599 1898 2421 1968 Spiel, das wie eine Arbeit aussieht, und es
745 1943 1576 1999 gerten Eindruck und ließ sich erst im vierten
1599 1948 2434 2018 scheint, daß der Wechsel des Spiels ihm
740 2003 1573 2046 Akt, der mit nicht ganz neuen Spannungs¬
1591 2005 2432 2075 ein erlebensreiches Abbild seiner Jagd nach
736 2055 1571 2108 mitteln arbeitet, packen. Der fünfte Akt
1591 2059 2439 2130 Frauenliebe, seiner ertragreichen Jagd nach
745 2098 1583 2161 verlief flau. Schon der Titel des Werks ist
1590 2116 2031 2176 Erwerb geworden ist.
737 2164 1569 2212 eine Verlegenheit. Man könnte ihn wegen
1664 2170 2430 2234 In dieser Welt fühlt sich Hofreiter
743 2208 1580 2274 seiner Vieldeutigkeit auf gar manches Werk
1595 2223 2427 2276 wohl; er lebt wie in einem Taumel und
741 2260 1565 2331 setzen, das nicht den verpflichtenden Namen
1596 2269 2421 2337 betreibt die Verführung der Frauen im
730 2309 1566 2383 Schnitzler trägt. Der Gesamteindruck wiegt
1592 2333 2415 2394 großen wie eine Art Sport. Trotz seines
730 2366 1569 2433 vor, daß bei dieser Arbeit dem gefährlich
1593 2388 2416 2435 wilden Lebens behält Hofreiter das kalte
737 2422 1571 2488 schnell produzierenden Wiener herzlich
1582 2439 2422 2509 Auge, da seine vorgespiegelte oder wirk¬
737 2486 1570 2539 wenig Neues eingefallen ist. Den bedenk¬
1583 2490 2410 2557 liche Leidenschaftlichkeit und Hitze im tief¬
724 2540 1562 2598 lichsten Eindruck hinterließ, wie schon oben
1585 2550 2424 2623 sten Grunde eiskalt ist. Sein Weib, Frau
730 2590 1562 2640 angedeutet, der dritte Akt. Trotz einer Fülle
1588 2598 2406 2671 Genia, hat bis zur Stunde ihm Treue ge¬
730 2635 1562 2705 von Gestalten, die an und für sich sicher
1577 2651 2404 2726 halten. Ein Liebhaber hat sich sogar er¬
719 2693 1560 2752 hingestellt sind, ist in diesem Akt alles
1571 2716 2405 2777 schossen, weil er die Gunst der zurückhalten¬
723 2748 1564 2805 amorph. (Ich habe seit Otto Ernsts „Die
1578 2771 2407 2820 den Frau nicht erwerben konnte. Der Atem
724 2794 1565 2855 Liebe höret nimmer auf ..“ Akt 1, keinen
1574 2816 2416 2887 der Welt Hofreiters infiziert auch schließ¬
729 2849 1555 2924 so billig und vulgär gearbeiteten Akt ge¬
1571 2876 2415 2928 lich dessen Frau. Nun aber dieser merkt,
715 2917 1551 2970 sehen!) Dazu ist der Gegenstand recht ab¬
1570 2929 2413 2979 daß ein junger schöner Marineoffizier Frau
721 2963 1552 3033 gegriffen. Im vierten Akt, der mit einer
1571 2974 2398 3042 Genia erfolgreich sich nähert, wird er wach¬
724 3020 1552 3083 Herausforderung zum Zweikampf endet,
1576 3038 2413 3089 sam, lauert, weil Laune und verletzte Eitel¬
724 3079 1552 3137 wird durch Erwartungsspannung eine
1570 3079 2401 3159 keit es will, dem Nebenbuhler auf, tut an¬
720 3117 1561 3183 starke lähmende Temperatur erreicht. Und
1569 3151 2401 3214 fangs, als sei nichts geschehen, provoziert
719 3187 1546 3253 der fünfte, nach dem Zweikampf, hat im
1566 3199 2402 3264 dann den Liebhaber und erschießt ihn im Duell.
708 3243 1561 3303 äußeren Geschehen eine fatale Ahnlichkeit
1642 3246 2403 3325 Der Zuschauer und jeder aufrichtige
724 3290 1551 3340 mit dem Schlußakt der „Liebelei“. Der In¬
1566 3311 2399 3369 Freund Schnitzlers befindet sich diesem Hof¬
719 3348 1553 3413 halt ist in den Grundlinien so: In einer
1574 3363 2409 3433 reiter gegenüber in großer Verlegenheit.
708 3388 1544 3471 Welt, in der jeder Ehegatte seine Liebelei
1575 3412 2411 3484 Zugegeben, daß es solche Menschen gibt.
2803 3830 2912 3932 800
