3436 4224
541 -5 667 41 116
724 -9 777 46 0
322 -17 1280 93 e4eie Land
1440 -4 1890 110 box 29/6
834 906 2592 1014 Sollte es Ihnen noch nicht aufgefallen sein, was für komplizierte Subjekte
820 991 2551 1070 wir Menschen im Grunde sind? So vieles hat zugleich Raum in uns! —
816 1035 2595 1120 Liebe und Trug... Treue und Treulosigkeit ... Anbetung für die eine und
823 1100 2592 1200 Verlangen nach einer andern oder nach mehreren. Wir versuchen wohl
814 1164 2591 1251 Ordnung in uns zu schaffen, so gut es geht, aber diese Ordnung ist doch
803 1230 2585 1314 nur etwas Künstliches Das Natürliche — ist das Chaos. Ja, mein guter
809 1267 2578 1375 Hofreiter, die Seele ist ein weites Land, wie ein Dichter es einmal aus¬
816 1334 2368 1425 drückte  Es kann übrigens auch ein Hoteldirektor gewesen sein.“
933 1402 2571 1496 Irgend jemand hat Schnitzler einmal einen schwermütigen Liebes¬
803 1446 2584 1527 grübler genannt; vielleicht war das ein Hoteldirektor; es kann übrigens auch
806 1520 2096 1605 ein Kritiker gewesen sein, der leider kein Hotel besitzt.
926 1572 2573 1668 Nun sollte man eigentlich annehmen, ein unter gereiften Menschen in
809 1633 2569 1735 verschiedenen Lebensstellungen spielendes Drama müßte noch von manch
801 1701 2565 1782 anderem handeln, als bloß von den eigenartigen Erscheinungen und sonder¬
809 1742 2578 1841 baren Uberraschungen, die auf dem allerdings ausgedehnten Gebiete des
811 1806 2573 1876 Seelenlebens, das sich als das erotische bezeichnen läßt, zutage treten. Die
802 1883 2567 1962 Gesellschaft wird doch von anderen und von mehr Dingen bewegt, als von
809 1940 2570 2017 der Liebe, die sich als Augenblicksleidenschaft äußert, von Eifersucht ohne
798 2001 2560 2064 Liebe, von resignierter Zärtlichkeit, von wohlwollender Erkenntnis des Wertes
795 2050 2563 2148 und der Rechte eines Menschen ohne wirklichm Respekt für diese Rechte
796 2118 2568 2187 und ohne Rücksicht oder Schonung für den andern. Bei Schnitzler aber ist
794 2181 2576 2248 das nicht so. Wenn das Erotische in diesem weiten Sinne genommen wird,
791 2226 1684 2304 ist sein Drama ausschließlich erotisch.
911 2290 2557 2377 Die Menschen, die in dieser Welt Schnitzlers vorkommen, wo die Ge¬
799 2338 2568 2433 schlechter so stark und fast ausschließlich von einander erfüllt sind, sind
797 2408 2560 2511 interessant und neu. Die Seelenelemente mischen sich anders bei ihnen, als
786 2464 1634 2531 man es sonst zu sehen gewohnt ist.
903 2528 2561 2614 Die männliche Hauptperson ist ungewöhnlich ausgestattet mit Verstand,
782 2582 2549 2672 Energie, Eroberungslust und Genußsucht, nicht gefühllos, nicht unritterlich,
780 2644 2547 2714 doch mit einer Besitzereitelkeit im innersten Innern, die ihn roh und bös
790 2704 2547 2793 und desperat zu machen vermag. Seine Frau, Genia, die am liebevollsten
782 2760 2542 2837 und meisterlichsten ausgeführte Frauengestalt des Dramas, ist, ohne gerade
780 2818 2554 2909 genial zu sein, so echt und fein, so zurückhaltend und warm, daß sie als
776 2894 2555 2958 das wirkt, was man ein höheres Wesen zu nennen pflegt. Sie hat sich
777 2931 2552 3013 längst von ihrem Manne zurückgezogen, er hat ihr theoretisch alle Freiheit
781 2992 2537 3070 eingeräumt und er bedrängt sie auch keineswegs mit Erotik, indessen treibt
777 3054 2535 3145 ihn seine trockene Selbstsucht doch dann und wann bei auffälligen Vor¬
770 3105 2530 3207 Kommnissen dazu, sie einem Kreuzverhör zu unterziehen und sie zu be¬
785 3177 2545 3269 lauern, so daß er schließlich mit häßlicher Barberei im Duell den jungen
776 3223 2544 3327 Mann niederschießt, bei dem sie für einen kurzen Augenblick Trost gesucht
771 3299 2552 3387 hat. Am Schlusse des Stücks enthüllt sich hier in ihm ein Wesen, das er
778 3357 2004 3436 kaum in sich ahnte, härter, wilder, brutaler, infamer.
1604 3429 1721 3524 92
