3392 4256
1410 95 1871 179 box 29/4
285 79 1259 196 24. Das weite Land
507 886 1353 989 Rioie & Seider
529 964 1329 1076 Bureau für Zeitungsausschnitte
524 1040 1329 1144 Berlin NO. 45, Georgenkirchplatz 21!
483 1225 1357 1361 Zeitung:
479 1386 1371 1474 O
475 1480 1382 1571 Datum: RR ud
1716 1638 3038 1747 hatten in ihrer Absicht an den Schauspielern des Residenztheaters die
805 1644 1425 1747 Residenz=Theater.
1723 1703 2989 1779 gute Helfer, denn die Vorstellung war in jeder Hinsicht einwand= G
1720 1736 3010 1825 frei. Alfred Korff und Irene Triesch standen sich als die  w
595 1722 1551 1826 * Erstaufführung Somitzlers „Das weite Land“.
1728 1773 3033 1868 feindlichen und doch sich liebenden Gatten mit einer Darstellungs= bi
559 1767 1724 1877 Ein Sensationsschauspiel von dem Verfasser des vielberufenen
1721 1815 2956 1895 kunst reifen und berechnenden Erwägens gegenüber, und sie ver¬
486 1820 1731 1920 „Reigens“, aber kein Schauspiel für einen Sensationsprozeß, wenn
1727 1853 2954 1952 suchten, aus Schnitzlers Theatersiguren Menschen zu machen, was
486 1876 2954 1981 man diesen herausfordernden Titel auf das theatralische Gerichts= der Triesch immerhin besser glückte als dem zu sehr den glänzend
484 1907 2952 2002 verfahren anwenden darf, das in diesen Tagen weite Kreise des koutinierten Schauspieler hervorkehrenden Alfred Korff. Josef
483 1934 1721 2031 Berliner Publikums in eine unnötig große Aufregung und Neu¬
1716 1973 2939 2052 Klein als der Raisonneur des Stückes ein Arzt, war voll
477 1979 1718 2070 gierde versetzt hat. Diesmal ist es Schnitzler nur um ein handfestes
1719 2008 2987 2088 schöner Einfachheit, und unter den zahlreichen kleineren L guren 1
480 2027 1715 2111 Stück Theater zu tun gewesen, er ist in eine gefährliche Nachbar¬
1718 2048 2950 2133 wirkte die Darstellung einer mütterlichen alten Frau in Rosa
478 2057 1711 2152 schaft mit Sudermann gerückt, weit abgekommen von der dichterisch
1724 2088 3020 2171 Bertens Verkörperung menschlich wahr und vackend. Das Re¬ I
468 2097 1713 2189 zu nennenden Kunst, die ihn dereinst ein so feines Spiel wie
1710 2127 2951 2212 sidenztheater wird den neuen Schnitzler oftmals svielen können,
474 2140 1705 2226 Liebelei“ hat schreiben lassen. „Das weite Land“ ist des Menschen
1710 2169 2985 2259 aber bei Einschätzung der dichterischen Qualität seiner Persönlich= C
466 2161 1719 2264 Seele, voller Unbegreiflichkeiten und Rätsel, voller Widersprüche
1719 2208 2963 2293 keit wird der Verfasser sich auf sein jüngstes Werk viel weniger
469 2215 1705 2305 und Wunder und doch immer des Verstehens und des Verzeihens
1716 2245 2942 2333 berufen dürfen als auf die Gaben seiner jungen Schaffensjahre.
464 2257 1714 2344 wert, weil in all dem Unerklärlichen und Triebhaften des
468 2305 1720 2384 Handelns stets ein Stück Menschentum steckt, das Liebe und Gnade
2764 2314 2961 2379 S. W.
463 2328 1706 2420 fordert. So liebt die Frau des Wiener Fabrikanten Hofreiter
464 2383 1711 2467 ihren Mann. der ein erbärmlicher Frauenjäger ist, trotz all seiner
458 2405 1704 2502 Lügenhaftigkeit und Niedrigkeit der Gesinnung, sie läßt es zu, daß
1702 2463 1794 2534 de
470 2455 1787 2564 ein sie heiß Liebender, dem sie sich aus Treue zu ihrem treulosensg,
462 2489 1708 2580 Gatten versagt, in den selbstgewählten Tod geht und wirft sich
464 2522 1705 2619 dann doch einem jungen Burschen an den Hals, der freilich noch
463 2571 1700 2654 rein ist in einer verderbien und frivolen Umwelt, nur um ihrem
1691 2548 1795 2642 80
452 2607 1693 2697 Mann Gelegenheit zu geben, sie auf gleiche Stuse mit sich selbst zu
458 2644 1697 2736 stellen, ihn nicht glauben zu lassen, sie könne sich hochmütig über
1690 2670 1780 2719 R
449 2684 1702 2772 ihn, den allein wirklich Sündigen, erheben. Aber der eben erst in
1689 2712 1766 2762 b.
451 2716 1765 2816 neue Liebesabenteuer Verstrickte schießt im Duell in klarer Absicht#
443 2762 1699 2852 den vermeintlich ernst Geliebten seiner Frau über den Hausen, weil
443 2808 1696 2896 er plötzlich erkennt, daß sie allein seine tiefe und wahre Neigung
1696 2756 1779 2877 1
450 2845 1694 2933 besitzt, und scheucht sie dann doch von sich, obwohl er weiß, daß nun
445 2887 1689 2972 auch sein Leben leer und vernichtet sein wird. Ein schwacher Hoff¬
1697 2871 1771 2959 a
447 2916 1755 3008 nungsschimmer glimmt zum Schlusse, eine tröstliche Möglichkeit ver=|9
445 2965 1704 3047 heißend, auf, die Rückkehr des fern gewesenen Knaben der ent¬
452 3000 1705 3086 frembeten Gatten ins Elternhaus. Das alles spielt sich in einer
449 3045 1706 3124 nur langsam voranschreitenden Handlung ab, viel eher der ganzen
445 3077 1757 3149 Anlage nach zu einem nicht eben tiefen, aber wirkungsvollen C
434 3101 1766 3213 Roman als zu einem Bühnenspiel geeignet. Technisch durchaus u
443 3149 1695 3237 die erklügelte Arbeit eines aller Bühnenmittel sicheren, mit dem
431 3191 1690 3283 Verstande und einem kühlen Witze gestaltenden Schreibers, nicht
439 3232 1753 3314 eines warm mit seinen Geschöpfen fühlenden und lebenden Dich¬ 2
431 3279 1723 3354 ters. Erstaunlich, wie Schnitzler die nahellegende Gefahr der
437 3311 1714 3398 Langeweile durch überraschenden Wechsel im Dialog, durch eines3
430 3359 1736 3417 Fülle von Einzelfiguren zu bekämpfen weiß, aber das Absichtlichest
439 3389 1698 3499 dieses Virtuosentums stellt sich doch zu erlenntlich heraus. Zum
435 3425 1687 3504 Schluß aber gibt es Sentimentalität, wie sie kein Film=Rührstück
429 3468 1724 3549 kräftiger hinzusetzen verstebt, die Grenze zum Kitsch ist hart ge¬
426 3496 1725 3608 streift. Aber die Berliner Schnitzlerverehrer ließen solche Erkennt¬
436 3555 1675 3627 nis nicht deutlich werden, als sie das Stück laut und lärmend be¬
427 3578 1675 3665 klatschten und in der Art ihres Beifalls eine Demonstration für
426 3622 1701 3727 den im Reigenprozeß angegrissenen Verfasser bekundeten. Sie
