<?xml version="1.0" encoding="UTF-8" standalone="yes"?>
<PcGts xmlns="http://schema.primaresearch.org/PAGE/gts/pagecontent/2013-07-15" xmlns:xsi="http://www.w3.org/2001/XMLSchema-instance" xsi:schemaLocation="http://schema.primaresearch.org/PAGE/gts/pagecontent/2013-07-15 http://schema.primaresearch.org/PAGE/gts/pagecontent/2013-07-15/pagecontent.xsd">
    <Metadata>
        <Creator>prov=University of Rostock/Institute of Mathematics/CITlab/Gundram Leifert/gundram.leifert@uni-rostock.de:name=ONB_Newseye_GT_M1+(htr_id=10810)::::v=2.4.2
prov=University of Rostock/Institute of Mathematics/CITlab/Tobias Gruening/tobias.gruening@uni-rostock.de:name=de.uros.citlab.module.baseline2polygon.B2PSeamMultiOriented:v=2.4.2
prov=University of Rostock/Institute of Mathematics/CITlab/Tobias Gruening/tobias.gruening@uni-rostock.de:name=/mnt/transkribus/LA/DEA/URO/LA_news_onb_att.pb:de.uros.citlab.segmentation.CITlab_LA_ML:v=2.4.2
Transkribus</Creator>
        <Created>2019-10-07T11:15:48.962+02:00</Created>
        <LastChange>2019-10-08T07:11:44.444+02:00</LastChange>
        <TranskribusMetadata docId="223964" pageId="9498419" pageNr="770" tsid="16505809" status="IN_PROGRESS" userId="40391" imgUrl="https://files.transkribus.eu/Get?id=HIQNEIXOXDGEDVTDAFPWVFJI&amp;fileType=view" xmlUrl="https://files.transkribus.eu/Get?id=YIJUPKMIKPMPDCAUKJTWWYCD" imageId="6188645"/>
    </Metadata>
    <Page imageFilename="223964_0770.jpeg" imageWidth="3344" imageHeight="4224">
        <ReadingOrder>
            <OrderedGroup id="ro_1711442069802" caption="Regions reading order">
                <RegionRefIndexed index="0" regionRef="r1"/>
                <RegionRefIndexed index="1" regionRef="r2"/>
            </OrderedGroup>
        </ReadingOrder>
        <TextRegion orientation="0.0" id="r1" custom="readingOrder {index:0;}">
            <Coords points="306,176 306,3951 1849,3951 1849,176"/>
            <TextLine id="r1l1" custom="readingOrder {index:0;}">
                <Coords points="1028,223 1072,223 1075,220 1077,223 1080,220 1095,218 1095,182 1083,185 1077,179 1067,175 1053,161 1028,166"/>
                <Baseline points="1035,215 1061,214 1087,215"/>
                <TextEquiv>
                    <Unicode>L.</Unicode>
                </TextEquiv>
            </TextLine>
            <TextLine id="r1l2" custom="readingOrder {index:1;}">
                <Coords points="299,203 462,208 529,242 1074,260 1217,252 1256,221 737,217 587,148 460,177 301,153"/>
                <Baseline points="306,196 353,201 400,207 447,211 494,214 541,218 588,222 635,223 682,226 729,228 777,230 824,231 871,232 918,233 965,234 1012,235 1059,236 1106,236 1153,238 1200,239 1248,239"/>
                <TextEquiv>
                    <Unicode>24. Das  e rese e ee e e    A  </Unicode>
                </TextEquiv>
            </TextLine>
            <TextLine id="r1l3" custom="readingOrder {index:2;}">
                <Coords points="1410,233 1529,234 1567,251 1614,227 1658,248 1685,231 1752,247 1789,230 1855,252 1857,188 1817,169 1743,191 1715,171 1694,184 1664,171 1597,208 1574,188 1507,186 1463,162 1412,185"/>
                <Baseline points="1418,221 1443,222 1468,222 1494,224 1519,225 1544,227 1570,228 1595,230 1620,231 1646,232 1671,233 1696,234 1722,235 1747,235 1772,235 1798,235 1823,234 1849,232"/>
                <TextEquiv>
                    <Unicode>box 29/6</Unicode>
                </TextEquiv>
            </TextLine>
            <TextLine id="r1l4" custom="readingOrder {index:3;}">
                <Coords points="746,499 846,499 916,520 958,502 1006,520 1154,510 1156,470 1067,460 1044,472 1010,456 964,469 856,438 794,462 749,453"/>
                <Baseline points="754,483 780,485 806,486 832,488 859,489 885,490 911,491 937,492 964,493 990,494 1016,495 1042,496 1069,498 1095,499 1121,500 1148,503"/>
                <TextEquiv>
                    <Unicode>###nolienzurobe ohne Ouwühr.)</Unicode>
                </TextEquiv>
            </TextLine>
            <TextLine id="r1l5" custom="readingOrder {index:4;}">
                <Coords points="460,555 1340,637 1424,625 1429,558 767,497 715,526 463,517"/>
                <Baseline points="469,548 516,549 563,551 611,553 658,556 706,559 753,563 800,567 848,571 895,575 943,579 990,584 1037,588 1085,593 1132,597 1180,601 1227,605 1274,608 1322,611 1369,613 1417,616"/>
                <TextEquiv>
                    <Unicode>sschnitt, aus Ischler Wochenblatt</Unicode>
                </TextEquiv>
            </TextLine>
            <TextLine id="r1l6" custom="readingOrder {index:5;}">
                <Coords points="744,625 767,629 786,645 796,645 805,659 849,652 873,659 885,599 841,606 831,593 823,596 810,583 755,568"/>
                <Baseline points="752,623 781,627 810,632 839,639 868,645"/>
                <TextEquiv>
                    <Unicode>7977</Unicode>
                </TextEquiv>
            </TextLine>
            <TextLine id="r1l7" custom="readingOrder {index:6;}">
                <Coords points="446,689 628,693 665,710 780,692 856,715 868,675 838,678 773,636 724,658 646,636 618,645 567,616 493,610 449,624"/>
                <Baseline points="454,676 479,679 504,680 530,682 555,683 580,685 606,685 631,686 657,687 682,688 707,689 733,690 758,692 783,694 809,696 834,697 860,700"/>
                <TextEquiv>
                    <Unicode>Räust gepennger</Unicode>
                </TextEquiv>
            </TextLine>
            <TextLine id="r1l8" custom="readingOrder {index:7;}">
                <Coords points="525,739 1552,801 1556,729 528,692"/>
                <Baseline points="533,733 583,735 634,738 684,740 735,743 786,746 836,748 887,751 938,754 988,757 1039,759 1090,762 1140,765 1191,768 1242,771 1292,774 1343,776 1394,779 1444,781 1495,783 1546,785"/>
                <TextEquiv>
                    <Unicode>ea. — „Das weite LannG#chnitzler ist seit seinem</Unicode>
                </TextEquiv>
            </TextLine>
            <TextLine id="r1l9" custom="readingOrder {index:8;}">
                <Coords points="450,795 1553,846 1504,799 454,730"/>
                <Baseline points="458,786 512,788 566,790 621,792 675,795 730,797 784,800 838,803 893,805 947,808 1002,811 1056,815 1110,817 1165,820 1219,823 1274,825 1328,828 1382,830 1437,833 1491,834 1546,836"/>
                <TextEquiv>
                    <Unicode>Rbmane „Der Weg ins Freie“ auf einer neuen Entwick¬</Unicode>
                </TextEquiv>
            </TextLine>
            <TextLine id="r1l10" custom="readingOrder {index:9;}">
                <Coords points="455,852 1389,911 1547,899 1549,866 457,798"/>
                <Baseline points="463,840 516,843 570,846 624,849 678,852 732,854 786,857 839,859 893,862 947,864 1001,866 1055,869 1109,871 1163,873 1216,876 1270,878 1324,881 1378,883 1432,886 1486,888 1540,891"/>
                <TextEquiv>
                    <Unicode>lungsstufe, in der er sich bisnun vergeblich bemüht hat,</Unicode>
                </TextEquiv>
            </TextLine>
            <TextLine id="r1l11" custom="readingOrder {index:10;}">
                <Coords points="445,920 1418,966 1561,931 1256,882 448,856"/>
                <Baseline points="453,895 508,898 563,900 618,903 673,905 728,908 783,911 838,913 893,916 948,918 1003,921 1058,923 1113,925 1168,928 1223,930 1278,932 1333,934 1388,936 1443,938 1498,940 1553,942"/>
                <TextEquiv>
                    <Unicode>Vollendung zu erreichen. Er sucht seine Handlung, seine</Unicode>
                </TextEquiv>
            </TextLine>
            <TextLine id="r1l12" custom="readingOrder {index:11;}">
                <Coords points="451,961 1544,993 1499,957 1296,942 1244,971 452,922"/>
                <Baseline points="459,948 512,950 566,953 620,955 674,957 728,960 782,963 836,966 890,968 944,971 998,974 1051,976 1105,978 1159,981 1213,983 1267,986 1321,988 1375,989 1429,991 1483,992 1537,994"/>
                <TextEquiv>
                    <Unicode>Gedanken auf breitere Basis zu stellen, Mehrere, viele</Unicode>
                </TextEquiv>
            </TextLine>
            <TextLine id="r1l13" custom="readingOrder {index:12;}">
                <Coords points="448,1011 1481,1066 1542,1030 450,967"/>
                <Baseline points="456,1001 509,1003 563,1005 617,1008 671,1010 725,1012 779,1015 833,1017 887,1020 941,1022 995,1025 1048,1028 1102,1031 1156,1033 1210,1035 1264,1038 1318,1040 1372,1042 1426,1044 1480,1046 1534,1047"/>
                <TextEquiv>
                    <Unicode>Personen ungezwungen durcheinanderzuketten; aber die</Unicode>
                </TextEquiv>
            </TextLine>
            <TextLine id="r1l14" custom="readingOrder {index:13;}">
                <Coords points="451,1060 1435,1098 1536,1132 1549,1083 453,1015"/>
                <Baseline points="459,1053 513,1054 567,1057 621,1058 675,1061 729,1063 783,1065 837,1068 891,1070 945,1073 999,1076 1053,1078 1107,1081 1161,1082 1215,1085 1269,1087 1323,1089 1377,1092 1431,1094 1485,1095 1540,1097"/>
                <TextEquiv>
                    <Unicode>Konzentration gelingt ihm nicht. Immer sind es nur die</Unicode>
                </TextEquiv>
            </TextLine>
            <TextLine id="r1l15" custom="readingOrder {index:14;}">
                <Coords points="441,1119 1547,1143 1490,1104 442,1074"/>
                <Baseline points="448,1104 502,1105 557,1107 611,1108 666,1110 721,1112 775,1114 830,1116 884,1118 939,1121 994,1124 1048,1125 1103,1128 1157,1130 1212,1133 1267,1135 1321,1137 1376,1139 1430,1141 1485,1143 1540,1144"/>
                <TextEquiv>
                    <Unicode>zwei, die im Vordergrunde stehen und alles andere, alles</Unicode>
                </TextEquiv>
            </TextLine>
            <TextLine id="r1l16" custom="readingOrder {index:15;}">
                <Coords points="445,1157 1486,1213 1543,1163 446,1123"/>
                <Baseline points="452,1153 506,1154 560,1155 614,1156 668,1158 722,1160 776,1161 831,1164 885,1167 939,1169 993,1171 1047,1174 1101,1177 1155,1179 1210,1182 1264,1184 1318,1186 1372,1188 1426,1190 1480,1191 1535,1192"/>
                <TextEquiv>
                    <Unicode>viele ist mehr oder minder Nebenher, ist Träger von Ge¬</Unicode>
                </TextEquiv>
            </TextLine>
            <TextLine id="r1l17" custom="readingOrder {index:16;}">
                <Coords points="446,1199 1339,1259 1536,1260 1538,1218 447,1164"/>
                <Baseline points="453,1202 506,1202 560,1203 614,1205 668,1206 722,1208 775,1210 829,1211 883,1214 937,1216 991,1218 1044,1221 1098,1223 1152,1226 1206,1228 1260,1231 1313,1233 1367,1235 1421,1237 1475,1240 1529,1242"/>
                <TextEquiv>
                    <Unicode>danken, die aufleuchten und nach kurzer Flugbahn aus</Unicode>
                </TextEquiv>
            </TextLine>
            <TextLine id="r1l18" custom="readingOrder {index:17;}">
                <Coords points="442,1257 1536,1303 1448,1249 444,1200"/>
                <Baseline points="449,1249 503,1251 557,1253 611,1255 665,1258 719,1259 773,1261 827,1263 881,1266 935,1267 989,1269 1043,1271 1097,1274 1151,1276 1205,1278 1259,1280 1313,1282 1367,1285 1421,1288 1475,1290 1529,1294"/>
                <TextEquiv>
                    <Unicode>dem Zentralgefüge herausfallen. Der Roman zeigt das,</Unicode>
                </TextEquiv>
            </TextLine>
            <TextLine id="r1l19" custom="readingOrder {index:18;}">
                <Coords points="435,1315 1342,1358 1545,1350 1547,1307 436,1269"/>
                <Baseline points="442,1301 496,1302 551,1303 606,1304 661,1306 716,1307 770,1309 825,1311 880,1312 935,1315 990,1317 1044,1319 1099,1321 1154,1324 1209,1327 1264,1329 1318,1331 1373,1334 1428,1336 1483,1339 1538,1341"/>
                <TextEquiv>
                    <Unicode>im „jungen Medardus“ wirft sich die Schicksalskoppel hin</Unicode>
                </TextEquiv>
            </TextLine>
            <TextLine id="r1l20" custom="readingOrder {index:19;}">
                <Coords points="431,1374 679,1355 1425,1409 1537,1362 433,1312"/>
                <Baseline points="438,1351 492,1352 547,1353 601,1355 656,1356 710,1358 765,1360 819,1361 874,1364 928,1365 983,1368 1038,1370 1092,1372 1147,1374 1201,1376 1256,1379 1310,1380 1365,1382 1419,1384 1474,1385 1529,1387"/>
                <TextEquiv>
                    <Unicode>und her und im „weiten Land“ sind die übrigen buchstäb¬</Unicode>
                </TextEquiv>
            </TextLine>
            <TextLine id="r1l21" custom="readingOrder {index:20;}">
                <Coords points="430,1407 1449,1457 1537,1446 1539,1405 431,1375"/>
                <Baseline points="438,1400 492,1400 547,1401 601,1403 656,1404 711,1406 765,1408 820,1410 874,1412 929,1414 984,1417 1038,1419 1093,1421 1147,1424 1202,1426 1257,1428 1311,1430 1366,1432 1420,1433 1475,1434 1530,1435"/>
                <TextEquiv>
                    <Unicode>lich auf einen Tennisplatz verwiesen, spielen meist also</Unicode>
                </TextEquiv>
            </TextLine>
            <TextLine id="r1l22" custom="readingOrder {index:21;}">
                <Coords points="425,1452 1540,1516 1521,1441 427,1416"/>
                <Baseline points="433,1442 488,1445 543,1448 598,1452 653,1454 708,1457 763,1459 818,1461 873,1464 928,1466 983,1468 1038,1470 1093,1471 1148,1473 1203,1475 1258,1477 1313,1479 1368,1480 1423,1482 1478,1484 1534,1485"/>
                <TextEquiv>
                    <Unicode>hinter der Szene und haben eigentlich nur den Akt im</Unicode>
                </TextEquiv>
            </TextLine>
            <TextLine id="r1l23" custom="readingOrder {index:22;}">
                <Coords points="435,1508 1500,1557 1532,1509 436,1465"/>
                <Baseline points="442,1491 496,1494 550,1497 604,1500 658,1503 712,1506 766,1507 820,1510 874,1512 928,1514 983,1516 1037,1518 1091,1520 1145,1522 1199,1524 1253,1526 1307,1528 1361,1530 1415,1532 1469,1534 1524,1536"/>
                <TextEquiv>
                    <Unicode>Alpenhotel zur freien Bewegung. Als Hauptakteur er,</Unicode>
                </TextEquiv>
            </TextLine>
            <TextLine id="r1l24" custom="readingOrder {index:23;}">
                <Coords points="437,1546 1531,1596 1533,1545 439,1501"/>
                <Baseline points="444,1545 498,1546 552,1548 606,1550 660,1552 714,1554 768,1556 822,1558 876,1560 930,1562 984,1564 1038,1566 1092,1569 1146,1571 1200,1573 1254,1575 1308,1577 1362,1578 1416,1580 1470,1582 1524,1583"/>
                <TextEquiv>
                    <Unicode>Hofreiter, und sie, Genia, das Schicksal, das selbst wenig</Unicode>
                </TextEquiv>
            </TextLine>
            <TextLine id="r1l25" custom="readingOrder {index:24;}">
                <Coords points="435,1602 1384,1653 1531,1631 1475,1584 437,1547"/>
                <Baseline points="442,1597 496,1597 550,1598 604,1599 658,1600 712,1602 766,1604 820,1606 874,1609 928,1611 982,1613 1036,1615 1090,1618 1144,1620 1198,1622 1252,1624 1306,1626 1360,1627 1414,1628 1468,1629 1523,1630"/>
                <TextEquiv>
                    <Unicode>handelnd eingreift, sondern nur die Folgen von sich selbst</Unicode>
                </TextEquiv>
            </TextLine>
            <TextLine id="r1l26" custom="readingOrder {index:25;}">
                <Coords points="418,1653 1525,1705 1527,1638 420,1604"/>
                <Baseline points="426,1644 480,1644 535,1645 589,1646 644,1648 699,1649 753,1651 808,1654 863,1655 917,1658 972,1661 1027,1663 1081,1665 1136,1668 1191,1670 1245,1672 1300,1673 1355,1675 1409,1676 1464,1677 1519,1677"/>
                <TextEquiv>
                    <Unicode>beklagt. Hofreiter ist der altgewordene Anatol, der unbe¬</Unicode>
                </TextEquiv>
            </TextLine>
            <TextLine id="r1l27" custom="readingOrder {index:26;}">
                <Coords points="417,1684 1385,1750 1529,1726 1464,1686 418,1655"/>
                <Baseline points="424,1690 478,1691 533,1692 588,1694 643,1696 698,1698 753,1700 808,1702 863,1705 918,1707 973,1710 1027,1712 1082,1714 1137,1717 1192,1718 1247,1720 1302,1722 1357,1724 1412,1725 1467,1726 1522,1727"/>
                <TextEquiv>
                    <Unicode>wußt von seiner letzten Jugend Abschied nehmen muß. Er</Unicode>
                </TextEquiv>
            </TextLine>
            <TextLine id="r1l28" custom="readingOrder {index:27;}">
                <Coords points="426,1743 1498,1795 1525,1741 427,1710"/>
                <Baseline points="434,1739 488,1740 542,1742 596,1745 650,1747 704,1749 758,1751 812,1753 866,1755 920,1757 975,1759 1029,1761 1083,1763 1137,1765 1191,1767 1245,1769 1299,1770 1353,1772 1407,1774 1461,1775 1516,1777"/>
                <TextEquiv>
                    <Unicode>ist Glühlichtfabrikant, eifriger Sportsmann und die Liebe</Unicode>
                </TextEquiv>
            </TextLine>
            <TextLine id="r1l29" custom="readingOrder {index:28;}">
                <Coords points="417,1783 1513,1847 1527,1784 418,1754"/>
                <Baseline points="423,1790 477,1791 532,1793 587,1795 642,1796 696,1798 751,1800 806,1802 861,1803 915,1805 970,1807 1025,1809 1080,1811 1134,1813 1189,1815 1244,1817 1299,1819 1353,1820 1408,1823 1463,1825 1518,1827"/>
                <TextEquiv>
                    <Unicode>ist halt noch immer sein Lebenszweck. Seine kühle Frau</Unicode>
                </TextEquiv>
            </TextLine>
            <TextLine id="r1l30" custom="readingOrder {index:29;}">
                <Coords points="423,1842 1224,1888 1513,1884 1514,1850 424,1796"/>
                <Baseline points="430,1842 483,1842 537,1843 591,1844 645,1845 699,1847 752,1848 806,1850 860,1853 914,1855 968,1857 1021,1859 1075,1861 1129,1863 1183,1865 1237,1867 1290,1869 1344,1870 1398,1872 1452,1872 1506,1873"/>
                <TextEquiv>
                    <Unicode>erschreckt ihn geradezu, als er erfährt, daß sich der Kla¬</Unicode>
                </TextEquiv>
            </TextLine>
            <TextLine id="r1l31" custom="readingOrder {index:30;}">
                <Coords points="419,1888 1520,1946 1522,1876 421,1842"/>
                <Baseline points="426,1887 480,1888 534,1890 589,1891 643,1893 698,1894 752,1896 806,1898 861,1900 915,1902 970,1904 1024,1906 1078,1908 1133,1910 1187,1913 1242,1914 1296,1916 1350,1917 1405,1919 1459,1920 1514,1921"/>
                <TextEquiv>
                    <Unicode>viervirtuose Korsakow ihrethalber erschossen hat. Er flieht</Unicode>
                </TextEquiv>
            </TextLine>
            <TextLine id="r1l32" custom="readingOrder {index:31;}">
                <Coords points="413,1931 1522,1997 1524,1945 1462,1929 414,1899"/>
                <Baseline points="420,1932 474,1935 529,1936 584,1939 639,1942 694,1944 748,1946 803,1948 858,1951 913,1953 968,1955 1022,1957 1077,1959 1132,1961 1187,1964 1242,1966 1296,1967 1351,1969 1406,1971 1461,1972 1516,1973"/>
                <TextEquiv>
                    <Unicode>vor ihr in die Alpen. Und da treibt ihn der Höhenrausch,</Unicode>
                </TextEquiv>
            </TextLine>
            <TextLine id="r1l33" custom="readingOrder {index:32;}">
                <Coords points="420,1981 1515,2040 1516,1997 1456,1975 421,1950"/>
                <Baseline points="427,1984 481,1986 535,1989 589,1991 643,1993 697,1995 751,1996 805,1998 859,2000 913,2001 967,2003 1021,2004 1075,2006 1129,2008 1183,2010 1237,2011 1291,2014 1345,2015 1399,2018 1453,2020 1508,2023"/>
                <TextEquiv>
                    <Unicode>wie er es selbst nennt, einem Mädchen, Erna Wahl, in</Unicode>
                </TextEquiv>
            </TextLine>
            <TextLine id="r1l34" custom="readingOrder {index:33;}">
                <Coords points="421,2040 1444,2084 1522,2072 1524,2022 423,1991"/>
                <Baseline points="428,2035 482,2036 536,2037 591,2039 645,2040 700,2042 754,2044 808,2046 863,2047 917,2049 972,2051 1026,2054 1080,2055 1135,2058 1189,2059 1244,2061 1298,2063 1352,2065 1407,2067 1461,2069 1516,2070"/>
                <TextEquiv>
                    <Unicode>die Arme. Zurückgekehrt, findet er sich von seiner Frau</Unicode>
                </TextEquiv>
            </TextLine>
            <TextLine id="r1l35" custom="readingOrder {index:34;}">
                <Coords points="421,2084 1519,2134 1520,2088 1463,2078 422,2039"/>
                <Baseline points="428,2084 482,2086 536,2088 590,2090 644,2092 699,2094 753,2095 807,2097 861,2098 915,2100 970,2102 1024,2104 1078,2105 1132,2107 1186,2109 1241,2111 1295,2113 1349,2115 1403,2118 1457,2121 1512,2124"/>
                <TextEquiv>
                    <Unicode>betrogen. In plötzlich aufschäumender Wut stellt er den</Unicode>
                </TextEquiv>
            </TextLine>
            <TextLine id="r1l36" custom="readingOrder {index:35;}">
                <Coords points="407,2120 507,2156 976,2141 1519,2182 1446,2120 407,2099"/>
                <Baseline points="414,2131 468,2132 523,2134 578,2136 633,2138 688,2139 743,2142 798,2144 853,2145 908,2148 963,2150 1017,2152 1072,2154 1127,2157 1182,2160 1237,2162 1292,2164 1347,2166 1402,2168 1457,2170 1512,2172"/>
                <TextEquiv>
                    <Unicode>Verführer und erschießt ihn auch tagsdarauf im Duell.</Unicode>
                </TextEquiv>
            </TextLine>
            <TextLine id="r1l37" custom="readingOrder {index:36;}">
                <Coords points="430,2255 1558,2279 1535,2199 1457,2232 431,2199"/>
                <Baseline points="438,2246 493,2247 549,2249 604,2250 660,2251 716,2252 771,2253 827,2254 882,2254 938,2255 994,2256 1049,2257 1105,2258 1160,2259 1216,2260 1272,2261 1327,2263 1383,2264 1438,2267 1494,2269 1550,2271"/>
                <TextEquiv>
                    <Unicode>Plötzlich ist er gebrochen. Die Erkenntnis der Jugend, die</Unicode>
                </TextEquiv>
            </TextLine>
            <TextLine id="r1l38" custom="readingOrder {index:37;}">
                <Coords points="431,2308 1492,2335 1528,2298 432,2256"/>
                <Baseline points="439,2297 493,2298 547,2299 601,2300 655,2301 709,2302 763,2303 817,2304 871,2305 925,2306 979,2307 1033,2308 1087,2308 1141,2309 1195,2310 1249,2312 1303,2313 1357,2314 1411,2315 1465,2317 1520,2319"/>
                <TextEquiv>
                    <Unicode>ihm gestern gegenübergestanden, die er nicht mehr hat,</Unicode>
                </TextEquiv>
            </TextLine>
            <TextLine id="r1l39" custom="readingOrder {index:38;}">
                <Coords points="423,2360 1471,2384 1524,2374 1525,2317 424,2304"/>
                <Baseline points="431,2346 485,2347 539,2349 593,2350 648,2351 702,2352 756,2353 810,2354 865,2355 919,2356 973,2357 1027,2357 1082,2358 1136,2359 1190,2359 1244,2360 1299,2361 1353,2362 1407,2363 1461,2364 1516,2365"/>
                <TextEquiv>
                    <Unicode>macht ihn wanken. Die Liebe Erna Wahls weist er zu¬</Unicode>
                </TextEquiv>
            </TextLine>
            <TextLine id="r1l40" custom="readingOrder {index:39;}">
                <Coords points="416,2388 1535,2429 1536,2381 1426,2373 417,2359"/>
                <Baseline points="424,2392 479,2394 534,2396 589,2397 644,2399 700,2400 755,2402 810,2403 865,2404 920,2405 976,2407 1031,2408 1086,2409 1141,2410 1196,2411 1252,2412 1307,2413 1362,2413 1417,2414 1472,2414 1528,2415"/>
                <TextEquiv>
                    <Unicode>rück. Nichts mehr von Leidenschaft, er ist alt geworden, er</Unicode>
                </TextEquiv>
            </TextLine>
            <TextLine id="r1l41" custom="readingOrder {index:40;}">
                <Coords points="425,2460 1531,2489 1532,2434 1412,2422 426,2408"/>
                <Baseline points="432,2441 486,2444 541,2446 595,2448 650,2449 705,2451 759,2452 814,2452 868,2453 923,2454 978,2454 1032,2455 1087,2456 1141,2456 1196,2457 1251,2458 1305,2460 1360,2461 1414,2463 1469,2465 1524,2468"/>
                <TextEquiv>
                    <Unicode>sehnt sich nach der frischen Jugend seines kleinen Sohnes,</Unicode>
                </TextEquiv>
            </TextLine>
            <TextLine id="r1l42" custom="readingOrder {index:41;}">
                <Coords points="427,2500 1535,2517 1535,2487 1406,2470 428,2457"/>
                <Baseline points="434,2490 488,2493 543,2495 598,2497 652,2498 707,2500 762,2501 816,2502 871,2503 926,2503 981,2504 1035,2505 1090,2505 1145,2506 1199,2507 1254,2508 1309,2509 1363,2510 1418,2512 1473,2514 1528,2516"/>
                <TextEquiv>
                    <Unicode>der aus England zurückgekehrt ist ... Merkwürdig, wenn</Unicode>
                </TextEquiv>
            </TextLine>
            <TextLine id="r1l43" custom="readingOrder {index:42;}">
                <Coords points="422,2531 1429,2584 1519,2574 1520,2519 422,2498"/>
                <Baseline points="429,2540 483,2541 537,2543 591,2544 645,2545 699,2546 753,2547 808,2548 862,2549 916,2550 970,2551 1024,2552 1078,2553 1132,2554 1187,2555 1241,2556 1295,2558 1349,2559 1403,2560 1457,2562 1512,2563"/>
                <TextEquiv>
                    <Unicode>man an einen gealterten Anatol denkt, so decken manche</Unicode>
                </TextEquiv>
            </TextLine>
            <TextLine id="r1l44" custom="readingOrder {index:43;}">
                <Coords points="418,2607 1439,2611 1512,2641 1528,2566 419,2555"/>
                <Baseline points="426,2586 480,2588 535,2590 590,2592 644,2593 699,2594 754,2595 808,2596 863,2597 918,2598 973,2599 1027,2600 1082,2600 1137,2602 1191,2603 1246,2604 1301,2606 1355,2608 1410,2610 1465,2612 1520,2615"/>
                <TextEquiv>
                    <Unicode>Werte dieser Tragikomödie wehmütige Erinnerungen auf.</Unicode>
                </TextEquiv>
            </TextLine>
            <TextLine id="r1l45" custom="readingOrder {index:44;}">
                <Coords points="413,2628 466,2658 1422,2662 1523,2698 1524,2639 1461,2618 414,2606"/>
                <Baseline points="420,2636 474,2639 529,2642 584,2644 639,2645 694,2646 749,2647 803,2648 858,2648 913,2649 968,2649 1023,2649 1078,2650 1133,2650 1187,2651 1242,2652 1297,2653 1352,2655 1407,2657 1462,2659 1517,2662"/>
                <TextEquiv>
                    <Unicode>Hofreiter sagt selst von den Rosen seines Gartens: „Je</Unicode>
                </TextEquiv>
            </TextLine>
            <TextLine id="r1l46" custom="readingOrder {index:45;}">
                <Coords points="421,2691 1419,2706 1530,2743 1531,2695 1441,2664 422,2653"/>
                <Baseline points="428,2685 482,2686 537,2689 592,2690 647,2691 701,2693 756,2694 811,2695 866,2696 920,2697 975,2698 1030,2699 1085,2700 1139,2701 1194,2702 1249,2703 1304,2704 1358,2706 1413,2707 1468,2708 1523,2710"/>
                <TextEquiv>
                    <Unicode>mehr sie aufblühen,edesto weniger Duft haben sie". Und</Unicode>
                </TextEquiv>
            </TextLine>
            <TextLine id="r1l47" custom="readingOrder {index:46;}">
                <Coords points="418,2749 1522,2754 1435,2710 420,2700"/>
                <Baseline points="426,2731 480,2733 534,2735 589,2737 643,2739 698,2741 752,2742 806,2744 861,2745 915,2746 970,2747 1024,2748 1078,2749 1133,2750 1187,2752 1242,2753 1296,2754 1350,2756 1405,2757 1459,2758 1514,2760"/>
                <TextEquiv>
                    <Unicode>dann die Worte, mit denen Erna Wahl ihn begrüßt: „Ich</Unicode>
                </TextEquiv>
            </TextLine>
            <TextLine id="r1l48" custom="readingOrder {index:47;}">
                <Coords points="412,2798 1424,2808 1522,2840 1524,2755 413,2745"/>
                <Baseline points="420,2781 474,2783 529,2785 584,2786 639,2788 694,2789 748,2791 803,2792 858,2793 913,2794 968,2795 1022,2796 1077,2797 1132,2798 1187,2799 1242,2800 1296,2802 1351,2803 1406,2805 1461,2806 1516,2808"/>
                <TextEquiv>
                    <Unicode>bin frohledaß du wieder da hist.“ Erinnert das nicht an</Unicode>
                </TextEquiv>
            </TextLine>
            <TextLine id="r1l49" custom="readingOrder {index:48;}">
                <Coords points="407,2829 1516,2888 1504,2808 408,2797"/>
                <Baseline points="415,2832 469,2834 524,2836 579,2837 633,2838 688,2839 743,2840 797,2841 852,2842 907,2843 962,2844 1016,2845 1071,2846 1126,2847 1180,2848 1235,2849 1290,2851 1344,2852 1399,2854 1454,2855 1509,2858"/>
                <TextEquiv>
                    <Unicode>das Mädel, von dem in den „Weihnachtseinkäufen“ ge¬</Unicode>
                </TextEquiv>
            </TextLine>
            <TextLine id="r1l50" custom="readingOrder {index:49;}">
                <Coords points="418,2888 1496,2929 1517,2887 419,2837"/>
                <Baseline points="425,2885 479,2884 533,2885 587,2885 641,2886 696,2886 750,2887 804,2888 858,2889 912,2890 967,2892 1021,2893 1075,2894 1129,2896 1183,2897 1238,2898 1292,2899 1346,2900 1400,2901 1454,2902 1509,2902"/>
                <TextEquiv>
                    <Unicode>sprochen wird? Dann ist wohl Genia ein wenig „gnädige</Unicode>
                </TextEquiv>
            </TextLine>
            <TextLine id="r1l51" custom="readingOrder {index:50;}">
                <Coords points="421,2940 1462,2966 1517,2957 1518,2924 422,2898"/>
                <Baseline points="428,2931 482,2932 536,2934 590,2935 644,2937 698,2938 752,2939 807,2941 861,2942 915,2943 969,2944 1023,2945 1077,2946 1131,2947 1186,2948 1240,2949 1294,2950 1348,2950 1402,2951 1456,2951 1511,2951"/>
                <TextEquiv>
                    <Unicode>Frau“, die zu feig zur Liebe ist. Man kann Vergleiche</Unicode>
                </TextEquiv>
            </TextLine>
            <TextLine id="r1l52" custom="readingOrder {index:51;}">
                <Coords points="413,2989 1501,3028 1512,2951 414,2938"/>
                <Baseline points="421,2979 475,2980 529,2982 583,2984 637,2985 691,2986 745,2987 799,2989 853,2990 907,2990 962,2991 1016,2993 1070,2993 1124,2994 1178,2995 1232,2996 1286,2998 1340,2999 1394,3001 1448,3002 1503,3004"/>
                <TextEquiv>
                    <Unicode>ziehen und vieles wird in diesem bedenksamen Stücke kla¬</Unicode>
                </TextEquiv>
            </TextLine>
            <TextLine id="r1l53" custom="readingOrder {index:52;}">
                <Coords points="399,3042 1499,3051 1499,3009 1414,3000 400,2993"/>
                <Baseline points="407,3027 461,3029 515,3031 569,3033 623,3035 678,3037 732,3038 786,3039 840,3040 894,3041 949,3042 1003,3043 1057,3043 1111,3044 1165,3045 1220,3045 1274,3046 1328,3047 1382,3048 1436,3048 1491,3049"/>
                <TextEquiv>
                    <Unicode>rer, über das sich viele Leute (jeder gewiß ein bißchen)</Unicode>
                </TextEquiv>
            </TextLine>
            <TextLine id="r1l54" custom="readingOrder {index:53;}">
                <Coords points="408,3090 1200,3120 1476,3116 1578,3076 1540,3033 1244,3074 408,3040"/>
                <Baseline points="415,3082 472,3080 530,3080 588,3080 646,3081 704,3082 761,3084 819,3086 877,3088 935,3090 993,3092 1050,3094 1108,3095 1166,3096 1224,3097 1282,3096 1339,3096 1397,3094 1455,3091 1513,3087 1571,3082"/>
                <TextEquiv>
                    <Unicode>den Kopf zerbrechen werden. Auch der Titel wird begreif= </Unicode>
                </TextEquiv>
            </TextLine>
            <TextLine id="r1l55" custom="readingOrder {index:54;}">
                <Coords points="404,3130 1486,3152 1567,3187 1569,3097 1532,3089 1253,3120 405,3092"/>
                <Baseline points="411,3127 468,3128 525,3129 583,3130 640,3131 698,3132 755,3133 813,3134 870,3135 928,3136 985,3137 1042,3139 1100,3140 1157,3142 1215,3144 1272,3146 1330,3147 1387,3150 1445,3153 1502,3156 1560,3159"/>
                <TextEquiv>
                    <Unicode>licher. Nicht nur die Seele ist ein weites Land. Auch des</Unicode>
                </TextEquiv>
            </TextLine>
            <TextLine id="r1l56" custom="readingOrder {index:55;}">
                <Coords points="401,3188 1020,3184 1403,3227 1509,3198 1510,3150 402,3139"/>
                <Baseline points="409,3176 463,3176 518,3177 572,3178 627,3179 682,3180 736,3182 791,3183 845,3185 900,3186 955,3188 1009,3189 1064,3191 1118,3193 1173,3194 1228,3195 1282,3196 1337,3197 1391,3198 1446,3199 1501,3199"/>
                <TextEquiv>
                    <Unicode>Dichters, Schnitzlers, Jugend ist ein Land, das weitehin¬</Unicode>
                </TextEquiv>
            </TextLine>
            <TextLine id="r1l57" custom="readingOrder {index:56;}">
                <Coords points="394,3225 1266,3239 1380,3275 1541,3249 1513,3195 1401,3228 395,3188"/>
                <Baseline points="401,3222 457,3224 514,3226 570,3228 627,3229 684,3231 740,3232 797,3234 853,3235 910,3236 967,3237 1023,3238 1080,3239 1136,3240 1193,3241 1250,3242 1306,3243 1363,3244 1419,3245 1476,3246 1533,3247"/>
                <TextEquiv>
                    <Unicode>##ter Anatol liegt. Und in das zurückgepilgert wird, de¬</Unicode>
                </TextEquiv>
            </TextLine>
            <TextLine id="r1l58" custom="readingOrder {index:57;}">
                <Coords points="394,3269 492,3296 714,3280 744,3298 927,3295 928,3243 706,3250 678,3232 542,3251 395,3226"/>
                <Baseline points="401,3268 427,3270 453,3272 479,3273 505,3274 531,3275 557,3276 583,3276 609,3277 635,3277 661,3277 687,3277 713,3277 739,3278 765,3278 791,3278 817,3280 843,3280 869,3281 895,3282 921,3284"/>
                <TextEquiv>
                    <Unicode>mütig und voll Sehnsucht.</Unicode>
                </TextEquiv>
            </TextLine>
            <TextLine id="r1l59" custom="readingOrder {index:58;}">
                <Coords points="1460,3319 1497,3313 1505,3319 1511,3315 1523,3321 1531,3314 1547,3321 1554,3311 1564,3310 1555,3254 1541,3255 1536,3262 1513,3249 1496,3269 1488,3263 1473,3279 1454,3279"/>
                <Baseline points="1466,3308 1495,3302 1524,3295 1554,3296"/>
                <TextEquiv>
                    <Unicode>11</Unicode>
                </TextEquiv>
            </TextLine>
            <TextLine id="r1l60" custom="readingOrder {index:59;}">
                <Coords points="463,3548 1542,3559 1577,3484 1076,3462 463,3505"/>
                <Baseline points="471,3534 525,3535 580,3535 635,3535 690,3534 745,3533 800,3532 855,3530 910,3529 965,3528 1020,3526 1074,3525 1129,3525 1184,3524 1239,3524 1294,3525 1349,3526 1404,3528 1459,3531 1514,3534 1569,3539"/>
                <TextEquiv>
                    <Unicode>nom: 220I1911 WIENER GARIGATIIREN)</Unicode>
                </TextEquiv>
            </TextLine>
            <TextLine id="r1l61" custom="readingOrder {index:60;}">
                <Coords points="484,3629 1411,3602 1319,3537 924,3555 884,3530 637,3564 534,3537 483,3564"/>
                <Baseline points="491,3607 536,3605 582,3604 627,3604 673,3603 719,3603 764,3602 810,3602 855,3603 901,3603 947,3603 992,3603 1038,3603 1083,3603 1129,3603 1175,3602 1220,3602 1266,3601 1311,3600 1357,3598 1403,3596"/>
                <TextEquiv>
                    <Unicode>Neueste Theaternachrichten.</Unicode>
                </TextEquiv>
            </TextLine>
            <TextLine id="r1l62" custom="readingOrder {index:61;}">
                <Coords points="549,3704 1421,3698 1459,3682 1459,3640 549,3655"/>
                <Baseline points="557,3695 601,3693 646,3692 691,3691 735,3690 780,3689 825,3689 869,3688 914,3688 959,3688 1004,3688 1048,3688 1093,3688 1138,3687 1182,3687 1227,3687 1272,3687 1316,3687 1361,3687 1406,3686 1451,3685"/>
                <TextEquiv>
                    <Unicode>Arthur Schnitzler erklärt in einem an</Unicode>
                </TextEquiv>
            </TextLine>
            <TextLine id="r1l63" custom="readingOrder {index:62;}">
                <Coords points="459,3787 561,3749 1400,3754 1450,3748 1450,3700 540,3723 458,3695"/>
                <Baseline points="466,3758 514,3756 563,3753 612,3752 661,3751 710,3750 759,3750 807,3750 856,3750 905,3750 954,3750 1003,3750 1052,3750 1101,3751 1149,3750 1198,3750 1247,3750 1296,3749 1345,3747 1394,3745 1443,3742"/>
                <TextEquiv>
                    <Unicode>uns gerichteten Schreiben, daß der Titel</Unicode>
                </TextEquiv>
            </TextLine>
            <TextLine id="r1l64" custom="readingOrder {index:63;}">
                <Coords points="452,3827 874,3806 1178,3832 1453,3800 1452,3769 1247,3757 527,3770 452,3801"/>
                <Baseline points="459,3819 508,3815 557,3813 606,3811 656,3809 705,3808 754,3807 804,3807 853,3807 902,3807 952,3807 1001,3807 1050,3807 1099,3807 1149,3807 1198,3806 1247,3805 1297,3805 1346,3802 1395,3801 1445,3798"/>
                <TextEquiv>
                    <Unicode>„Das weite hand“, den seine jüngste Komödie</Unicode>
                </TextEquiv>
            </TextLine>
            <TextLine id="r1l65" custom="readingOrder {index:64;}">
                <Coords points="459,3892 1468,3860 1467,3829 1341,3818 458,3832"/>
                <Baseline points="466,3876 515,3875 565,3874 615,3873 665,3872 714,3871 764,3870 814,3869 864,3868 913,3867 963,3866 1013,3865 1063,3864 1112,3864 1162,3863 1212,3862 1262,3861 1311,3860 1361,3860 1411,3859 1461,3859"/>
                <TextEquiv>
                    <Unicode>trägt, auf die vielen Ehebrüche zurückzuführen</Unicode>
                </TextEquiv>
            </TextLine>
            <TextLine id="r1l66" custom="readingOrder {index:65;}">
                <Coords points="456,3943 719,3928 953,3958 1245,3931 1244,3902 1168,3879 456,3906"/>
                <Baseline points="463,3939 501,3937 540,3934 579,3932 617,3931 656,3929 695,3928 733,3927 772,3926 811,3925 850,3925 888,3925 927,3924 966,3924 1004,3924 1043,3923 1082,3923 1120,3923 1159,3922 1198,3922 1237,3921"/>
                <TextEquiv>
                    <Unicode>ist, welche keine Srenzen finden.</Unicode>
                </TextEquiv>
            </TextLine>
            <TextEquiv>
                <Unicode>L.
24. Das  e rese e ee e e    A  
box 29/6
###nolienzurobe ohne Ouwühr.)
sschnitt, aus Ischler Wochenblatt
7977
Räust gepennger
ea. — „Das weite LannG#chnitzler ist seit seinem
Rbmane „Der Weg ins Freie“ auf einer neuen Entwick¬
lungsstufe, in der er sich bisnun vergeblich bemüht hat,
Vollendung zu erreichen. Er sucht seine Handlung, seine
Gedanken auf breitere Basis zu stellen, Mehrere, viele
Personen ungezwungen durcheinanderzuketten; aber die
Konzentration gelingt ihm nicht. Immer sind es nur die
zwei, die im Vordergrunde stehen und alles andere, alles
viele ist mehr oder minder Nebenher, ist Träger von Ge¬
danken, die aufleuchten und nach kurzer Flugbahn aus
dem Zentralgefüge herausfallen. Der Roman zeigt das,
im „jungen Medardus“ wirft sich die Schicksalskoppel hin
und her und im „weiten Land“ sind die übrigen buchstäb¬
lich auf einen Tennisplatz verwiesen, spielen meist also
hinter der Szene und haben eigentlich nur den Akt im
Alpenhotel zur freien Bewegung. Als Hauptakteur er,
Hofreiter, und sie, Genia, das Schicksal, das selbst wenig
handelnd eingreift, sondern nur die Folgen von sich selbst
beklagt. Hofreiter ist der altgewordene Anatol, der unbe¬
wußt von seiner letzten Jugend Abschied nehmen muß. Er
ist Glühlichtfabrikant, eifriger Sportsmann und die Liebe
ist halt noch immer sein Lebenszweck. Seine kühle Frau
erschreckt ihn geradezu, als er erfährt, daß sich der Kla¬
viervirtuose Korsakow ihrethalber erschossen hat. Er flieht
vor ihr in die Alpen. Und da treibt ihn der Höhenrausch,
wie er es selbst nennt, einem Mädchen, Erna Wahl, in
die Arme. Zurückgekehrt, findet er sich von seiner Frau
betrogen. In plötzlich aufschäumender Wut stellt er den
Verführer und erschießt ihn auch tagsdarauf im Duell.
Plötzlich ist er gebrochen. Die Erkenntnis der Jugend, die
ihm gestern gegenübergestanden, die er nicht mehr hat,
macht ihn wanken. Die Liebe Erna Wahls weist er zu¬
rück. Nichts mehr von Leidenschaft, er ist alt geworden, er
sehnt sich nach der frischen Jugend seines kleinen Sohnes,
der aus England zurückgekehrt ist ... Merkwürdig, wenn
man an einen gealterten Anatol denkt, so decken manche
Werte dieser Tragikomödie wehmütige Erinnerungen auf.
Hofreiter sagt selst von den Rosen seines Gartens: „Je
mehr sie aufblühen,edesto weniger Duft haben sie". Und
dann die Worte, mit denen Erna Wahl ihn begrüßt: „Ich
bin frohledaß du wieder da hist.“ Erinnert das nicht an
das Mädel, von dem in den „Weihnachtseinkäufen“ ge¬
sprochen wird? Dann ist wohl Genia ein wenig „gnädige
Frau“, die zu feig zur Liebe ist. Man kann Vergleiche
ziehen und vieles wird in diesem bedenksamen Stücke kla¬
rer, über das sich viele Leute (jeder gewiß ein bißchen)
den Kopf zerbrechen werden. Auch der Titel wird begreif= 
licher. Nicht nur die Seele ist ein weites Land. Auch des
Dichters, Schnitzlers, Jugend ist ein Land, das weitehin¬
##ter Anatol liegt. Und in das zurückgepilgert wird, de¬
mütig und voll Sehnsucht.
11
nom: 220I1911 WIENER GARIGATIIREN)
Neueste Theaternachrichten.
Arthur Schnitzler erklärt in einem an
uns gerichteten Schreiben, daß der Titel
„Das weite hand“, den seine jüngste Komödie
trägt, auf die vielen Ehebrüche zurückzuführen
ist, welche keine Srenzen finden.</Unicode>
            </TextEquiv>
        </TextRegion>
        <TextRegion orientation="0.0" id="r2" custom="readingOrder {index:1;}">
            <Coords points="1897,289 1897,4185 3131,4185 3131,289"/>
            <TextLine id="r2l1" custom="readingOrder {index:0;}">
                <Coords points="2036,315 2047,321 2060,319 2069,328 2096,322 2108,333 2127,323 2148,342 2179,340 2187,274 2148,270 2131,276 2123,270 2095,273 2071,265 2057,272 2042,266"/>
                <Baseline points="2044,309 2070,310 2096,312 2122,315 2148,320 2174,325"/>
                <TextEquiv>
                    <Unicode>Ausse</Unicode>
                </TextEquiv>
            </TextLine>
            <TextLine id="r2l2" custom="readingOrder {index:1;}">
                <Coords points="2084,361 2303,390 2425,343 3138,447 3141,395 3069,360 2610,286 2516,281 2446,322 2247,275 2086,323"/>
                <Baseline points="2091,360 2143,358 2195,357 2247,356 2299,356 2351,357 2403,358 2455,359 2507,362 2559,364 2611,367 2663,371 2715,376 2767,380 2819,385 2871,392 2923,397 2975,404 3027,411 3079,420 3131,427"/>
                <TextEquiv>
                    <Unicode>zofiol!“ Wiesieh Saglcarunen</Unicode>
                </TextEquiv>
            </TextLine>
            <TextLine id="r2l3" custom="readingOrder {index:2;}">
                <Coords points="2220,564 2341,586 2425,570 2456,591 2680,581 2787,598 2828,589 2831,549 2708,515 2657,538 2318,515 2227,462"/>
                <Baseline points="2228,546 2257,548 2287,550 2317,552 2346,554 2376,557 2406,559 2435,562 2465,564 2495,566 2525,569 2554,571 2584,574 2614,576 2643,578 2673,580 2703,582 2732,583 2762,584 2792,585 2822,585"/>
                <TextEquiv>
                    <Unicode>Foyergesprache.</Unicode>
                </TextEquiv>
            </TextLine>
            <TextLine id="r2l4" custom="readingOrder {index:3;}">
                <Coords points="2084,651 2653,651 2972,698 3012,672 3016,617 2917,652 2870,627 2648,635 2593,604 2349,627 2088,574"/>
                <Baseline points="2092,631 2137,634 2183,637 2228,639 2274,642 2320,644 2365,647 2411,650 2456,652 2502,655 2548,657 2593,660 2639,662 2684,666 2730,668 2776,670 2821,673 2867,676 2912,678 2958,681 3004,683"/>
                <TextEquiv>
                    <Unicode>Die Myra ist bei der Première det</Unicode>
                </TextEquiv>
            </TextLine>
            <TextLine id="r2l5" custom="readingOrder {index:4;}">
                <Coords points="2091,707 2721,727 2722,708 2643,674 2317,674 2178,644 2095,657"/>
                <Baseline points="2100,691 2130,692 2161,693 2192,694 2222,695 2253,697 2284,699 2314,700 2345,702 2376,704 2407,706 2437,708 2468,711 2499,713 2529,715 2560,717 2591,720 2621,722 2652,724 2683,725 2714,727"/>
                <TextEquiv>
                    <Unicode>„fleimlichen Liebe“ gefallen.</Unicode>
                </TextEquiv>
            </TextLine>
            <TextLine id="r2l6" custom="readingOrder {index:5;}">
                <Coords points="2089,741 2191,779 2341,761 2944,810 3012,801 3015,752 2090,719"/>
                <Baseline points="2095,748 2140,749 2186,752 2231,754 2277,757 2322,760 2368,763 2413,766 2459,769 2504,772 2550,775 2595,778 2641,781 2686,784 2732,786 2777,790 2823,792 2868,794 2914,797 2959,799 3005,800"/>
                <TextEquiv>
                    <Unicode>Hoffentlich kommt es nicht zu weiteren</Unicode>
                </TextEquiv>
            </TextLine>
            <TextLine id="r2l7" custom="readingOrder {index:6;}">
                <Coords points="2083,823 2104,827 2140,809 2169,828 2211,823 2247,837 2318,826 2361,849 2425,810 2449,810 2450,794 2348,788 2306,773 2207,782 2134,764 2103,788 2084,787"/>
                <Baseline points="2090,809 2115,810 2140,810 2165,811 2190,812 2215,813 2240,813 2266,815 2291,816 2316,817 2341,819 2366,820 2391,821 2416,822 2442,824"/>
                <TextEquiv>
                    <Unicode>„Myrafällen.“</Unicode>
                </TextEquiv>
            </TextLine>
            <TextLine id="r2l8" custom="readingOrder {index:7;}">
                <Coords points="2076,910 2248,948 2414,928 2460,955 2724,951 2704,906 2078,880"/>
                <Baseline points="2083,908 2114,910 2146,914 2178,916 2209,919 2241,922 2273,924 2304,926 2336,928 2368,930 2400,932 2431,934 2463,936 2495,938 2526,940 2558,942 2590,944 2621,946 2653,948 2685,949 2717,952"/>
                <TextEquiv>
                    <Unicode>Wo liegen die Myrafälle?</Unicode>
                </TextEquiv>
            </TextLine>
            <TextLine id="r2l9" custom="readingOrder {index:8;}">
                <Coords points="2069,975 2284,1006 2515,999 2553,1023 2833,1018 2834,997 2733,965 2511,970 2072,924"/>
                <Baseline points="2076,971 2113,974 2151,976 2188,978 2226,980 2263,983 2301,985 2338,987 2376,990 2413,993 2451,995 2488,998 2526,1000 2563,1002 2601,1005 2638,1007 2676,1010 2713,1012 2751,1015 2788,1017 2826,1019"/>
                <TextEquiv>
                    <Unicode>Bei Weißenbach an der Triesting.</Unicode>
                </TextEquiv>
            </TextLine>
            <TextLine id="r2l10" custom="readingOrder {index:9;}">
                <Coords points="2058,1011 2142,1058 2200,1040 2671,1084 2810,1067 2812,1029 2743,1019 2059,998"/>
                <Baseline points="2064,1029 2100,1031 2137,1034 2174,1037 2211,1039 2248,1041 2285,1043 2322,1046 2359,1048 2396,1050 2433,1052 2469,1054 2506,1056 2543,1059 2580,1061 2617,1063 2654,1066 2691,1068 2728,1070 2765,1072 2802,1075"/>
                <TextEquiv>
                    <Unicode>Nicht im Johann Straußtheater?</Unicode>
                </TextEquiv>
            </TextLine>
            <TextLine id="r2l11" custom="readingOrder {index:10;}">
                <Coords points="2054,1169 2144,1195 2909,1218 2911,1171 2057,1119"/>
                <Baseline points="2061,1165 2103,1168 2145,1172 2187,1175 2229,1178 2271,1181 2313,1184 2355,1187 2397,1190 2439,1192 2481,1195 2523,1197 2565,1200 2607,1202 2649,1204 2691,1206 2733,1208 2775,1210 2817,1212 2859,1214 2901,1216"/>
                <TextEquiv>
                    <Unicode>Was sahen Sie im „weiten Land“?</Unicode>
                </TextEquiv>
            </TextLine>
            <TextLine id="r2l12" custom="readingOrder {index:11;}">
                <Coords points="2048,1250 2117,1253 2163,1237 2192,1252 2231,1242 2311,1258 2346,1245 2388,1275 2486,1254 2488,1227 2453,1204 2395,1214 2233,1187 2170,1211 2123,1201 2100,1179 2052,1179"/>
                <Baseline points="2056,1219 2082,1222 2109,1225 2135,1228 2162,1230 2188,1232 2215,1233 2241,1235 2268,1236 2294,1238 2321,1238 2347,1240 2374,1241 2400,1243 2427,1245 2453,1247 2480,1249"/>
                <TextEquiv>
                    <Unicode>Das gelobte Land.</Unicode>
                </TextEquiv>
            </TextLine>
            <TextLine id="r2l13" custom="readingOrder {index:12;}">
                <Coords points="2772,1488 2780,1490 2782,1488 2786,1492 2792,1488 2801,1490 2812,1416 2805,1414 2799,1416 2783,1415"/>
                <Baseline points="2782,1471 2796,1473"/>
                <TextEquiv>
                    <Unicode>*</Unicode>
                </TextEquiv>
            </TextLine>
            <TextLine id="r2l14" custom="readingOrder {index:13;}">
                <Coords points="1898,1552 1916,1547 1940,1556 1976,1546 2007,1567 2015,1560 2027,1568 2034,1560 2049,1570 2086,1564 2083,1479 2066,1478 2042,1496 2007,1490 1987,1504 1955,1486 1896,1497"/>
                <Baseline points="1904,1544 1933,1542 1962,1541 1991,1539 2020,1538 2049,1538 2078,1539"/>
                <TextEquiv>
                    <Unicode>schnitt,</Unicode>
                </TextEquiv>
            </TextLine>
            <TextLine id="r2l15" custom="readingOrder {index:14;}">
                <Coords points="2000,1620 2865,1615 2872,1516 2457,1530 2149,1502 1999,1567"/>
                <Baseline points="2006,1592 2051,1587 2096,1582 2141,1579 2186,1575 2232,1573 2277,1571 2322,1570 2367,1569 2412,1569 2458,1569 2503,1569 2548,1569 2593,1569 2638,1569 2684,1569 2729,1569 2774,1568 2819,1567 2865,1566"/>
                <TextEquiv>
                    <Unicode>IL OKPIO1 WIENER CARICATUREN</Unicode>
                </TextEquiv>
            </TextLine>
            <TextLine id="r2l16" custom="readingOrder {index:15;}">
                <Coords points="1893,1676 1908,1677 1916,1668 1933,1668 1945,1663 1959,1666 1971,1655 1981,1654 1979,1591 1970,1593 1965,1599 1959,1598 1949,1607 1937,1606 1932,1601 1919,1608 1902,1593 1891,1594"/>
                <Baseline points="1900,1665 1937,1661 1974,1663"/>
                <TextEquiv>
                    <Unicode>1:</Unicode>
                </TextEquiv>
            </TextLine>
            <TextLine id="r2l17" custom="readingOrder {index:16;}">
                <Coords points="2234,1738 2582,1742 2611,1763 2702,1765 2801,1751 2803,1695 2736,1653 2597,1698 2515,1645 2237,1635"/>
                <Baseline points="2242,1719 2269,1720 2297,1721 2324,1723 2352,1723 2379,1725 2407,1726 2434,1727 2462,1728 2489,1729 2517,1730 2545,1731 2572,1732 2600,1733 2627,1734 2655,1735 2682,1735 2710,1736 2737,1737 2765,1738 2793,1740"/>
                <TextEquiv>
                    <Unicode>THEALER.</Unicode>
                </TextEquiv>
            </TextLine>
            <TextLine id="r2l18" custom="readingOrder {index:17;}">
                <Coords points="2110,1841 2993,1850 2994,1806 2872,1787 2112,1783"/>
                <Baseline points="2118,1815 2161,1816 2204,1817 2248,1818 2291,1819 2335,1820 2378,1822 2421,1823 2465,1824 2508,1826 2552,1827 2595,1829 2638,1831 2682,1832 2725,1834 2769,1835 2812,1836 2855,1837 2899,1839 2942,1840 2986,1841"/>
                <TextEquiv>
                    <Unicode>„Das weite Land“, das neueste Drama</Unicode>
                </TextEquiv>
            </TextLine>
            <TextLine id="r2l19" custom="readingOrder {index:18;}">
                <Coords points="2009,1898 2593,1905 2624,1881 2898,1926 2986,1915 2988,1864 2011,1836"/>
                <Baseline points="2017,1868 2065,1870 2113,1872 2161,1874 2209,1876 2257,1878 2305,1880 2353,1882 2401,1883 2449,1885 2498,1887 2546,1888 2594,1890 2642,1891 2690,1893 2738,1894 2786,1896 2834,1898 2882,1900 2930,1902 2979,1904"/>
                <TextEquiv>
                    <Unicode>Schnitzler's, verficht die Theorie, daß in</Unicode>
                </TextEquiv>
            </TextLine>
            <TextLine id="r2l20" custom="readingOrder {index:19;}">
                <Coords points="2002,1938 2409,1967 2681,1947 2986,1987 2988,1922 2954,1915 2004,1897"/>
                <Baseline points="2010,1925 2058,1928 2107,1932 2155,1934 2204,1936 2252,1938 2301,1940 2349,1941 2398,1943 2446,1944 2495,1945 2543,1947 2592,1948 2640,1949 2689,1951 2737,1953 2786,1954 2834,1957 2883,1959 2931,1962 2980,1966"/>
                <TextEquiv>
                    <Unicode>Männer- und Frauenherzen zu viel Platz ist,</Unicode>
                </TextEquiv>
            </TextLine>
            <TextLine id="r2l21" custom="readingOrder {index:20;}">
                <Coords points="2007,2003 2984,2036 2985,1990 2901,1971 2009,1945"/>
                <Baseline points="2015,1989 2063,1991 2111,1993 2159,1995 2207,1996 2255,1998 2303,2000 2351,2001 2399,2003 2447,2004 2496,2006 2544,2007 2592,2008 2640,2009 2688,2011 2736,2012 2784,2014 2832,2015 2880,2017 2928,2019 2977,2021"/>
                <TextEquiv>
                    <Unicode>als daß bloß einer dort herrschen dürfte.</Unicode>
                </TextEquiv>
            </TextLine>
            <TextLine id="r2l22" custom="readingOrder {index:21;}">
                <Coords points="2000,2065 2980,2101 2981,2051 2884,2035 2002,2011"/>
                <Baseline points="2008,2046 2056,2049 2104,2051 2152,2054 2201,2056 2249,2057 2297,2060 2345,2062 2394,2064 2442,2066 2490,2067 2538,2069 2587,2071 2635,2072 2683,2074 2731,2075 2780,2077 2828,2079 2876,2080 2924,2082 2973,2083"/>
                <TextEquiv>
                    <Unicode>Man springt gern zur Seite, wenn auch ge¬</Unicode>
                </TextEquiv>
            </TextLine>
            <TextLine id="r2l23" custom="readingOrder {index:22;}">
                <Coords points="1998,2110 2496,2157 2893,2152 2994,2112 2000,2066"/>
                <Baseline points="2006,2108 2055,2110 2104,2111 2153,2113 2202,2114 2251,2116 2300,2118 2349,2120 2398,2122 2447,2124 2496,2126 2545,2127 2594,2129 2643,2131 2692,2133 2741,2134 2790,2135 2839,2136 2888,2137 2937,2138 2986,2139"/>
                <TextEquiv>
                    <Unicode>legentlich allerlei Trauerspiele daraus resul¬</Unicode>
                </TextEquiv>
            </TextLine>
            <TextLine id="r2l24" custom="readingOrder {index:23;}">
                <Coords points="1998,2182 2013,2188 2029,2179 2042,2182 2085,2174 2095,2180 2106,2176 2160,2184 2162,2152 2149,2152 2119,2136 2103,2140 2084,2119 2055,2133 2044,2124 2018,2135 2000,2131"/>
                <Baseline points="2006,2163 2035,2164 2065,2165 2094,2166 2124,2168 2154,2169"/>
                <TextEquiv>
                    <Unicode>tieren.</Unicode>
                </TextEquiv>
            </TextLine>
            <TextLine id="r2l25" custom="readingOrder {index:24;}">
                <Coords points="2085,2220 2165,2250 2560,2239 2887,2270 2979,2259 2981,2203 2830,2229 2743,2193 2086,2197"/>
                <Baseline points="2092,2227 2138,2228 2184,2230 2230,2231 2277,2232 2323,2234 2369,2236 2415,2237 2462,2239 2508,2241 2554,2243 2600,2245 2647,2247 2693,2249 2739,2251 2785,2253 2832,2255 2878,2257 2924,2260 2971,2262"/>
                <TextEquiv>
                    <Unicode>Der Held zürnt im ersten Akt seinen</Unicode>
                </TextEquiv>
            </TextLine>
            <TextLine id="r2l26" custom="readingOrder {index:25;}">
                <Coords points="1990,2289 2949,2340 2974,2257 2514,2283 2381,2251 1991,2250"/>
                <Baseline points="1998,2279 2046,2283 2094,2286 2142,2289 2191,2292 2239,2294 2287,2296 2336,2297 2384,2299 2432,2300 2481,2301 2529,2302 2577,2304 2625,2305 2674,2306 2722,2308 2770,2310 2819,2312 2867,2314 2915,2318 2964,2321"/>
                <TextEquiv>
                    <Unicode>Frau, daß sie jemanden nicht erhört hat, im</Unicode>
                </TextEquiv>
            </TextLine>
            <TextLine id="r2l27" custom="readingOrder {index:26;}">
                <Coords points="1984,2354 2652,2356 3089,2406 3088,2365 2843,2323 1986,2306"/>
                <Baseline points="1992,2341 2046,2344 2101,2346 2155,2348 2210,2351 2264,2353 2319,2354 2373,2356 2428,2357 2482,2358 2537,2360 2591,2362 2646,2364 2700,2366 2755,2369 2809,2372 2864,2375 2918,2379 2973,2384 3027,2389 3082,2395"/>
                <TextEquiv>
                    <Unicode>letzten Akt schäumt er vor Wut, weil 8i </Unicode>
                </TextEquiv>
            </TextLine>
            <TextLine id="r2l28" custom="readingOrder {index:27;}">
                <Coords points="1976,2412 2781,2448 2866,2419 2969,2454 2961,2383 2719,2407 2429,2366 1978,2370"/>
                <Baseline points="1984,2406 2032,2407 2081,2407 2130,2409 2179,2410 2228,2411 2277,2412 2326,2413 2375,2415 2424,2416 2473,2418 2521,2419 2570,2421 2619,2423 2668,2424 2717,2426 2766,2428 2815,2430 2864,2432 2913,2433 2962,2435"/>
                <TextEquiv>
                    <Unicode>jemanden erhört hat. Da sage einer det</Unicode>
                </TextEquiv>
            </TextLine>
            <TextLine id="r2l29" custom="readingOrder {index:28;}">
                <Coords points="3010,2461 3029,2468 3037,2465 3045,2470 3054,2468 3078,2478 3100,2406 3089,2403 3071,2410 3065,2405 3060,2407 3055,2399 3029,2397"/>
                <Baseline points="3027,2426 3054,2432 3081,2442"/>
                <TextEquiv>
                    <Unicode>*</Unicode>
                </TextEquiv>
            </TextLine>
            <TextLine id="r2l30" custom="readingOrder {index:29;}">
                <Coords points="1983,2470 2678,2497 2680,2458 1985,2428"/>
                <Baseline points="1990,2459 2024,2460 2058,2461 2092,2463 2126,2464 2160,2466 2194,2467 2228,2468 2262,2470 2296,2471 2331,2473 2365,2474 2399,2475 2433,2476 2467,2477 2501,2478 2535,2478 2569,2479 2603,2480 2637,2481 2672,2481"/>
                <TextEquiv>
                    <Unicode>armen Frau, was sie tun soll.</Unicode>
                </TextEquiv>
            </TextLine>
            <TextLine id="r2l31" custom="readingOrder {index:30;}">
                <Coords points="3006,2547 3018,2549 3039,2531 3045,2532 3053,2523 3076,2518 3074,2456 3062,2456 3050,2470 3044,2470 3031,2459 3023,2457 3018,2463 3003,2464"/>
                <Baseline points="3013,2519 3041,2517 3069,2517"/>
                <TextEquiv>
                    <Unicode>5</Unicode>
                </TextEquiv>
            </TextLine>
            <TextLine id="r2l32" custom="readingOrder {index:31;}">
                <Coords points="2083,2529 2973,2567 2975,2512 2859,2522 2814,2494 2717,2519 2619,2488 2463,2513 2085,2485"/>
                <Baseline points="2090,2523 2133,2524 2177,2525 2221,2527 2265,2528 2309,2530 2352,2531 2396,2533 2440,2534 2484,2537 2528,2538 2571,2540 2615,2542 2659,2543 2703,2545 2747,2546 2790,2549 2834,2550 2878,2552 2922,2553 2966,2554"/>
                <TextEquiv>
                    <Unicode>In der Tat, ein weites Land, wohin uns</Unicode>
                </TextEquiv>
            </TextLine>
            <TextLine id="r2l33" custom="readingOrder {index:32;}">
                <Coords points="1979,2594 2957,2635 2973,2566 1981,2541"/>
                <Baseline points="1986,2578 2034,2580 2083,2582 2132,2584 2181,2586 2230,2588 2279,2590 2327,2591 2376,2593 2425,2596 2474,2598 2523,2599 2572,2602 2621,2603 2669,2605 2718,2607 2767,2608 2816,2610 2865,2612 2914,2614 2963,2615"/>
                <TextEquiv>
                    <Unicode>Schnitzler führt. Nur dürfte sein Stück nicht</Unicode>
                </TextEquiv>
            </TextLine>
            <TextLine id="r2l34" custom="readingOrder {index:33;}">
                <Coords points="1982,2643 2027,2658 2092,2642 2133,2667 2167,2645 2262,2673 2391,2662 2419,2680 2575,2661 2576,2628 2458,2613 2404,2633 2361,2611 2310,2623 2071,2596 2020,2613 1984,2597"/>
                <Baseline points="1990,2635 2018,2636 2047,2637 2076,2639 2105,2640 2134,2641 2163,2642 2192,2644 2221,2645 2250,2646 2279,2647 2307,2648 2336,2649 2365,2651 2394,2651 2423,2653 2452,2654 2481,2655 2510,2656 2539,2657 2568,2658"/>
                <TextEquiv>
                    <Unicode>weit in die Lande gehen.</Unicode>
                </TextEquiv>
            </TextLine>
            <TextLine id="r2l35" custom="readingOrder {index:34;}">
                <Coords points="1911,2926 2243,2920 2582,2969 2964,2954 2850,2893 2586,2904 2476,2867 2379,2899 2295,2852 1913,2893"/>
                <Baseline points="1919,2912 1970,2911 2022,2911 2074,2912 2126,2914 2178,2916 2230,2919 2281,2923 2333,2926 2385,2930 2437,2935 2489,2939 2541,2943 2593,2947 2644,2950 2696,2952 2748,2955 2800,2956 2852,2957 2904,2957 2956,2956"/>
                <TextEquiv>
                    <Unicode>Ausschlfltl. 104/16 Bombe, Wien</Unicode>
                </TextEquiv>
            </TextLine>
            <TextLine id="r2l36" custom="readingOrder {index:35;}">
                <Coords points="2072,3050 2468,3066 2518,3041 2644,3090 3063,3072 3064,3033 2838,3011 2074,3000"/>
                <Baseline points="2079,3040 2127,3039 2176,3039 2225,3040 2274,3041 2323,3043 2372,3044 2420,3046 2469,3049 2518,3052 2567,3054 2616,3057 2665,3060 2714,3062 2762,3065 2811,3067 2860,3070 2909,3072 2958,3073 3007,3074 3056,3075"/>
                <TextEquiv>
                    <Unicode>„Das weite Land“ von Schnitzlenhandelt</Unicode>
                </TextEquiv>
            </TextLine>
            <TextLine id="r2l37" custom="readingOrder {index:36;}">
                <Coords points="1955,3089 3050,3142 3039,3085 2343,3082 1957,3036"/>
                <Baseline points="1962,3093 2016,3096 2070,3097 2124,3100 2178,3102 2232,3104 2286,3105 2340,3108 2394,3109 2448,3111 2502,3113 2556,3114 2610,3116 2664,3118 2718,3120 2772,3122 2826,3123 2880,3126 2934,3128 2988,3131 3043,3134"/>
                <TextEquiv>
                    <Unicode>lvon männlichem und weiblichem Ehebruch und</Unicode>
                </TextEquiv>
            </TextLine>
            <TextLine id="r2l38" custom="readingOrder {index:37;}">
                <Coords points="1941,3155 3037,3193 3035,3148 1943,3101"/>
                <Baseline points="1948,3153 2002,3154 2056,3155 2110,3156 2164,3157 2218,3159 2272,3160 2326,3162 2380,3164 2434,3165 2488,3167 2542,3169 2596,3171 2650,3173 2704,3175 2758,3177 2812,3179 2866,3181 2920,3184 2974,3186 3029,3188"/>
                <TextEquiv>
                    <Unicode>sgewinnt dem Thema manchen interessanten „Dreh“</Unicode>
                </TextEquiv>
            </TextLine>
            <TextLine id="r2l39" custom="readingOrder {index:38;}">
                <Coords points="1952,3217 2903,3259 3046,3255 3048,3216 2222,3168 2051,3196 1954,3159"/>
                <Baseline points="1960,3207 2016,3210 2073,3212 2130,3214 2187,3216 2243,3218 2300,3220 2357,3223 2414,3225 2471,3226 2527,3229 2584,3231 2641,3233 2698,3235 2755,3238 2811,3241 2868,3243 2925,3246 2982,3248 3039,3252"/>
                <TextEquiv>
                    <Unicode>lab. Da haben wir z. B. einen Gatten, der sich</Unicode>
                </TextEquiv>
            </TextLine>
            <TextLine id="r2l40" custom="readingOrder {index:39;}">
                <Coords points="1954,3283 3039,3330 3025,3267 1956,3227"/>
                <Baseline points="1961,3269 2014,3270 2068,3272 2121,3274 2175,3276 2229,3278 2282,3280 2336,3282 2389,3284 2443,3286 2497,3288 2550,3290 2604,3292 2657,3294 2711,3296 2765,3298 2818,3299 2872,3301 2925,3303 2979,3305 3033,3306"/>
                <TextEquiv>
                    <Unicode>ärgert, daß seine Frau durch allzu strenge Tugend</Unicode>
                </TextEquiv>
            </TextLine>
            <TextLine id="r2l41" custom="readingOrder {index:40;}">
                <Coords points="1938,3328 2675,3354 2676,3322 2636,3309 2469,3294 2407,3316 2228,3288 1939,3299"/>
                <Baseline points="1946,3323 1982,3324 2018,3326 2054,3328 2090,3330 2126,3331 2162,3332 2198,3335 2234,3336 2270,3338 2307,3339 2343,3341 2379,3342 2415,3344 2451,3345 2487,3346 2523,3346 2559,3347 2595,3347 2631,3347 2668,3347"/>
                <TextEquiv>
                    <Unicode>einen Künstler in den Tod trieb.</Unicode>
                </TextEquiv>
            </TextLine>
            <TextLine id="r2l42" custom="readingOrder {index:41;}">
                <Coords points="2044,3414 3021,3448 3038,3391 2046,3364"/>
                <Baseline points="2052,3398 2100,3399 2149,3400 2198,3402 2247,3404 2296,3405 2344,3407 2393,3409 2442,3411 2491,3413 2540,3415 2588,3417 2637,3419 2686,3421 2735,3423 2784,3425 2832,3428 2881,3430 2930,3432 2979,3434 3028,3435"/>
                <TextEquiv>
                    <Unicode>Dann wieder nimmt es dieser Gatte schief,</Unicode>
                </TextEquiv>
            </TextLine>
            <TextLine id="r2l43" custom="readingOrder {index:42;}">
                <Coords points="1946,3457 3016,3508 3033,3443 1947,3414"/>
                <Baseline points="1953,3455 2006,3457 2060,3458 2113,3460 2167,3463 2220,3465 2274,3466 2327,3468 2381,3470 2434,3472 2488,3474 2542,3476 2595,3477 2649,3479 2702,3481 2756,3483 2809,3485 2863,3486 2916,3488 2970,3489 3024,3491"/>
                <TextEquiv>
                    <Unicode>daß ein Kadett bei seiner Frau gewesen ist, und</Unicode>
                </TextEquiv>
            </TextLine>
            <TextLine id="r2l44" custom="readingOrder {index:43;}">
                <Coords points="1942,3525 2406,3533 2502,3564 2587,3538 2588,3507 2488,3490 1944,3481"/>
                <Baseline points="1950,3509 1981,3511 2013,3513 2044,3514 2076,3515 2107,3516 2139,3517 2170,3519 2202,3520 2233,3521 2265,3522 2296,3523 2328,3525 2359,3527 2391,3528 2422,3529 2454,3532 2485,3534 2517,3537 2548,3539 2580,3542"/>
                <TextEquiv>
                    <Unicode>erschießt dann den Jüngling.</Unicode>
                </TextEquiv>
            </TextLine>
            <TextLine id="r2l45" custom="readingOrder {index:44;}">
                <Coords points="2040,3584 2612,3631 3042,3619 3043,3589 2911,3565 2810,3588 2619,3550 2041,3556"/>
                <Baseline points="2048,3585 2097,3586 2146,3588 2195,3589 2245,3591 2294,3593 2343,3595 2393,3597 2442,3599 2491,3601 2541,3603 2590,3605 2639,3607 2688,3608 2738,3610 2787,3612 2836,3613 2886,3615 2935,3616 2984,3617 3034,3618"/>
                <TextEquiv>
                    <Unicode>Zuletzt weist er ein liebeglühendes Mädchen!</Unicode>
                </TextEquiv>
            </TextLine>
            <TextLine id="r2l46" custom="readingOrder {index:45;}">
                <Coords points="1934,3641 2751,3687 2843,3681 2866,3643 1935,3611"/>
                <Baseline points="1941,3639 1986,3640 2032,3642 2078,3644 2124,3645 2170,3647 2216,3649 2261,3651 2307,3653 2353,3655 2399,3657 2445,3659 2491,3661 2537,3662 2582,3664 2628,3665 2674,3666 2720,3668 2766,3668 2812,3669 2858,3670"/>
                <TextEquiv>
                    <Unicode>ab und widmet sich ganz seinem Kinde.</Unicode>
                </TextEquiv>
            </TextLine>
            <TextLine id="r2l47" custom="readingOrder {index:46;}">
                <Coords points="2900,3673 2920,3671 2936,3679 2965,3679 2986,3691 2999,3685 3005,3688 3014,3681 3034,3680 3037,3636 3023,3635 3000,3643 2981,3631 2959,3633 2948,3626 2922,3649 2902,3641"/>
                <Baseline points="2908,3669 2938,3670 2968,3672 2998,3675 3028,3675"/>
                <TextEquiv>
                    <Unicode>Wo</Unicode>
                </TextEquiv>
            </TextLine>
            <TextLine id="r2l48" custom="readingOrder {index:47;}">
                <Coords points="1936,3713 3033,3761 3035,3679 2765,3703 1938,3661"/>
                <Baseline points="1944,3697 1998,3699 2052,3701 2106,3703 2160,3705 2214,3707 2268,3709 2322,3710 2376,3712 2430,3714 2485,3716 2539,3717 2593,3719 2647,3721 2701,3723 2755,3725 2809,3727 2863,3729 2917,3731 2971,3733 3026,3735"/>
                <TextEquiv>
                    <Unicode>liegt wohl das weite Land, wo solches vorkommt?</Unicode>
                </TextEquiv>
            </TextLine>
            <TextLine id="r2l49" custom="readingOrder {index:48;}">
                <Coords points="2038,3785 3010,3821 3028,3772 2040,3730"/>
                <Baseline points="2046,3768 2094,3770 2143,3772 2191,3774 2240,3776 2289,3778 2337,3780 2386,3783 2435,3785 2483,3786 2532,3788 2581,3790 2629,3792 2678,3794 2727,3796 2775,3798 2824,3800 2873,3802 2921,3803 2970,3804 3019,3806"/>
                <TextEquiv>
                    <Unicode>Herr Korff mühte sich in der Rolle des</Unicode>
                </TextEquiv>
            </TextLine>
            <TextLine id="r2l50" custom="readingOrder {index:49;}">
                <Coords points="1889,3848 2929,3866 3017,3910 3047,3836 1892,3776"/>
                <Baseline points="1897,3818 1954,3823 2011,3827 2068,3831 2125,3833 2182,3836 2239,3838 2296,3841 2353,3843 2410,3844 2468,3846 2525,3848 2582,3849 2639,3851 2696,3853 2753,3855 2810,3858 2867,3860 2924,3863 2981,3868 3039,3871"/>
                <TextEquiv>
                    <Unicode>—Helden, ein Kainz zu sein — man darf ihm keine)</Unicode>
                </TextEquiv>
            </TextLine>
            <TextLine id="r2l51" custom="readingOrder {index:50;}">
                <Coords points="1919,3883 2044,3904 2219,3904 2249,3920 2336,3905 2337,3879 2244,3856 2219,3868 2085,3844 2015,3861 1973,3842 1920,3845"/>
                <Baseline points="1926,3878 1951,3881 1976,3883 2001,3885 2027,3885 2052,3887 2077,3888 2102,3889 2128,3889 2153,3890 2178,3891 2203,3891 2229,3892 2254,3893 2279,3894 2304,3895 2330,3897"/>
                <TextEquiv>
                    <Unicode>Vorwürfe machen.</Unicode>
                </TextEquiv>
            </TextLine>
            <TextLine id="r2l52" custom="readingOrder {index:51;}">
                <Coords points="2438,4177 2559,4191 2587,4172 2639,4189 2808,4171 2924,4188 2973,4174 2974,4123 2901,4137 2747,4118 2648,4130 2520,4100 2439,4109"/>
                <Baseline points="2446,4159 2472,4160 2498,4162 2524,4164 2550,4164 2576,4166 2602,4167 2628,4167 2654,4168 2680,4168 2706,4169 2732,4169 2758,4169 2784,4170 2810,4170 2836,4169 2862,4169 2888,4169 2914,4168 2940,4168 2966,4168"/>
                <TextEquiv>
                    <Unicode>AT</Unicode>
                </TextEquiv>
            </TextLine>
            <TextEquiv>
                <Unicode>Ausse
zofiol!“ Wiesieh Saglcarunen
Foyergesprache.
Die Myra ist bei der Première det
„fleimlichen Liebe“ gefallen.
Hoffentlich kommt es nicht zu weiteren
„Myrafällen.“
Wo liegen die Myrafälle?
Bei Weißenbach an der Triesting.
Nicht im Johann Straußtheater?
Was sahen Sie im „weiten Land“?
Das gelobte Land.
*
schnitt,
IL OKPIO1 WIENER CARICATUREN
1:
THEALER.
„Das weite Land“, das neueste Drama
Schnitzler's, verficht die Theorie, daß in
Männer- und Frauenherzen zu viel Platz ist,
als daß bloß einer dort herrschen dürfte.
Man springt gern zur Seite, wenn auch ge¬
legentlich allerlei Trauerspiele daraus resul¬
tieren.
Der Held zürnt im ersten Akt seinen
Frau, daß sie jemanden nicht erhört hat, im
letzten Akt schäumt er vor Wut, weil 8i 
jemanden erhört hat. Da sage einer det
*
armen Frau, was sie tun soll.
5
In der Tat, ein weites Land, wohin uns
Schnitzler führt. Nur dürfte sein Stück nicht
weit in die Lande gehen.
Ausschlfltl. 104/16 Bombe, Wien
„Das weite Land“ von Schnitzlenhandelt
lvon männlichem und weiblichem Ehebruch und
sgewinnt dem Thema manchen interessanten „Dreh“
lab. Da haben wir z. B. einen Gatten, der sich
ärgert, daß seine Frau durch allzu strenge Tugend
einen Künstler in den Tod trieb.
Dann wieder nimmt es dieser Gatte schief,
daß ein Kadett bei seiner Frau gewesen ist, und
erschießt dann den Jüngling.
Zuletzt weist er ein liebeglühendes Mädchen!
ab und widmet sich ganz seinem Kinde.
Wo
liegt wohl das weite Land, wo solches vorkommt?
Herr Korff mühte sich in der Rolle des
—Helden, ein Kainz zu sein — man darf ihm keine)
Vorwürfe machen.
AT</Unicode>
            </TextEquiv>
        </TextRegion>
    </Page>
</PcGts>
