3344 4320
271 141 447 226 24
1489 166 1582 235 X
471 166 1219 260 bas GeiteLand
2638 1223 2707 1289 Sn
1364 1267 3160 1344 gestellten Ensemble, einer Reihe bekannter keit. Das ist kein „Weites Land“ das ist Ober¬
1355 1302 3165 1386 Größen (Arnold Korff, Irene Triescg, Adele flächlichkeit, literarische Schnitzel in gewöhn¬
1366 1340 2521 1424 Sandrock, Georg Alexander, Ferdinand Bonn) licher Tunke,
2982 1373 3137 1432 F.D.
1355 1381 2253 1445 kann selbstzufrieden sagen: Wir haben's ge¬
1351 1418 2275 1479 schafft! Gewiß: Das Schauspielerische verdient
1352 1461 2256 1526 eine gute Note. Aber ist es nicht etwas beschei¬
1344 1504 2266 1568 den, sich damit zu begnügen? Oskar Kanehl!
1350 1531 2257 1600 Sollte das nicht ein neues Programm sein? Er¬
1354 1574 2263 1629 wartete man nicht einen Einschlag revolutio¬
1361 1616 2254 1674 nären Zuges? Enttäuschung. Man fand einen
1350 1651 2257 1716 ästhetischen Genuß, auch den durchaus nicht voll
1354 1697 2268 1768 — aber das Große? Wo blieb das? Allerdings,
1345 1723 2249 1794 das aus der Rumpelkammer geholte Gesell¬
1359 1768 2261 1852 schaftsdrama von Schnitzler gestattet keine Offen¬
1355 1803 1583 1869 barungen.
1380 1853 2262 1928 Der reiche Fabrikant Friedrich Hofreiter führt
1347 1905 2254 1979 das Leben eines Millionärs, unterhält eine gast¬
1349 1939 2257 2017 liche Villa in Baden, amüsiert sich dort mit seinen
1343 1984 2259 2062 Gästen beim Tennisspiel, Flirten und Ehe¬
1343 2013 2251 2095 brechen. Er vernachlässigt seine Frau, ist aber
1335 2055 2256 2133 doch eifersüchtig, bis aufs Blut quält er die Frau,
1339 2102 2252 2171 die er zum Gespött macht, mit Vorwürfen und
1337 2128 1855 2194 philosophischen Redereien.
1861 2146 2255 2212 Ein Freund Hof¬
1339 2180 2253 2232 reiters geht wegen unerwiderter Liebe zu dessen
1344 2213 2251 2289 Frau aus dem Leben. Der Lebemann beschimpft
1343 2257 2243 2307 seine Frau — weil sie den Anbeter nicht er¬
1330 2303 2252 2369 hört, sie habe leichtsinnigerweise ein tunges
1336 2326 1685 2385 Leben gemordet.
1675 2340 2244 2402 So treibt er sie zum Ehe¬
1340 2368 2238 2423 bruch mit einem jungen Marine=Fähnrich. Der
530 2345 1218 2441 Dr. Mas Goldschmidt
1345 2410 2234 2466 Ehemann, der gerade von einem seiner Ausflüge
523 2421 1236 2511 Bureau für Zeitungsausschnitte
1352 2452 2226 2515 in das Land der Ehebrüche zurückkommt, sieht
856 2465 1307 2541 Telefon: Norden 3051.
1332 2489 2232 2561 den Geliebten seiner Frau nachts aus ihrem
437 2492 724 2563 BERLIN N. 4
1336 2525 2236 2591 Schlaszimmer steigen. Er beleidigt ihn und er¬
1336 2562 2241 2628 schießt ihn im Duell — wie der Mensch zynisch
332 2586 671 2651 Ausschnitt aus:
1334 2608 2238 2676 erklärt, war er eifersüchtig auch auf des Er¬
1325 2640 2229 2715 schossenen Jugend. Hofreiters letzte Geliebte,
507 2636 1212 2743 Die Welt am Abend, Berlin.
1331 2679 2243 2738 Erna Wahl, will im Ueberschwang ihrer jugend¬
1325 2719 2233 2785 lichen Gefühle mit ihm flüchten. Er stößt sie
1328 2759 2230 2826 zurück, ist stolz. sich frei zu wissen von mora¬
869 2757 1205 2860 8.Dez 1924
1330 2801 2233 2871 lischen oder sonstigen Bindungen — philosonhiert
1323 2839 2234 2915 über seine unverstandene Seele. Das ist das
627 2827 1124 2916 „Das weite Land“
1334 2881 2243 2952 „weite Land“ des Dichters, diese unverstandene
465 2886 1311 2970 „Das weite Land.“ ein Gesellschaftsdrama
1332 2918 2248 2989 Seele. Aber in diesem Drama ist die Seele des
417 2947 1315 2999 (Tragikomödie von Arthur Schnitzler) im
1328 2954 2240 3035 Helden anders nichts als ungehemmte, klein¬
415 2974 1322 3042 Lossingtheater. Regie O#unft¬
1315 2995 2219 3063 egoistische Eitelkeit, er fühlt sich als der hel¬
429 3020 2244 3096 näßig gesprochen: schauspielerisch, in Einzel=hische Unwiderstehliche. Er erobert und genießt“
423 3060 2220 3152 zistung. Gesamtsolel und Renie, eine Muster=die Frau, um sich in seinem Eitelkeitsgefühl zu
412 3097 2235 3183 darbietung. Die neue Regie mit kum zusammen= sonnen. Er ist eisersüchtig aus verletzter Eitel¬
