3296 4320
906 152 1037 215 La
197 140 1769 236 24. Das weite und box 29/1
2583 890 3261 932 Genia, die Verlassene, fängt ein Ver
1577 890 2575 940 lerschen Dramas; doch liegt der Kern nicht offen
3018 922 3250 970 — aus Liebe
2571 922 3026 975 einem jungen Fähnrich -
1610 940 2577 973 zutage, sondern er ist eingehüllt in die Augenblicks¬
2579 958 3264 1016 Vielleicht aus Liebe — zu Friedrich!
2183 964 2564 1009 — aller Sprechenden.
1620 967 2185 1008 stimmung des Sprechenden —
2627 994 3262 1042 Friedrich ist heimlich zurückgekon
1610 991 2575 1039 Man hört in diesem Stücke die Menschen sprechen —
2572 1030 3262 1072 unter Ernas Fenster gestanden hat d
1618 1031 2563 1076 den augenblicklichen Einfällen und ihrer Stimmung
2574 1049 3263 1105 Garten seine Frau mit dem Fähnric
1612 1067 2041 1117 entspringen Worte —,
2032 1065 2576 1121 aus den gesprochenen Wor¬
2574 1097 3266 1145 sich auf die Wiese gelegt und pracht
1604 1092 2567 1152 #ten gehen Handlungen hervor, denn das einmal
2636 1131 3264 1179 Es ist ihm wie eine innere Befy
1608 1134 2578 1180 ausgesprochene Wort ist eine Tatsache geworden, die
2578 1145 3263 1207 nicht mehr als Schuldiger herum, er
1605 1170 2572 1218 die Menschen zum Weiterhandeln zwingt, die Seele
2578 1202 3272 1257 ist, als hätte seine Frau Sühne getat
1608 1202 2578 1245 aber, die den Impuls für das Wort gab, hat nichts
2581 1227 2840 1284 des anderen.
1611 1231 2578 1296 mehr mit ihm zu schaffen, sobald es auf der Zunge
2632 1252 3262 1319 Als er aber am nächsten Tag den
1598 1270 1862 1324 geboren ist.
2575 1293 3272 1339 Auge sieht, beleidigt er ihn tödli
1656 1281 2575 1347 Wir versuchen wohl, Ordnung in uns zu schaf¬
2578 1337 3273 1389 „Wenn es Haß wäre — Wut — Eifer
1608 1326 2570 1379 fen — wir stellen Begriffe auf — geben Namen:
2616 1367 3262 1408 „Na ja, von all dem verspür' ich
1608 1377 1933 1422 Liebe — Haß —
1967 1369 2576 1435 ifersucht —, aber diese Ordnung
2571 1394 3265 1451 dannt wenig. Aber man will do
1602 1403 2174 1470 ist doch nur etwas Künstliches.
2566 1436 3260 1488 Hopf sein." Er erschießt den Gec
1662 1441 2574 1490 Der Fabrikant Friedrich Hofreiter hat eine
2630 1473 3260 1526 Die Liebe seiner Frau stirht an d
1607 1463 2569 1523 Frau, und es ist ihm Lebensgewohnheit, sie mit an¬
3176 1504 3258 1557 die
2577 1494 3163 1549 Und war es nicht doch „Liebe“,
1612 1499 2577 1555 deren Frauen und Mädchen zu betrügen, ganz of¬
2572 1537 2845 1592 Morde trieb?
2891 1535 3263 1604 „Hineinschauen in
1605 1541 2584 1594 fenkundig; es ist nicht seine Schuld, daß sie ihn nie
1609 1579 3055 1634 direkt gefragt hat, er würde ihr nichts abgeleugnet doch nicht. Kann keiner.“
2628 1591 3274 1659 Genia flieht zur Mutter des Ersch
2357 1615 2573 1664 Jedenfalls
1611 1618 2357 1656 haben. — Liebt er seine Frau nicht? —
2579 1636 3250 1688 möchte Friedrich folgen, wohin es i
1611 1647 2573 1695 hat er ein merkwurdig gutes Gedächtnis für Ge¬
2582 1673 3248 1739 „Wird nicht angenommen. Alles
1609 1686 2531 1731 spräche — vielleicht ganz belanglose Gespräche —
2580 1712 3174 1759 Aus, Erna, auch zwischen uns!
1606 1714 2578 1764 seiner Frau mit anderen Mannern. Ein guter
2462 1751 2575 1799 nie¬
2623 1745 3262 1791 Es ist schrecklich, aus einem Dran
1606 1757 2444 1808 Freund von ihm hat Selbstmord begangen —
2459 1782 2570 1828 nur
2578 1777 3256 1836 gesamten Weltliteratur einzig ist, zu
1612 1795 2469 1829 mand ahnt, niemand kann ahnen, warum —
2572 1816 3264 1859 des Verständnisses ein Stück Inhalt h
1609 1823 2564 1867 Friedrich Hofreiter wittert — man kann wirklich
2574 1853 3259 1901 denn jede der hier nicht genannten
1602 1858 2567 1906 nur das Wort „wittern“ hier anwenden — irgend
2570 1883 3276 1928 deren Personen hat eine Seele — un
1596 1890 2573 1936 einen Zusammenhang dieses Selbstmordes mit sei¬
1602 1922 2900 1977 ner Frau. Sie gibt ihm den Abschiedsbrief des und so weiter —
2638 1939 3261 1997 Es wird schwer sein, das Stück, das
1604 1954 2576 2004 Freundes, den unglückliche Liebe zu ihr zum Selbst¬
2569 1975 3244 2032 fern liegt von allem, was wir als
1599 1991 2576 2028 morde trieb, zu lesen. Er ist sprachlos vor Stau¬
2579 2019 3266 2080 überhaupt zu spielen, denn selbst Ibse
1604 2024 2571 2072 nen, denn er hat wirklich nicht das Geringste ge¬
2566 2055 3272 2105 hiergegen als „Theater“, und die S
1599 2055 2569 2108 wußt; ihr auch nicht das Geringste angemerkt, als
2583 2093 3273 2151 schauers ist —— ein weites Land. —
1604 2086 2578 2139 er ihr die Nachricht vom Tode des Freundes gebracht
3121 2122 3270 2184 Fran
1607 2123 2576 2167 hat, trotzdem sie den Abschiedsbrief vorher erhalten
1597 2161 1765 2207 hatte. —
2068 2169 2571 2214 Oh nein — ein dummes,
1790 2161 2021 2215 Eifersucht?
1599 2200 2532 2240 albernes Wort — keine Spur — im Gegenteil —
1599 2230 2574 2280 Grauen flößt ihm die Frau ein, deren starre Tugend
1606 2269 2537 2300 einen Menschen in den Tod getrieben. Tugend —
1619 2295 2576 2340 ein Nichts, ein Schemen, etwas, das es in Wirklich¬
1610 2334 2575 2375 keit gar nicht gibt, wenigstens einem so furchtbaren,
1617 2374 2577 2426 irreparabelen Ding gegenüber wie der Tod. Und
312 2389 620 2470 Aussehn¬
1613 2401 2575 2440 warum? Sie hat den Freund doch sehr gern ge¬
1604 2427 2576 2487 habt: Er war leider nicht ihr Geliebter sagt sie!
493 2406 1594 2524 4•(Jiliannoversenen Anseiger, Hannover
1618 2473 2575 2516 Warum also, wo sie doch weiß, daß es nur Gleiches
1617 2497 2558 2550 mit Gleichem vergelten hieß, wenn sie Friedrich be¬
333 2507 518 2594 vom:
1603 2534 2577 2587 kroc? Nicht um seinetwillen blieb sie standhaft,
1604 2575 2571 2638 nichht einmal um des Kindes willen — sie konnte
1606 2616 2078 2660 es sben einfach nicht —.
860 2542 1382 2670 Theater und Musik.
1659 2636 2581 2699 FFriedrich flieht vor seiner Frau — 14 Tage hat
928 2654 1323 2716 „Das weite Land“.
1674 2685 2576 2733 mit sich herumgeschleppt, fast ohne es selbst zu
776 2690 1497 2771 Tragikomödie von Arthur Scniniler.
1610 2722 2567 2761 wisssen — da plötzlich über Hals und Kopf reist er
764 2735 1595 2795 Wir entnehmen die nachstehenden Aus¬
1602 2750 2452 2808 dasvon — ins Gebirge mit seinem Freunde ¬
717 2774 1603 2837 führungen dem Programmheft der „Schauburg“
1617 2789 2572 2837 frägt nach dem Grunde — und er sagt es ihr offen
1617 2820 1873 2874 und deutlich ¬
713 2809 1602 2873 in dem Glauben, dem Publikum hinsichtlich der
1903 2822 2583 2886 so deutlich, daß es beinahe schon
714 2852 1601 2914 Uraufführung (am 14. d. M.) von „Das weite
1614 2860 2227 2913 wilder nicht wahr geworden ist —
720 2886 1608 2939 Land“ damit nützen zu können. Dieses Werk ist
1644 2879 2580 2954 Im Gebirge, wo, an einem Seile angeseilt,
726 2922 1605 2978 keins von denen, die mit einem fluchtigen An¬
1612 2929 2569 2984 Fräedrich, sein Freund Mauer und dessen stille
711 2952 1443 3012 schauen genossen und ausgkostet sind.
1609 2961 2569 3011 Liebe, Fräulein Erna Wahl, dem Tode ins Gesicht
1609 2994 2571 3045 geschaut und die Wonnen gefahrvollster Hochgebirgs¬
707 2986 1598 3059 „Sollte es Ihnen noch nicht aufgefallen sein, was
1608 3033 2578 3072 besteigung genossen haben, erklärt Friedrich Erna ##
648 3040 1601 3085 für komplizierte Subjekte wir Menschen im Grunde
1617 3061 2582 3116 sein Liebe und den Wunsch, sich von seiner Frau
643 3067 1606 3125 sind? So vieles hat zugleich saum in uns! Wir
1612 3099 2572 3143 scheiden lassen zu wollen — und nach der ersten und
649 3101 1604 3160 versuchen wohl Ordnung in um zu schaffen, so gut
1621 3136 2567 3188 einzigen Liebessucht, jagt er davon, ruhelos, und
649 3132 1602 3191 es geht, aber diese Ordnung ist doch nur etwas
1604 3165 2641 3225 schreibt kurze Ansichtskarten und Grüße aus Ka=|k
656 3168 1557 3230 Künstliches —. Die Seele — ist in weites Land —
698 3218 2637 3269 Diese Sätze bergen den Kern ds neuesten Schnitz= prile, Pordoi und Gott weiß noch woher. — Frau„
