3392 4320
276 80 1212 195 24. Das veite Land
1405 104 1680 205 box 29
921 1139 1051 1203 — 20
386 1258 1607 1337 inzwischen werde sie ja doch endlich gekommen sein. Aber
394 1320 1607 1402 was sehe ich? Neben Hauptmann liegen noch andere am
386 1354 1611 1438 Wege, die Herrn Minor nicht folgen konnten oder nicht folgen
373 1413 1607 1504 wollten: -Holz und Schlaf und Sudermann haben es auch, als sie
370 1464 1607 1538 Wasser in ihren veristischen Wein zu schütten begannen, zu keinem
376 1515 1603 1604 dauernden Erfolg mehr gebracht. Halbe, Hirschfeld und Langmann
367 1550 1591 1646 haben Während Schnitzler die Klaue des Löwen sehen läßte.
366 1603 1600 1694 Es ist freilich gefehlt, einem alten Bergführer, anstatt ihm die Klaue
371 1675 1594 1751 des Löwen zu zeigen, Wasser in den Wein zu schütten und dadurch
371 1707 1598 1793 einen alten Phrasenkletterer zu reizen. Aber daß Johannes Schlaf
361 1764 1584 1846 so etwas getan haben soll, ist die Beschuldigung eines Führers,
361 1809 1588 1900 der nicht mehr mitkann und darum aus Bosheit den Geführten beim
355 1858 1581 1944 Fuß herunterzieht. Das Alibi eines Bergführers, der zum Toten¬
362 1910 1589 2001 gräber wurde. Daß er dabei so leichtfertig verfährt, einen Gerhart
362 1952 1591 2047 Hauptmann in dasselbe Massengrab zu werfen, in das die Herren
355 2010 1590 2078 Sudermann, Halbe und Hirschfeld förmlich hineingeboren wurden
351 2061 1592 2148 und in dem sie schon gelegen sind, ehe sie Herr Minor mitnehmen
359 2107 1585 2195 wollte — ist ein Kapitel für sich, um sich bei der Hoteldirektion
341 2163 1583 2216 zu beschweren. Damit könnte die Beschwerde über das elende
343 2196 1575 2293 Deutsch dieses kreuzbraven Alplers in einem gehen. Denn: Schnitzler
344 2260 1568 2349 rzuckt nicht mit einer Wimper dabei, wodurch er uns seine
332 2307 1570 2378 Zustimmung oder seine Abneigung verraten könnte.Mütter, die
344 2342 1561 2434 auf die verheiratete Geliebte ihres Sohnes zugleich sehr gut und
341 2404 1561 2485 sehr böse sinde.Er gründet sich als Hoteldirektor in den Dolomiten
341 2446 1554 2531 eine neue Existenz und hat sich, obwohl die Kinder in der Um¬
325 2507 1555 2588 gebung nicht selten seine Züge tragen, nach Jahrzehnten noch
337 2557 1556 2635 so wenig über ihren Verlust getröstet, daß.. (Uber wessen Verlust?
324 2603 1553 2690 Der Jahrzehnte, der Züge, der Umgebung, der Kinder, der Existenz
320 2649 1551 2737 oder der Dolomiten? Nein, der Gattin.) -Es wird aber so
319 2704 1559 2764 sein, wie im „Baumeister Solneß“, nämlich daß Erna in dem von
319 2753 1553 2839 Jugend an Geliebten den starken und rücksichtslosen Willen, in
324 2808 1548 2894 dem sie sich mit ihm begegnet, in der Gefahr der Verkümmerung
320 2852 1547 2937 sieht und ihn nicht bloß lieben, sondern auch retten will; jeden¬
312 2893 1546 2986 falls ist sie in dieser Gesellschaft . . .. in einem Höhenrausche
319 2943 1549 3039 in der nächsten Nacht im Hotel ... nicht mehr hat in den Tod
311 3008 1545 3087 gehen lassen, sondern ihn erhört und in seinen nächtlichen Um¬
312 3048 1536 3126 armungen .. Ein Schauspieler aber gefällt Herrn Minor so gut,
320 3103 1543 3170 „daß es den Anschein hat, als ob von dieser Seite ein vollgiltiger
316 3144 1427 3228 Ersatz für Kainz im Burgtheater selber im Ausreifen wäre.-
2409 1168 2548 1237 21 —
1961 1291 3081 1376 Und so etwas verleiht Dichterpreise, sitzt in allen
1857 1342 3074 1435 Ausschüssen der Unsterblichkeit und ist, sooft die Literatur
1845 1407 3079 1478 das Bedürfnis hat, sich aufs hohe Roß zu setzen, zur
1851 1457 3074 1531 Stelle. Herr Jakob Minor soll eine lesbare Schiller-Biographie
1844 1495 3071 1591 geschrieben haben. Ich glaube es nicht, aber es ist möglich.
1847 1552 3070 1623 Daß er keine lesbare Schnitzler-Kritik geschrieben hat, ist sicher.
1852 1603 3085 1677 Immerhin glaube ich, daß es mir geglückt ist, den Wert
1849 1647 3073 1718 der Historik an jenen Vertretern gezeigt zu haben, die von der
1843 1705 3075 1766 Gegenwart so exemplarisch blamiert wurden. Mein von künftigen
1850 1751 3080 1817 Historikern unbestrittenes Verdienst ist es, zwischen Leben und
1848 1803 3077 1871 Phrase aufgeräumt und jene Typen definiert zu haben, die bloß
1840 1855 3059 1907 die Kruste der Phrase sind. Wenn es mir gelungen ist, nachzu¬
1834 1903 3060 1977 weisen, daß diese bärtigen Gräuel, die uns mit Salbung und
1842 1945 3065 2009 Bildung das Leben besprenzen, nur ein schwacher Abklatsch von
1828 2003 3060 2062 Lustspielfiguren aus den Siebzigerjahren sind, so bin ichs zufrieden
1836 2062 3059 2128 und ich dürste nicht nach dem Ruhm, schon jetzt dafür in den
1839 2093 3058 2170 Brockhaus zu kommen. Aber ich suche den Burschen, der diesen
1831 2163 3065 2224 und den Meyer mit zeitgenössischer Literatur versorgt. Ich will
1833 2191 3068 2275 mich einmal, wenn mich die Flöhe des Tags auslassen, den Wanzen
1838 2251 3060 2323 der Unsterblichkeit widmen und zeigen, mit welcher Gründlichkeit
1827 2279 3060 2362 das Publikum belogen wird und mit welcher Frechheit dieselbe
1824 2349 3062 2415 Clique, die die Literaturwerte des Tages kotiert, an der Börse des
1827 2394 3054 2457 Nachruhms ihre Geschäfte macht. Die Leute, die den Blick über die
1828 2450 3044 2521 großen Zusammenhänge und das Talent für die guten Verbin¬
1823 2497 3051 2567 dungen haben, vom Katheder zu stoßen und den Historiker als
1833 2546 3057 2619 rückwärts gekehrten Schapsl zu entlarven, ist nachgerade eine
1828 2592 3059 2669 unabweisliche Pflicht geworden. Der Journalismus hat die Welt
1829 2647 3053 2707 mit Talent verpestet, die Historizismus ohne dieses. Hier- muß
1829 2694 3040 2769 tief in den Boden geschnitten werden, den das Handwerk hat.
1826 2733 3054 2824 Es gibt auch eine Zeitexotik, die der Unbegabung ganz ebenso zu
1812 2792 3039 2859 Hilfe kommt wie die Behandlung ausländischer Milieus. Ent¬
1817 2848 3039 2914 fernung ist in jedem Fall kein Hindernis, sondern das Mimikry
1821 2895 3046 2962 mangelnder Persönlichkeit. Der Historiker lebt davon, daß er
1816 2938 3041 3016 zurückschreibt, und kaum einer von jenen, die in historischen
1817 2994 3038 3065 Kreisen als Künstler gerühmt werden, könnte in journalistischen
1806 3043 3048 3109 als Reporter Karriere machen. Eher kann schon einer, der nicht
1818 3088 3041 3144 nachkommen kann, und weil er kein Hopf sein will den Andern
1809 3130 2793 3220 herabzieht, ein vertrauenerweckender Bergführer sein,
