3392 4352
651 151 745 218 W
234 136 1225 274 24. Das Seite Land
1353 164 1816 260 box 29/2
186 1342 283 1430 725
208 1330 367 1506 2
343 1311 1019 1508 Wehenr und mnt.
3014 1429 3209 1514 K
1215 1421 3292 1573 Beide Gäste waren wiederholt der Gegenstand be= Regie hatte allerhand neue Arrangements getroffen,
250 1473 319 1563 □
501 1489 951 1575 Stadttheater.
1217 1491 2269 1577 geisterten Jubels, und nach dem vierten Akt dauerte
2249 1516 3296 1607 von denen mich namentlich die bessere Beleuchtung
1212 1521 2256 1618 es geraume Zeit, bis der Vorhang zur Ruhe kam.
251 1529 1238 1637 A. Nürnberg, 4. Dez. Den zweiten großen
2244 1560 3288 1648 des dritten Akts erfreute. Zugleich aber hatte man
1226 1571 2255 1657 Ein dritter Gost wor Herr Willy Bader, und dieser
180 1567 1228 1665 Abend in diesem Jahr — der erste war das Ver¬
2249 1586 3297 1700 wieder der Vorliebe für das Kavalleristische Raum
1211 1607 2243 1693 war eigentlich der wichtigste, weil er auf Engagement
184 1628 1228 1710 dienst des „Mikado“ — verdankte das Stadttheater
2249 1654 3293 1743 geben zu sollen geglaubt: die Königin erschien im
1220 1655 2251 1752 für den ersten Bassistenposten auftrat. Sein Marcel
191 1670 1219 1752 Meyerbeers „Hugenotten“. Ein bis auf den
2234 1696 3293 1778 dritten Akt zu Pferd. Es mag ja sein, daß Fräulein
1227 1705 2240 1793 erwies sich dem Volumen und der Tragfähigkeit nach
185 1709 1229 1799 letzten Platz ausverkauftes Haus hörte die seit der
2241 1741 3290 1832 Hempel das von Berlin, wo man königliche Personen!
1223 1747 2255 1835 als ausreichend. Aber sein Ton entwickelle eigent¬
179 1748 870 1827 Aera von Wagners Popularität
859 1771 1214 1846 oft unterschätzte
2238 1774 3291 1879 bekanntlich gern hoch zu Roß sieht, so gewohnt
1211 1786 2251 1878 lich keinen besonderen Reiz für das Ohr. Er besitzt
182 1798 1219 1890 Oper an, nachdem sie allerdings bisher im neuen
2239 1823 3279 1891 ist, und in diesem Fall hätte man natürlich recht ge¬
1219 1815 2251 1932 keinen recht edlen und glatten Metallklang und zeigte
180 1841 1212 1931 Haus nur sehr selten ans Licht gezogen worden ist.
2240 1872 3277 1964 tan, ihr auch hier diese Gepflogenheit nicht zu be¬
1207 1877 2244 1968 vielfach etwas Sprödes, Hartes und Unruhiges, wo¬
185 1887 1222 1976 Aber die Oper selbst hatte das Publikum offenbar
2228 1918 3287 2006 schneiden. Aber das Roß war ziemlich unruhig
1211 1923 2232 2009 bei natürlich dahingestellt bleiben muß, ob dieses
181 1932 1220 2010 weniger angezogen als die erlesene Kunst Frida
2233 1957 3285 2063 und störte im Singen, und die Sängerin schien gegen
1219 1973 2236 2054 etwa der erklärlichen Aufregung des Probe=Gast¬
180 1981 1227 2051 Hempels, der unübertrefflichen Koloratursängerin
2237 1985 2942 2086 ihren Willen früher abzuspringen.
1208 2009 2252 2098 spiels zuzuschreiben war. Von den mitwirkenden
180 2025 1217 2108 der Berliner Hofoper, die schon im Frühjahr als
1195 2045 2247 2135 heimischen Kräften war nur Frl. Gerstorfer als
172 2059 1212 2151 Rossinis Rosine alle Hörer hingerissen hatte. Die
2480 2065 3024 2156 Intimes Theater.
1202 2091 2235 2193 Valentine von früher her bekannt. Ihre temperaz
169 2093 1212 2192 Sängerin zeigte sich auch gestern als unnachahmliche
2287 2120 3295 2215 + Nürnberg, 4. Dez. Das Intime Theater hat
1211 2148 2228 2232 mentvolle und gesanglich fein ausgeorbeitete Durch¬
162 2146 1214 2247 Meisterin der Koloraturtechnik Ihre blendende
2232 2171 3291 2269 om Samstag obend mit der ersten Aufführung des #
1208 2189 2229 2273 führung der Rolle verdiente auch gestern volle An¬
163 2193 1211 2289 Kunst ist den roffinierten Schwierigkeiten der Meyer¬
2223 2220 3270 2295 Schwanks in 3 Akten von Margaret Maye:
1195 2236 2239 2323 erkennung, wenn auch die Stimme in der Höhe nicht
172 2240 1210 2341 beerschen Schreibweise nicht weniger gewachsen als
2221 2270 3292 2348 „Mein Baby“ einen außerordentlichen Lach¬
1202 2275 2234 2353 immer so weich klang, wie es bei der Sängerin die
160 2290 1208 2373 der flüssigeren italienischen Art. Triller, Staccati,
2217 2307 3300 2401 erfolg gehabt. Das Publikum hat sich die 3 Akte
1195 2315 2231 2409 Regel ist. Von den neu eingetretenen Kräften ist
158 2328 1219 2427 Läufe und Fiorituren — eins gelang in spielender
2219 2354 3301 2441 hindurch auf das allerbeste unterhalten, und es hat i
1206 2368 2231 2461 diesmal Stella Eisner der Preis zuzuerkennen, die
161 2358 1217 2463 Leichtigkeit staunenswerter als das andere, und bei
2226 2396 3285 2486 derort gelacht, wie es in dem Theater kaum jemals
1198 2409 2227 2497 den Pagen mit guter Technik und recht fließend sang.
167 2401 1211 2511 allen diesen musikalischen Spitzfindigkeiten ließ das
2221 2441 3277 2529 ärger geschehen ist. Der Schwank ist eigentlich eine
1196 2435 2217 2541 Besonders kom eine chromotische Skala ganz virtnos
153 2472 1197 2555 Organ an Tonfülle und Tragfähigkeit keinen Wunsch
2220 2483 3256 2588 mit Text versehene Zirkuspantomime; er ist ganz
1170 2496 2241 2566 zu Gehör, und die Cavatine erhielt Beifall bei offe¬
166 2516 1198 2598 unerfüllt, blieb es weich bis zur äußersten Höhen¬
2213 2526 3292 2617 grob zusommengemacht, aber doch in einer so drastisch
1197 2537 3251 2673 ner Szene. Die Damen Held und Hothum schlossen lustigen Weise, daß man selbst dann lachen muß,
156 2554 2219 2672 lage. Als Raoul stellte sich Herr Robert Hutt, Mit= sich im Domen=Terzett und =Quartett den Genann¬
159 2593 2215 2717 glied der Oper in Frankfurt a. M., vor, ebenfalls ein ten mit Erfolg an. Herr Rudow als Nevers war zu
2204 2616 3290 2713 wenn der schon seit längerer Zeit vorausgeahnte z
166 2647 2230 2769 wohlgeschulter, hoffnungsreicher Sänger, dessen Anfang etwas matt in der Tongebung. Ebenso wäre
2206 2672 3131 2750 Haupttrick wirklich in die Erscheinung tritt.
3125 2693 3292 2762 Es i
154 2674 2210 2807 Stimme lyrische Weichheit des Tons mit dramatt= von Herrn Stern als St. Bris bedeutend mehr
2208 2707 3252 2803 handelt sich in dem Schwank um ein Ehepaar,
158 2728 2214 2851 scher Stoßkroft aufs glücklichste zu verbinden weiß. Energie und Wucht in Ton und Darstellung er¬
2200 2757 3271 2851 welches sich fortwährend streitet, nomentlich deshalb, si
149 2770 2213 2893 Anfänglich schien Herrn Hutt die Höhe etwas Mühe wünscht gewesen, und Herrn Schubert lag die nach
2214 2797 3281 2891 weil die Frau fuxchtbar schwindelt und dann well
153 2835 1197 2906 zu machen, und eine hörbare Neigung zum Zutief¬
2210 2838 3254 2936 die Ehe kinderlos geblieben ist. Der Mann möchte
1180 2850 2220 2932 der Höhe sehr anspruchsvolle Partie des hugenotti¬
148 2862 2215 2972 Singen und etwas harte Uebergänge ließen keinen schen Chorführers wenig günstig. Von den kleineren
2207 2880 3266 2980 um alles in der Welt Kinder, während die Frau die z
154 2905 1200 2981 ganz ungetrübten Genuß zu. Später verlor sich
2197 2926 3260 3015 häßlichen Babys verabscheut Da nun der Mannn
149 2951 1189 3036 diese kleine Indisposition, und der Sänger zeigte
1175 2937 3233 3073 Rollen erregten einige der allerkleinsten unfretwillige nach einer schlimmen Eifersuchtsszene angeblich auf
1176 2978 2216 3056 Heiterkeit. Orchester, Chöre und Ballett, von denen
158 2996 1187 3069 namentlich im großen Duett seine Begabung und be¬
2199 3013 3256 3102 Nimmerwiedersehen verschwindet, so will die Frau, h
1174 3005 3218 3147 erstere oater Lettung des Herrn Del Cupolo stan= die ihn im Grunde des Herzens doch gern hat, ihn
150 3040 3269 3206 sonders den Besitz einer krastvollen, weit nach oben den, befriedigten im allgemeinen; im Finale des zurückrufen badurch, daß sie sagt, sie sei die Mutter d
151 3082 3258 3195 ausgreifenden Kopfstimme in glänzendstem Licht, zweiten Aktes wur das Orchester etwas zu laut. Die eines Kindes geworden. Zu diesem Zweck läßt siel
