<?xml version="1.0" encoding="UTF-8" standalone="yes"?>
<PcGts xmlns="http://schema.primaresearch.org/PAGE/gts/pagecontent/2013-07-15" xmlns:xsi="http://www.w3.org/2001/XMLSchema-instance" xsi:schemaLocation="http://schema.primaresearch.org/PAGE/gts/pagecontent/2013-07-15 http://schema.primaresearch.org/PAGE/gts/pagecontent/2013-07-15/pagecontent.xsd">
    <Metadata>
        <Creator>prov=University of Rostock/Institute of Mathematics/CITlab/Gundram Leifert/gundram.leifert@uni-rostock.de:name=ONB_Newseye_GT_M1+(htr_id=10810)::::v=2.4.2
prov=University of Rostock/Institute of Mathematics/CITlab/Tobias Gruening/tobias.gruening@uni-rostock.de:name=de.uros.citlab.module.baseline2polygon.B2PSeamMultiOriented:v=2.4.2
prov=University of Rostock/Institute of Mathematics/CITlab/Tobias Gruening/tobias.gruening@uni-rostock.de:name=/mnt/transkribus/LA/DEA/URO/LA_news_onb_att.pb:de.uros.citlab.segmentation.CITlab_LA_ML:v=2.4.2
Transkribus</Creator>
        <Created>2019-10-07T11:16:00.569+02:00</Created>
        <LastChange>2019-10-08T07:33:52.788+02:00</LastChange>
        <TranskribusMetadata docId="223964" pageId="9498605" pageNr="808" tsid="16506154" status="IN_PROGRESS" userId="40391" imgUrl="https://files.transkribus.eu/Get?id=KLDNPEJTKZFCEOGBKEWEYMBY&amp;fileType=view" xmlUrl="https://files.transkribus.eu/Get?id=UDDGBFJYSTQMKTMHNUXLMMZL" imageId="6188827"/>
    </Metadata>
    <Page imageFilename="223964_0808.jpeg" imageWidth="3436" imageHeight="4224">
        <ReadingOrder>
            <OrderedGroup id="ro_1711442096822" caption="Regions reading order">
                <RegionRefIndexed index="0" regionRef="r1"/>
            </OrderedGroup>
        </ReadingOrder>
        <TextRegion orientation="0.0" id="r1" custom="readingOrder {index:0;}">
            <Coords points="292,22 292,4017 2532,4017 2532,22"/>
            <TextLine id="r1l1" custom="readingOrder {index:0;}">
                <Coords points="1018,71 1169,74 1179,68 1219,75 1239,65 1239,0 1209,-2 1185,17 1176,9 1162,18 1130,10 1106,24 1097,14 1064,17 1043,0 1018,-2"/>
                <Baseline points="1027,63 1052,64 1077,65 1102,66 1128,66 1153,66 1178,66 1203,66 1229,65"/>
                <TextEquiv>
                    <Unicode>Land</Unicode>
                </TextEquiv>
            </TextLine>
            <TextLine id="r1l2" custom="readingOrder {index:1;}">
                <Coords points="283,48 713,110 1216,113 1247,108 1249,66 1003,64 838,-1 695,28 540,-1 477,41 404,-3 284,13"/>
                <Baseline points="292,42 339,47 386,53 433,58 481,62 528,66 575,69 623,72 670,75 717,77 765,79 812,80 859,81 906,82 954,83 1001,83 1048,84 1096,84 1143,84 1190,84 1238,84"/>
                <TextEquiv>
                    <Unicode>24. Das weite</Unicode>
                </TextEquiv>
            </TextLine>
            <TextLine id="r1l3" custom="readingOrder {index:2;}">
                <Coords points="1391,90 1410,84 1448,106 1535,91 1556,105 1591,79 1744,100 1860,76 1861,39 1758,16 1617,30 1583,15 1506,33 1458,9 1393,26"/>
                <Baseline points="1402,71 1428,72 1454,74 1481,75 1507,76 1534,78 1560,79 1586,80 1613,81 1639,82 1666,83 1692,83 1718,83 1745,83 1771,83 1798,82 1824,81 1851,80"/>
                <TextEquiv>
                    <Unicode>box 29/6</Unicode>
                </TextEquiv>
            </TextLine>
            <TextLine id="r1l4" custom="readingOrder {index:3;}">
                <Coords points="993,784 1012,786 1022,777 1062,788 1077,800 1095,802 1095,721 1086,721 1080,727 1059,715 1039,729 1024,713 993,717"/>
                <Baseline points="1003,769 1030,768 1057,769 1085,769"/>
                <TextEquiv>
                    <Unicode>34</Unicode>
                </TextEquiv>
            </TextLine>
            <TextLine id="r1l5" custom="readingOrder {index:4;}">
                <Coords points="1558,780 1688,817 1754,793 1795,814 1828,801 1861,816 1938,802 1983,817 1985,752 1953,753 1919,731 1810,757 1708,719 1677,718 1657,735 1559,732"/>
                <Baseline points="1568,779 1593,779 1618,780 1644,780 1669,781 1694,782 1720,782 1745,783 1771,784 1796,785 1821,785 1847,786 1872,787 1897,788 1923,788 1948,789 1974,790"/>
                <TextEquiv>
                    <Unicode>Dr. Carl Furtmüller,</Unicode>
                </TextEquiv>
            </TextLine>
            <TextLine id="r1l6" custom="readingOrder {index:5;}">
                <Coords points="1003,872 2524,920 2536,859 1003,830"/>
                <Baseline points="1013,868 1088,870 1164,871 1239,873 1315,874 1391,876 1466,877 1542,878 1617,880 1693,881 1769,882 1844,883 1920,885 1995,886 2071,888 2147,890 2222,892 2298,894 2373,896 2449,899 2525,902"/>
                <TextEquiv>
                    <Unicode>spielerin geblieben. Auch dass er eine geheime Neigung zu ihr aus ethischen</Unicode>
                </TextEquiv>
            </TextLine>
            <TextLine id="r1l7" custom="readingOrder {index:6;}">
                <Coords points="992,941 2535,943 2441,903 993,891"/>
                <Baseline points="1002,915 1078,917 1154,919 1230,921 1306,923 1382,924 1458,926 1535,928 1611,929 1687,930 1763,931 1839,933 1915,934 1991,935 2068,937 2144,938 2220,940 2296,942 2372,944 2448,947 2525,950"/>
                <TextEquiv>
                    <Unicode>Gründen bisher unterdrückt hätte, können wir nicht annehmen, denn</Unicode>
                </TextEquiv>
            </TextLine>
            <TextLine id="r1l8" custom="readingOrder {index:7;}">
                <Coords points="999,961 2540,1008 2508,953 1000,938"/>
                <Baseline points="1009,965 1085,967 1161,968 1237,970 1313,972 1389,974 1465,975 1541,977 1617,978 1693,980 1769,982 1845,983 1921,984 1997,985 2073,986 2149,987 2225,989 2301,989 2377,990 2453,991 2530,991"/>
                <TextEquiv>
                    <Unicode>sobald er sich ihre Eroberung als Ziel gesteckt hat, geht er ihm ohne jeden</Unicode>
                </TextEquiv>
            </TextLine>
            <TextLine id="r1l9" custom="readingOrder {index:8;}">
                <Coords points="994,1015 2520,1047 2459,998 995,977"/>
                <Baseline points="1005,1012 1080,1014 1155,1017 1230,1019 1306,1021 1381,1023 1456,1025 1532,1027 1607,1029 1682,1031 1758,1032 1833,1033 1908,1035 1983,1036 2059,1037 2134,1038 2209,1039 2285,1040 2360,1041 2435,1041 2511,1042"/>
                <TextEquiv>
                    <Unicode>Schatten innerer Bedenken nach. In welcher Situation befindet sich Hof¬</Unicode>
                </TextEquiv>
            </TextLine>
            <TextLine id="r1l10" custom="readingOrder {index:9;}">
                <Coords points="989,1094 2542,1088 2318,1039 990,1032"/>
                <Baseline points="1000,1061 1076,1063 1153,1065 1229,1067 1306,1069 1383,1070 1459,1072 1536,1074 1612,1076 1689,1077 1766,1079 1842,1081 1919,1082 1995,1084 2072,1085 2149,1086 2225,1087 2302,1088 2378,1089 2455,1090 2532,1090"/>
                <TextEquiv>
                    <Unicode>reiter, als er sich daran macht, Erna zu gewinnen? Er ist ein Mann von</Unicode>
                </TextEquiv>
            </TextLine>
            <TextLine id="r1l11" custom="readingOrder {index:10;}">
                <Coords points="998,1127 2539,1135 2528,1093 998,1087"/>
                <Baseline points="1007,1110 1083,1111 1159,1113 1235,1114 1311,1116 1387,1117 1463,1119 1539,1121 1615,1123 1691,1124 1767,1126 1843,1128 1919,1129 1995,1131 2071,1132 2147,1134 2223,1135 2299,1136 2375,1137 2451,1138 2528,1139"/>
                <TextEquiv>
                    <Unicode>etwa 45 Jahren. Das gesteht er freilich sich selbst und anderen nicht</Unicode>
                </TextEquiv>
            </TextLine>
            <TextLine id="r1l12" custom="readingOrder {index:11;}">
                <Coords points="991,1183 2493,1203 2529,1146 992,1123"/>
                <Baseline points="1000,1160 1075,1161 1151,1162 1227,1163 1303,1164 1379,1165 1455,1167 1531,1168 1607,1169 1683,1170 1759,1171 1834,1173 1910,1174 1986,1175 2062,1177 2138,1179 2214,1180 2290,1183 2366,1185 2442,1187 2518,1189"/>
                <TextEquiv>
                    <Unicode>gerne ein und sogar der Dichter scheint seine Empfindlichkeit zu schonen,</Unicode>
                </TextEquiv>
            </TextLine>
            <TextLine id="r1l13" custom="readingOrder {index:12;}">
                <Coords points="992,1193 2321,1248 2488,1243 2518,1199 993,1180"/>
                <Baseline points="1002,1209 1077,1210 1152,1211 1227,1212 1303,1214 1378,1215 1453,1216 1529,1217 1604,1218 1679,1219 1755,1220 1830,1221 1905,1222 1980,1223 2056,1224 2131,1226 2206,1227 2282,1229 2357,1230 2432,1231 2508,1233"/>
                <TextEquiv>
                    <Unicode>indem er bei ihm nicht, wie bei den anderen Personen des Stückes, das</Unicode>
                </TextEquiv>
            </TextLine>
            <TextLine id="r1l14" custom="readingOrder {index:13;}">
                <Coords points="986,1274 2434,1302 2527,1287 2528,1246 987,1196"/>
                <Baseline points="996,1256 1072,1257 1148,1257 1224,1258 1300,1259 1376,1260 1452,1261 1528,1263 1604,1264 1680,1266 1757,1267 1833,1268 1909,1270 1985,1272 2061,1273 2137,1275 2213,1276 2289,1278 2365,1279 2441,1280 2518,1281"/>
                <TextEquiv>
                    <Unicode>Alter angibt. Aber er ist gleichaltrig mit Ernas Mutter, was für ihn freilich</Unicode>
                </TextEquiv>
            </TextLine>
            <TextLine id="r1l15" custom="readingOrder {index:14;}">
                <Coords points="986,1313 2483,1351 2526,1302 987,1273"/>
                <Baseline points="996,1301 1072,1303 1148,1304 1224,1306 1300,1307 1376,1309 1452,1311 1528,1312 1604,1314 1680,1315 1756,1317 1832,1318 1908,1319 1984,1321 2060,1322 2136,1324 2212,1326 2288,1327 2364,1329 2440,1330 2516,1332"/>
                <TextEquiv>
                    <Unicode>der Anlass wird, sie ostentativ nicht anders als „Mama Wahl“ zu nennen</Unicode>
                </TextEquiv>
            </TextLine>
            <TextLine id="r1l16" custom="readingOrder {index:15;}">
                <Coords points="998,1355 2529,1392 2466,1339 999,1319"/>
                <Baseline points="1008,1350 1083,1352 1159,1354 1234,1356 1310,1357 1386,1359 1461,1360 1537,1361 1612,1363 1688,1364 1764,1365 1839,1367 1915,1368 1990,1369 2066,1370 2142,1371 2217,1373 2293,1374 2368,1376 2444,1377 2520,1379"/>
                <TextEquiv>
                    <Unicode>und so recht weit von ihr abzurücken. Im übrigen sorgt er dafür, dass</Unicode>
                </TextEquiv>
            </TextLine>
            <TextLine id="r1l17" custom="readingOrder {index:16;}">
                <Coords points="989,1399 2531,1436 2532,1391 2461,1384 990,1357"/>
                <Baseline points="998,1398 1074,1400 1150,1402 1226,1403 1302,1405 1378,1407 1454,1409 1531,1410 1607,1411 1683,1413 1759,1414 1835,1415 1911,1417 1987,1418 2064,1420 2140,1421 2216,1423 2292,1424 2368,1426 2444,1428 2521,1430"/>
                <TextEquiv>
                    <Unicode>die Leute seiner nächsten Umgebung viel jünger sind als er, um sich</Unicode>
                </TextEquiv>
            </TextLine>
            <TextLine id="r1l18" custom="readingOrder {index:17;}">
                <Coords points="991,1459 2514,1492 2531,1436 992,1400"/>
                <Baseline points="1001,1449 1080,1450 1160,1451 1240,1452 1320,1454 1400,1455 1480,1457 1560,1459 1640,1460 1720,1462 1800,1464 1880,1465 1960,1467 2040,1469 2120,1470 2200,1472 2280,1474 2360,1475 2440,1476 2520,1478"/>
                <TextEquiv>
                    <Unicode>dann unter ihnen als Altersgenosse zu bewegen. Sein bester Freund ist</Unicode>
                </TextEquiv>
            </TextLine>
            <TextLine id="r1l19" custom="readingOrder {index:18;}">
                <Coords points="990,1506 2532,1543 2533,1489 2384,1478 991,1466"/>
                <Baseline points="999,1496 1075,1498 1151,1500 1227,1502 1304,1503 1380,1505 1456,1506 1532,1508 1609,1509 1685,1511 1761,1512 1837,1513 1914,1515 1990,1516 2066,1517 2142,1518 2219,1520 2295,1521 2371,1523 2447,1525 2524,1527"/>
                <TextEquiv>
                    <Unicode>ein um 10 Jahre jüngerer Mann. Aber die Zeichen schwindender Jugend</Unicode>
                </TextEquiv>
            </TextLine>
            <TextLine id="r1l20" custom="readingOrder {index:19;}">
                <Coords points="976,1551 2519,1586 2474,1531 977,1511"/>
                <Baseline points="987,1545 1063,1547 1139,1548 1215,1550 1291,1551 1367,1553 1443,1554 1520,1556 1596,1557 1672,1558 1748,1560 1824,1561 1900,1563 1976,1564 2053,1565 2129,1567 2205,1568 2281,1569 2357,1571 2433,1572 2510,1574"/>
                <TextEquiv>
                    <Unicode>lassen sich nicht abweisen. Gerade jetzt ist sein Verhältnis mit Adele</Unicode>
                </TextEquiv>
            </TextLine>
            <TextLine id="r1l21" custom="readingOrder {index:20;}">
                <Coords points="983,1597 2475,1641 2522,1590 983,1559"/>
                <Baseline points="992,1593 1068,1594 1144,1595 1220,1597 1296,1598 1372,1600 1448,1601 1524,1603 1600,1605 1676,1606 1752,1608 1828,1609 1904,1611 1980,1613 2056,1614 2132,1616 2208,1617 2284,1618 2360,1619 2436,1621 2512,1622"/>
                <TextEquiv>
                    <Unicode>Natter zu Ende — und wohl nicht auf seine Initiative hin, sonst würden</Unicode>
                </TextEquiv>
            </TextLine>
            <TextLine id="r1l22" custom="readingOrder {index:21;}">
                <Coords points="985,1647 2528,1671 2503,1628 986,1607"/>
                <Baseline points="995,1642 1071,1643 1147,1645 1223,1647 1299,1648 1375,1650 1451,1651 1528,1653 1604,1654 1680,1655 1756,1657 1832,1658 1908,1659 1984,1660 2061,1662 2137,1663 2213,1664 2289,1666 2365,1667 2441,1668 2518,1670"/>
                <TextEquiv>
                    <Unicode>wir nicht verstehen, warum es ihn gar so ärgert, dass Mauer seiner Frau</Unicode>
                </TextEquiv>
            </TextLine>
            <TextLine id="r1l23" custom="readingOrder {index:22;}">
                <Coords points="979,1685 2525,1730 2467,1680 980,1649"/>
                <Baseline points="989,1692 1065,1694 1141,1696 1218,1698 1294,1699 1370,1700 1447,1702 1523,1703 1599,1704 1676,1705 1752,1706 1828,1707 1905,1708 1981,1709 2057,1711 2134,1712 2210,1714 2286,1715 2363,1718 2439,1720 2516,1723"/>
                <TextEquiv>
                    <Unicode>davon gesprochen hat; und in seinem Gesprüch mit Adele sehen wir</Unicode>
                </TextEquiv>
            </TextLine>
            <TextLine id="r1l24" custom="readingOrder {index:23;}">
                <Coords points="976,1743 2399,1783 2524,1774 2525,1730 977,1699"/>
                <Baseline points="986,1739 1062,1741 1138,1742 1215,1744 1291,1746 1368,1747 1444,1749 1520,1750 1597,1751 1673,1752 1750,1753 1826,1755 1902,1756 1979,1757 2055,1759 2132,1761 2208,1763 2284,1765 2361,1767 2437,1770 2514,1773"/>
                <TextEquiv>
                    <Unicode>ihn bemüht, wenigstens äusserlich die alten Formen aufrecht zu erhalten,</Unicode>
                </TextEquiv>
            </TextLine>
            <TextLine id="r1l25" custom="readingOrder {index:24;}">
                <Coords points="979,1782 2488,1837 2524,1774 979,1759"/>
                <Baseline points="988,1784 1064,1787 1140,1789 1216,1791 1293,1793 1369,1795 1445,1797 1522,1798 1598,1799 1674,1801 1751,1802 1827,1803 1903,1804 1979,1806 2056,1807 2132,1808 2208,1810 2285,1812 2361,1814 2437,1816 2514,1819"/>
                <TextEquiv>
                    <Unicode>während sie energisch fürs Schlussmachen ist. Und sie ist hartherzig</Unicode>
                </TextEquiv>
            </TextLine>
            <TextLine id="r1l26" custom="readingOrder {index:25;}">
                <Coords points="974,1852 2489,1889 2514,1828 975,1806"/>
                <Baseline points="984,1837 1060,1838 1136,1839 1212,1840 1288,1841 1364,1843 1440,1845 1516,1847 1592,1848 1668,1850 1744,1852 1820,1855 1896,1856 1972,1858 2048,1860 2124,1862 2200,1864 2276,1865 2352,1867 2428,1868 2504,1869"/>
                <TextEquiv>
                    <Unicode>genug, ihn an das nahende Alter zu erinnern („Die Zeit der Jugend¬</Unicode>
                </TextEquiv>
            </TextLine>
            <TextLine id="r1l27" custom="readingOrder {index:26;}">
                <Coords points="975,1892 2525,1921 2520,1880 2125,1855 976,1860"/>
                <Baseline points="984,1886 1060,1888 1137,1889 1213,1891 1290,1893 1367,1894 1443,1896 1520,1898 1596,1899 1673,1901 1750,1902 1826,1904 1903,1906 1979,1907 2056,1909 2133,1911 2209,1912 2286,1913 2362,1915 2439,1917 2516,1918"/>
                <TextEquiv>
                    <Unicode>torheiten ist vorbei. Für uns beide, denk ich. Meine Kinder wachsen</Unicode>
                </TextEquiv>
            </TextLine>
            <TextLine id="r1l28" custom="readingOrder {index:27;}">
                <Coords points="974,1938 1123,1967 1197,1941 1271,1970 1554,1946 1692,1978 1736,1969 1738,1910 975,1904"/>
                <Baseline points="984,1931 1021,1932 1058,1933 1095,1935 1132,1936 1170,1937 1207,1938 1244,1938 1281,1939 1318,1940 1356,1940 1393,1941 1430,1942 1467,1942 1504,1943 1542,1944 1579,1945 1616,1946 1653,1947 1690,1949 1728,1951"/>
                <TextEquiv>
                    <Unicode>heran, Und Ihr Bub auch.“ S. 59).</Unicode>
                </TextEquiv>
            </TextLine>
            <TextLine id="r1l29" custom="readingOrder {index:28;}">
                <Coords points="1096,2010 2452,2047 2507,1995 1097,1966"/>
                <Baseline points="1106,1999 1175,2001 1245,2003 1314,2005 1384,2007 1453,2009 1523,2010 1592,2012 1662,2014 1731,2015 1801,2017 1870,2018 1940,2019 2009,2021 2079,2022 2148,2023 2218,2024 2287,2025 2357,2026 2426,2027 2496,2028"/>
                <TextEquiv>
                    <Unicode>Diese ersten Vorboten des Alterns müssen den Fonds von Unsicher¬</Unicode>
                </TextEquiv>
            </TextLine>
            <TextLine id="r1l30" custom="readingOrder {index:29;}">
                <Coords points="969,2057 2415,2095 2519,2089 2520,2051 970,2007"/>
                <Baseline points="978,2047 1054,2049 1131,2051 1207,2053 1284,2055 1361,2057 1437,2058 1514,2060 1590,2061 1667,2063 1744,2064 1820,2065 1897,2066 1973,2068 2050,2069 2127,2070 2203,2071 2280,2073 2356,2074 2433,2075 2510,2077"/>
                <TextEquiv>
                    <Unicode>heit, den wir an ihm schon kennen, ganz ausserordentlich verstärken</Unicode>
                </TextEquiv>
            </TextLine>
            <TextLine id="r1l31" custom="readingOrder {index:30;}">
                <Coords points="975,2101 2514,2139 2515,2085 976,2057"/>
                <Baseline points="986,2094 1061,2097 1137,2099 1213,2101 1289,2103 1365,2106 1441,2107 1517,2109 1593,2111 1669,2113 1745,2114 1820,2116 1896,2117 1972,2118 2048,2119 2124,2121 2200,2122 2276,2123 2352,2124 2428,2125 2504,2126"/>
                <TextEquiv>
                    <Unicode>und er wird nach nichts eifriger suchen als nach der Gelegenheit zu</Unicode>
                </TextEquiv>
            </TextLine>
            <TextLine id="r1l32" custom="readingOrder {index:31;}">
                <Coords points="971,2140 2502,2186 2440,2131 972,2102"/>
                <Baseline points="981,2145 1056,2146 1132,2148 1207,2149 1283,2151 1358,2153 1434,2154 1509,2156 1585,2158 1660,2160 1736,2162 1812,2163 1887,2165 1963,2167 2038,2168 2114,2170 2189,2171 2265,2172 2340,2173 2416,2174 2492,2174"/>
                <TextEquiv>
                    <Unicode>einer Probe, die ihm zeigen soll, dass er noch der alte ist, dass seine</Unicode>
                </TextEquiv>
            </TextLine>
            <TextLine id="r1l33" custom="readingOrder {index:32;}">
                <Coords points="964,2198 2481,2251 2506,2194 965,2155"/>
                <Baseline points="974,2195 1050,2196 1126,2197 1202,2199 1278,2200 1354,2202 1430,2204 1506,2205 1582,2207 1658,2209 1735,2211 1811,2213 1887,2214 1963,2216 2039,2217 2115,2219 2191,2220 2267,2222 2343,2223 2419,2224 2496,2225"/>
                <TextEquiv>
                    <Unicode>Persönlichkeit nichts von ihrer Kraft und Wirkung eingebüsst hat.</Unicode>
                </TextEquiv>
            </TextLine>
            <TextLine id="r1l34" custom="readingOrder {index:33;}">
                <Coords points="979,2248 2514,2270 980,2209"/>
                <Baseline points="988,2243 1063,2245 1139,2247 1215,2249 1291,2251 1367,2252 1442,2254 1518,2255 1594,2256 1670,2258 1746,2259 1821,2261 1897,2262 1973,2264 2049,2266 2125,2267 2200,2269 2276,2271 2352,2272 2428,2275 2504,2277"/>
                <TextEquiv>
                    <Unicode>(„Mit vierzig Jahren sollt man jung werden, da hätte man erst was davon.</Unicode>
                </TextEquiv>
            </TextLine>
            <TextLine id="r1l35" custom="readingOrder {index:34;}">
                <Coords points="969,2311 2367,2341 2502,2330 2503,2288 970,2261"/>
                <Baseline points="979,2293 1054,2295 1130,2296 1206,2298 1281,2299 1357,2300 1433,2302 1508,2303 1584,2305 1660,2306 1736,2307 1811,2309 1887,2310 1963,2312 2038,2313 2114,2314 2190,2316 2265,2317 2341,2319 2417,2321 2493,2323"/>
                <TextEquiv>
                    <Unicode>Soll ich Dir was sagen, Adele? Mir ist eigentlich doch, als wäre alles</Unicode>
                </TextEquiv>
            </TextLine>
            <TextLine id="r1l36" custom="readingOrder {index:35;}">
                <Coords points="974,2347 2389,2392 2513,2339 974,2306"/>
                <Baseline points="983,2342 1062,2343 1142,2344 1222,2345 1302,2347 1382,2348 1462,2351 1542,2352 1622,2354 1702,2355 1782,2357 1862,2359 1942,2361 2022,2362 2102,2364 2182,2365 2262,2367 2342,2368 2422,2369 2502,2370"/>
                <TextEquiv>
                    <Unicode>Bisherige nur Vorstudium gewesen. Und das Leben und die Liebe fing erst</Unicode>
                </TextEquiv>
            </TextLine>
            <TextLine id="r1l37" custom="readingOrder {index:36;}">
                <Coords points="963,2405 2513,2445 2459,2375 965,2342"/>
                <Baseline points="974,2391 1050,2393 1127,2395 1203,2396 1280,2398 1356,2399 1433,2401 1509,2402 1586,2403 1662,2404 1739,2405 1815,2407 1892,2408 1968,2409 2045,2410 2121,2412 2198,2413 2274,2414 2351,2416 2427,2418 2504,2419"/>
                <TextEquiv>
                    <Unicode>jetzt an.“ S. 61.) Und welche Probe könnte schlagender sein, als ein</Unicode>
                </TextEquiv>
            </TextLine>
            <TextLine id="r1l38" custom="readingOrder {index:37;}">
                <Coords points="971,2439 2025,2482 2462,2482 2503,2441 972,2407"/>
                <Baseline points="980,2439 1055,2441 1131,2442 1206,2444 1282,2445 1358,2446 1433,2448 1509,2449 1584,2451 1660,2452 1736,2453 1811,2455 1887,2456 1962,2457 2038,2459 2114,2460 2189,2462 2265,2463 2340,2465 2416,2466 2492,2468"/>
                <TextEquiv>
                    <Unicode>Mädchen zu erobern, das seine Tochter sein könnte, das er noch auf den</Unicode>
                </TextEquiv>
            </TextLine>
            <TextLine id="r1l39" custom="readingOrder {index:38;}">
                <Coords points="972,2483 2505,2535 2506,2485 2445,2476 973,2441"/>
                <Baseline points="981,2489 1056,2490 1132,2490 1208,2492 1284,2493 1359,2494 1435,2496 1511,2497 1587,2499 1662,2501 1738,2502 1814,2504 1890,2506 1965,2507 2041,2509 2117,2511 2193,2512 2268,2513 2344,2515 2420,2516 2496,2517"/>
                <TextEquiv>
                    <Unicode>Knien geschaukelt hat. Und noch dazu jetzt, wo es gilt, einem um zehn</Unicode>
                </TextEquiv>
            </TextLine>
            <TextLine id="r1l40" custom="readingOrder {index:39;}">
                <Coords points="962,2538 2498,2583 2499,2531 962,2498"/>
                <Baseline points="972,2535 1047,2537 1123,2539 1199,2540 1275,2542 1351,2544 1426,2545 1502,2546 1578,2548 1654,2549 1730,2550 1805,2552 1881,2553 1957,2555 2033,2556 2109,2558 2184,2559 2260,2561 2336,2562 2412,2564 2488,2566"/>
                <TextEquiv>
                    <Unicode>Jahre jüngeren Rivalen das Feld abzugewinnen. Alles bei diesem Ausflug</Unicode>
                </TextEquiv>
            </TextLine>
            <TextLine id="r1l41" custom="readingOrder {index:40;}">
                <Coords points="967,2586 2500,2615 2456,2574 967,2556"/>
                <Baseline points="977,2584 1052,2586 1128,2588 1203,2589 1279,2591 1355,2593 1430,2594 1506,2595 1582,2597 1657,2598 1733,2599 1809,2601 1884,2602 1960,2603 2036,2604 2111,2605 2187,2607 2263,2608 2338,2609 2414,2611 2490,2612"/>
                <TextEquiv>
                    <Unicode>zum Völser Weiher läuft darauf hinaus, sich zu beweisen, dass er noch</Unicode>
                </TextEquiv>
            </TextLine>
            <TextLine id="r1l42" custom="readingOrder {index:41;}">
                <Coords points="957,2646 2133,2679 2460,2675 2497,2635 958,2604"/>
                <Baseline points="968,2632 1047,2635 1127,2637 1207,2639 1287,2641 1367,2643 1447,2644 1527,2646 1607,2647 1687,2648 1767,2649 1847,2650 1927,2651 2007,2653 2087,2654 2167,2655 2247,2657 2327,2659 2407,2661 2487,2663"/>
                <TextEquiv>
                    <Unicode>zu jeder Jugendtat fähig, ja dass er noch vor keiner Jugendtorheit sicher</Unicode>
                </TextEquiv>
            </TextLine>
            <TextLine id="r1l43" custom="readingOrder {index:42;}">
                <Coords points="953,2687 2445,2730 2502,2676 954,2645"/>
                <Baseline points="963,2682 1039,2684 1115,2686 1192,2688 1268,2689 1345,2690 1421,2692 1497,2693 1574,2694 1650,2696 1727,2697 1803,2698 1879,2699 1956,2701 2032,2702 2109,2704 2185,2705 2261,2707 2338,2709 2414,2711 2491,2713"/>
                <TextEquiv>
                    <Unicode>ist. Deshalb überwindet er auch die jahrelange Scheu und steigt wieder</Unicode>
                </TextEquiv>
            </TextLine>
            <TextLine id="r1l44" custom="readingOrder {index:43;}">
                <Coords points="955,2737 2491,2783 2493,2712 956,2686"/>
                <Baseline points="964,2730 1039,2731 1115,2732 1191,2734 1267,2735 1343,2737 1419,2739 1495,2741 1571,2742 1647,2744 1723,2746 1798,2748 1874,2750 1950,2751 2026,2753 2102,2754 2178,2756 2254,2757 2330,2758 2406,2758 2482,2759"/>
                <TextEquiv>
                    <Unicode>auf den Aignerturm, was übrigens wohl nicht nur vom Dichter Rhon sym¬</Unicode>
                </TextEquiv>
            </TextLine>
            <TextLine id="r1l45" custom="readingOrder {index:44;}">
                <Coords points="965,2791 2489,2811 2468,2766 966,2739"/>
                <Baseline points="975,2780 1050,2781 1125,2782 1200,2783 1275,2784 1351,2785 1426,2787 1501,2788 1576,2790 1651,2791 1727,2793 1802,2794 1877,2796 1952,2798 2027,2799 2103,2800 2178,2802 2253,2803 2328,2805 2403,2806 2479,2807"/>
                <TextEquiv>
                    <Unicode>bolisch mit Fraueneroberung in Zusammenhang gebracht wird. Mit be¬</Unicode>
                </TextEquiv>
            </TextLine>
            <TextLine id="r1l46" custom="readingOrder {index:45;}">
                <Coords points="965,2830 2491,2876 2498,2830 965,2793"/>
                <Baseline points="974,2827 1049,2828 1125,2830 1201,2831 1276,2833 1352,2835 1428,2836 1503,2837 1579,2839 1655,2841 1731,2842 1806,2844 1882,2846 1958,2847 2033,2849 2109,2850 2185,2852 2260,2854 2336,2855 2412,2857 2488,2859"/>
                <TextEquiv>
                    <Unicode>sonderer Genugtuung erzählt er von dieser Tour Herrn Aigner, der so</Unicode>
                </TextEquiv>
            </TextLine>
            <TextLine id="r1l47" custom="readingOrder {index:46;}">
                <Coords points="960,2876 2501,2915 2502,2869 2444,2862 962,2828"/>
                <Baseline points="970,2875 1046,2876 1122,2878 1198,2879 1274,2881 1350,2883 1426,2885 1502,2887 1578,2888 1654,2890 1731,2892 1807,2893 1883,2895 1959,2897 2035,2898 2111,2900 2187,2901 2263,2903 2339,2904 2415,2905 2492,2906"/>
                <TextEquiv>
                    <Unicode>schwierige Besteigungen schon aufgegeben hat. („Den guten, alten Herrn</Unicode>
                </TextEquiv>
            </TextLine>
            <TextLine id="r1l48" custom="readingOrder {index:47;}">
                <Coords points="964,2929 2500,2981 2440,2910 965,2877"/>
                <Baseline points="973,2926 1052,2927 1132,2930 1212,2931 1292,2933 1372,2934 1452,2935 1532,2937 1612,2938 1692,2939 1772,2940 1852,2942 1932,2943 2012,2944 2092,2946 2172,2948 2252,2950 2332,2952 2412,2954 2492,2957"/>
                <TextEquiv>
                    <Unicode>Aigner“ nennt er einmal IS. 171) den um etwa 7 Jahre älteren Mann.) Und in</Unicode>
                </TextEquiv>
            </TextLine>
            <TextLine id="r1l49" custom="readingOrder {index:48;}">
                <Coords points="957,2976 2434,3018 2483,2971 958,2938"/>
                <Baseline points="967,2974 1042,2976 1117,2977 1192,2979 1268,2981 1343,2982 1418,2983 1493,2984 1569,2986 1644,2987 1719,2988 1794,2989 1870,2990 1945,2992 2020,2993 2095,2994 2171,2996 2246,2997 2321,2999 2396,3002 2472,3003"/>
                <TextEquiv>
                    <Unicode>seinem Liebeswerben um Erna fehlt kein Zug allerjugendlichsten Über¬</Unicode>
                </TextEquiv>
            </TextLine>
            <TextLine id="r1l50" custom="readingOrder {index:49;}">
                <Coords points="958,3014 2500,3073 2501,3025 2390,3008 958,2993"/>
                <Baseline points="967,3022 1043,3024 1119,3026 1195,3028 1271,3029 1348,3031 1424,3032 1500,3033 1576,3035 1652,3036 1729,3037 1805,3039 1881,3040 1957,3041 2033,3043 2110,3044 2186,3046 2262,3048 2338,3050 2414,3052 2491,3054"/>
                <TextEquiv>
                    <Unicode>schwangs. („Erna, Erna! Ich wär imstande, eine rasende Dummheit zu</Unicode>
                </TextEquiv>
            </TextLine>
            <TextLine id="r1l51" custom="readingOrder {index:50;}">
                <Coords points="957,3064 2496,3104 2497,3063 2353,3053 958,3034"/>
                <Baseline points="966,3069 1042,3071 1118,3073 1194,3074 1270,3076 1346,3078 1422,3079 1498,3081 1574,3083 1650,3084 1726,3086 1802,3087 1878,3089 1954,3090 2030,3091 2106,3093 2182,3094 2258,3095 2334,3096 2410,3097 2486,3098"/>
                <TextEquiv>
                    <Unicode>begehen. Plötzlich verstch' ich allen Unsinn, über den ich mich früher</Unicode>
                </TextEquiv>
            </TextLine>
            <TextLine id="r1l52" custom="readingOrder {index:51;}">
                <Coords points="945,3131 2502,3136 946,3089"/>
                <Baseline points="956,3116 1032,3118 1109,3120 1186,3123 1263,3124 1340,3126 1416,3128 1493,3130 1570,3131 1647,3132 1724,3134 1800,3135 1877,3136 1954,3138 2031,3139 2108,3140 2184,3141 2261,3143 2338,3144 2415,3145 2492,3147"/>
                <TextEquiv>
                    <Unicode>lustig gemacht habe. Ich verstehe Fensterpromenaden, Serenaden, ich</Unicode>
                </TextEquiv>
            </TextLine>
            <TextLine id="r1l53" custom="readingOrder {index:52;}">
                <Coords points="948,3169 2485,3211 2442,3156 2150,3137 949,3134"/>
                <Baseline points="959,3164 1034,3167 1110,3169 1186,3171 1262,3173 1338,3175 1414,3177 1489,3178 1565,3179 1641,3180 1717,3181 1793,3182 1869,3183 1945,3185 2020,3186 2096,3187 2172,3188 2248,3190 2324,3192 2400,3194 2476,3196"/>
                <TextEquiv>
                    <Unicode>verstch' dass man mit gezücktem Messer auf einen Rivalen losgehn, aus</Unicode>
                </TextEquiv>
            </TextLine>
            <TextLine id="r1l54" custom="readingOrder {index:53;}">
                <Coords points="951,3209 2395,3271 2504,3208 951,3184"/>
                <Baseline points="960,3210 1036,3213 1113,3216 1190,3219 1266,3222 1343,3224 1420,3227 1496,3229 1573,3230 1650,3232 1727,3233 1803,3234 1880,3236 1957,3237 2033,3238 2110,3239 2187,3241 2263,3242 2340,3243 2417,3245 2494,3246"/>
                <TextEquiv>
                    <Unicode>unglücklicher Liebe in einen Abgrund springen kann.“ S. 117.) Er bietet</Unicode>
                </TextEquiv>
            </TextLine>
            <TextLine id="r1l55" custom="readingOrder {index:54;}">
                <Coords points="961,3280 2258,3297 2258,3255 2157,3245 962,3232"/>
                <Baseline points="971,3264 1034,3267 1098,3269 1162,3272 1226,3274 1290,3276 1354,3278 1417,3279 1481,3281 1545,3282 1609,3283 1673,3284 1737,3285 1801,3286 1864,3287 1928,3287 1992,3288 2056,3289 2120,3289 2184,3290 2248,3291"/>
                <TextEquiv>
                    <Unicode>ihr an, sich von Genia scheiden zu lassen und sie zu heiraten.</Unicode>
                </TextEquiv>
            </TextLine>
            <TextLine id="r1l56" custom="readingOrder {index:55;}">
                <Coords points="2172,3970 2191,3974 2198,3977 2201,3981 2205,3980 2212,3986 2217,3983 2226,3984 2230,3952 2213,3952 2207,3949 2197,3938 2188,3945 2185,3940 2175,3939"/>
                <Baseline points="2183,3964 2218,3968"/>
                <TextEquiv>
                    <Unicode>200</Unicode>
                </TextEquiv>
            </TextLine>
            <TextLine id="r1l57" custom="readingOrder {index:56;}">
                <Coords points="2399,3987 2418,3987 2428,3982 2431,3986 2436,3982 2437,3985 2455,3984 2462,3991 2470,3986 2480,3987 2487,3916 2475,3913 2456,3915 2441,3904 2430,3907 2426,3902 2407,3901"/>
                <Baseline points="2409,3976 2440,3980 2471,3982"/>
                <TextEquiv>
                    <Unicode>8250</Unicode>
                </TextEquiv>
            </TextLine>
            <TextLine id="r1l58" custom="readingOrder {index:57;}">
                <Coords points="1301,4013 1317,4014 1323,4009 1328,4009 1343,4022 1356,4022 1361,3944 1352,3943 1330,3926 1322,3934 1306,3933"/>
                <Baseline points="1313,3994 1349,3996"/>
                <TextEquiv>
                    <Unicode>—</Unicode>
                </TextEquiv>
            </TextLine>
            <TextLine id="r1l59" custom="readingOrder {index:58;}">
                <Coords points="1607,4020 1624,4019 1635,4027 1641,4023 1656,4037 1674,4039 1679,4033 1689,4033 1690,3953 1666,3952 1652,3962 1646,3958 1638,3960 1631,3954 1608,3953"/>
                <Baseline points="1616,4002 1648,4003 1680,4003"/>
                <TextEquiv>
                    <Unicode>G</Unicode>
                </TextEquiv>
            </TextLine>
            <TextLine id="r1l60" custom="readingOrder {index:59;}">
                <Coords points="1990,4027 2001,4028 2008,4024 2019,4031 2024,4030 2033,4020 2043,4019 2038,3965 2013,3967 2011,3970 1984,3970"/>
                <Baseline points="1998,4006 2032,4003"/>
                <TextEquiv>
                    <Unicode>S</Unicode>
                </TextEquiv>
            </TextLine>
            <TextEquiv>
                <Unicode>Land
24. Das weite
box 29/6
34
Dr. Carl Furtmüller,
spielerin geblieben. Auch dass er eine geheime Neigung zu ihr aus ethischen
Gründen bisher unterdrückt hätte, können wir nicht annehmen, denn
sobald er sich ihre Eroberung als Ziel gesteckt hat, geht er ihm ohne jeden
Schatten innerer Bedenken nach. In welcher Situation befindet sich Hof¬
reiter, als er sich daran macht, Erna zu gewinnen? Er ist ein Mann von
etwa 45 Jahren. Das gesteht er freilich sich selbst und anderen nicht
gerne ein und sogar der Dichter scheint seine Empfindlichkeit zu schonen,
indem er bei ihm nicht, wie bei den anderen Personen des Stückes, das
Alter angibt. Aber er ist gleichaltrig mit Ernas Mutter, was für ihn freilich
der Anlass wird, sie ostentativ nicht anders als „Mama Wahl“ zu nennen
und so recht weit von ihr abzurücken. Im übrigen sorgt er dafür, dass
die Leute seiner nächsten Umgebung viel jünger sind als er, um sich
dann unter ihnen als Altersgenosse zu bewegen. Sein bester Freund ist
ein um 10 Jahre jüngerer Mann. Aber die Zeichen schwindender Jugend
lassen sich nicht abweisen. Gerade jetzt ist sein Verhältnis mit Adele
Natter zu Ende — und wohl nicht auf seine Initiative hin, sonst würden
wir nicht verstehen, warum es ihn gar so ärgert, dass Mauer seiner Frau
davon gesprochen hat; und in seinem Gesprüch mit Adele sehen wir
ihn bemüht, wenigstens äusserlich die alten Formen aufrecht zu erhalten,
während sie energisch fürs Schlussmachen ist. Und sie ist hartherzig
genug, ihn an das nahende Alter zu erinnern („Die Zeit der Jugend¬
torheiten ist vorbei. Für uns beide, denk ich. Meine Kinder wachsen
heran, Und Ihr Bub auch.“ S. 59).
Diese ersten Vorboten des Alterns müssen den Fonds von Unsicher¬
heit, den wir an ihm schon kennen, ganz ausserordentlich verstärken
und er wird nach nichts eifriger suchen als nach der Gelegenheit zu
einer Probe, die ihm zeigen soll, dass er noch der alte ist, dass seine
Persönlichkeit nichts von ihrer Kraft und Wirkung eingebüsst hat.
(„Mit vierzig Jahren sollt man jung werden, da hätte man erst was davon.
Soll ich Dir was sagen, Adele? Mir ist eigentlich doch, als wäre alles
Bisherige nur Vorstudium gewesen. Und das Leben und die Liebe fing erst
jetzt an.“ S. 61.) Und welche Probe könnte schlagender sein, als ein
Mädchen zu erobern, das seine Tochter sein könnte, das er noch auf den
Knien geschaukelt hat. Und noch dazu jetzt, wo es gilt, einem um zehn
Jahre jüngeren Rivalen das Feld abzugewinnen. Alles bei diesem Ausflug
zum Völser Weiher läuft darauf hinaus, sich zu beweisen, dass er noch
zu jeder Jugendtat fähig, ja dass er noch vor keiner Jugendtorheit sicher
ist. Deshalb überwindet er auch die jahrelange Scheu und steigt wieder
auf den Aignerturm, was übrigens wohl nicht nur vom Dichter Rhon sym¬
bolisch mit Fraueneroberung in Zusammenhang gebracht wird. Mit be¬
sonderer Genugtuung erzählt er von dieser Tour Herrn Aigner, der so
schwierige Besteigungen schon aufgegeben hat. („Den guten, alten Herrn
Aigner“ nennt er einmal IS. 171) den um etwa 7 Jahre älteren Mann.) Und in
seinem Liebeswerben um Erna fehlt kein Zug allerjugendlichsten Über¬
schwangs. („Erna, Erna! Ich wär imstande, eine rasende Dummheit zu
begehen. Plötzlich verstch' ich allen Unsinn, über den ich mich früher
lustig gemacht habe. Ich verstehe Fensterpromenaden, Serenaden, ich
verstch' dass man mit gezücktem Messer auf einen Rivalen losgehn, aus
unglücklicher Liebe in einen Abgrund springen kann.“ S. 117.) Er bietet
ihr an, sich von Genia scheiden zu lassen und sie zu heiraten.
200
8250
—
G
S</Unicode>
            </TextEquiv>
        </TextRegion>
    </Page>
</PcGts>
