3344 4320
227 220 569 312 24. Da
1367 218 1784 314 box 28/5
579 236 1184 323 S W f: 1
532 674 926 740 —1 aue
911 713 1599 859 Frankfurter Zeitu.
618 739 1105 838 . Uktoben 1911
519 786 692 871 288
582 876 1674 929 Arthur Schnitzlers Tragitomodie „Das welte
523 917 1672 964 Land, die der neuerdings beliebt gewor¬
521 972 1668 1009 denen Simultanpremière am gleichen Abend auf einer ganzen
520 1006 1672 1055 Reihe deutscher Bühnen zur Uraufführung gelangte, hatte in
520 1039 1661 1079 München nicht weniger Erfolg als in Berlin und Wien.
527 1075 1675 1141 Aus der bayerischen Hauptstadt wird uns darüber gemeldet:
533 1109 1666 1156 Das Publikum des Residenztheaters ließ sich von der
527 1148 1675 1218 lebensvollen Handlung von Anfang an fesseln, von den beiden
524 1193 1659 1241 letzten Akten zu starkem Beifall erwärmen. Die Darstellung
520 1235 1659 1279 verdient fast uneingeschränktes Lob. Herr Steinrück und
517 1277 1679 1342 Frau v. Hagen boten in den führenden Rollen ihr bestes.)
585 1307 1662 1346 Im Deutschen Schauspielhaus zu Hamburg,
519 1341 1667 1408 #wir##uns vor dort# gemeldet, wunte die Aufführuna unter
2024 316 3130 362 der angebotenen Milchpulver geeignet sind, einen billigen
2023 346 3125 390 und brauchbaren Ersatz für frische Milch zu bieten. Das
2034 377 3137 439 Ergebnis des Fischmarktes war kein günstiges, da non dem
2022 433 2976 483 Unternehmer an den beiden ersten Verkaufstagen.
2027 452 2927 524 5 Zentner abgesetzt wurden. Der Versuch solf
2624 501 2912 556 Kartaffelliofe:
2030 505 2608 555 gesetzt werden. Gegen die er##
2042 551 2589 599 gen der Beschaffenheit der K
2033 582 2546 640 den vorgebracht worden. D
2040 624 2496 674 chender Abzug an der ##
2042 661 2504 719 sten Sendungen werder
2032 701 2512 750 stellt. Der Verkaufspr
2035 740 2524 796 festgesetzt. Die Höchstab,
2039 777 2526 835 Zentner festgesetzt. Eine
2032 812 2530 872 und Delikatessen=Händler
2043 842 2972 910 berufene Be#taftnariammlu#“ nahm nach langerer
2043 900 2156 944 eine
2305 883 2927 1003 ügsburger Abendzeftung
2032 934 2168 993 Verke
2537 1069 2859 1172 16 10 1911
2029 1125 2183 1184 Ver¬
2028 1175 2178 1222 Berie
2038 1215 2184 1267 Wahl
2032 1256 2176 1307 Kra
2038 1292 2180 1355 Versi
2342 1394 2844 1472 Theater und Musik
2115 1469 3163 1511 G. J. W. München. Am Samstag gab es zwei „Urauf¬
2040 1498 3168 1559 führungen"zugleich — beide von literarischem Charakter, beide
2050 1535 3163 1589 von bekannten Autoren, obschon recht unterschiedlich in
2047 1575 3170 1640 Wert und Kaliber. Das Residenztheater brachte in der
2052 1621 3153 1667 neuerdings so beliebten Form der „gemeinsamen Urauf¬
2045 1654 3166 1721 führung" (mit der Wiener Hofburg und dem Berliner
2042 1706 3170 1757 Lessingtheater) den neuesten Arthur Schnitzler heraus,
2041 1744 3179 1801 die fün aktige Tragikomödie „Das weite Land“; drüben
2044 1776 3176 1838 aber im nachbarlichen Schauspielhaus, kämein nomo novus
2048 1817 3167 1866 dramaticus, freilich auf anderen literarischen Aeckern längst
2044 1844 3158 1899 anerkannter Autor, Karl Ettlinger (das „Karlchen“
2040 1875 3175 1951 der „Jugend"), mit dem dreiaktigen Lustspiel „Die Hydra“
2047 1928 3171 1983 zu Wort. Ich besuchte die Schnitzlersche Uraufführung; von
2050 1984 3179 2020 Ettlingers „Hydra“ sach ich die erste Wiederholung am Sonn¬
2047 2007 3179 2067 tag. Während merkwürdigerweise das sehr fein konstruierte,
2048 2043 3166 2102 prachtvoll geistreiche Werk Schnitzlers das Münchener Pu¬
2059 2091 3169 2137 blikum nur zu lauem und flauem Beifall begeistern konnte,
2053 2122 3172 2181 hatte der derber zugreifende, kecke Satiriker Ettlinger ent¬
2054 2172 3158 2214 schieden mehr Glück bei der „Hydra“ — worunter das p. t.
2049 2214 3163 2257 Prblikum zu verstehen ist — man berichtet mir, daß ihn
2063 2253 3175 2292 bei der Uraufführung wiederholt lebhaftester Applaus an
2061 2274 3174 2329 die Rampe rief, und auch bei der ersten Wiederholung scholl
2071 2320 3170 2370 der Beifall kräftig zur Bühne hinauf und rief auch diesmal
2063 2359 3169 2402 Ettlinger vor sein Publikum. ... Arthur Schnitzlers Tragi¬
2056 2396 3172 2441 komödie trägt den stimmungsvollen und rätselhaften Titel
2061 2440 3181 2489 „Das weite Land“. Das klingt wie Musik, und das klingt.
2059 2476 3174 2528 sein wenig verliebt und sehnsüchtig; man denkt an einen
2067 2514 3179 2568 Hügel, den man im Abendrot erstiegen und der eine weite
2074 2558 3176 2608 Schau gewährt über flaches Land zu unseren Füßen, von
2066 2592 3184 2652 Flußzügen belebt, mit Bäumen beladen, mit Dörschen be¬
2074 2629 3189 2681 Hai Man träumt sich ein Haus mit weitem Blick und selt¬
2070 2670 3182 2727 samen Menschen und fremden Schicksalen; Schnitzler aber
2072 2708 3187 2768 meint etwas ganz anderes. „Das weite Land“ ist ihm die
2073 2746 3187 2800 Menschenseele, und zwar — versteht sich — „die Seele, die
2073 2800 3177 2842 liebt“. So ungefähr sagt das der alte Lebemann und Liebes¬
2064 2825 3179 2877 sphilosoph Dr. von Aigner, der nach einem bunten Leben,
2062 2873 3184 2915 das ganz den Frauen gehörte und das ihnen immer noch
2077 2908 3182 2954 gehört, droben am Veldeser Weiher in den Dolomiten ein
2071 2941 3182 2988 modernes Alpenhotel leitet. Er ist nur eine Episodenfigur,
2068 2982 3192 3029 aber eine prachtvoll gesehene, und da er über die Liebe
2070 3015 3184 3074 philosophiert, indessen die anderen Gestalten der Tragikomö¬
2068 3056 3189 3108 die die Liebe leben, ist er sozusagen der programmatische
2069 3097 3184 3151 Chorus des Stückes — er hat in der Oekonomie dieses Dra¬
2078 3131 3182 3189 mas eine Sonderstellung, wie sie auf der anderen Seite
2072 3174 3185 3222 der Dr. Franz Mauer, Arzt in Wien hat: der freilich in
2074 3212 3176 3263 einem anderen Sinn — er ist der einzige unter den etlichen
2073 3257 3177 3319 zwanzig Menschen, der durchaus „reinlich“ ist und von
2072 3297 3187 3343 amourosen Neigungen und spinösen Schrullen frei. (Herr
2078 3352 3183 3381 Ulmer, der diesen aufrechten Menschen zu verkörpern hatte,
2077 3371 3187 3418 leitete sich aus diesem erfreulich= erfrischenden Umstand
2073 3410 3188 3462 das Necht ab, ihn in der wohlgetroffenen Maske Schnitz¬
2070 3444 3190 3507 lers zu spielen — es fehlte nicht einmal die studentische
2081 3497 3185 3536 Schlägerschramme über dem linken Auge.) Episodenfiguren
2089 3526 3178 3577 sind diese beiden: Aigner und Mauer. Aber Episodenfiguren
2072 3569 3190 3612 und schließlich alle Schnitzlerschen Gestalten, die da über die
2081 3603 3189 3650 Bretter gehen, im Garten einer Badener Villa Tennis
2078 3643 3188 3695 spielen, flirten und ehebrechen, die in den Dolomiten auf
2079 3679 3189 3732 kecke Türme kraxeln und — flirten und ehebrechen. Sie sind
2079 3718 3193 3760 Episodenfiguren, wie ihre Taten und Schicksale Episoden
2086 3759 3189 3810 sind. mehr novellistisch aneinandergereiht als dramatisch ge¬
2087 3796 3189 3847 strafft, epische Erlebnisse, die schließlich nur in einem
2083 3840 3196 3899 Fall sich zu einem tragischen Konflikt steigern, ohne daß zu
2083 3880 3193 3937 einer Tragödie, wie sie schließlich aus dem Konflikt erwachst.
2086 3914 3198 3961 gerade ein zwingender Grund vorläge. Schnitzler empfand
2077 3948 3192 3995 das selbst und taufte sein Stück auf den Namen der Zwitter
2090 3988 3191 4044 und Wechselbälge: „Tragikomödie“. Die eigentliche Tra¬
2087 4027 3194 4083 gödie, d. h. die eigentliche Handlung, die zum Abschluß ge¬
2080 4071 3183 4134 bracht wird, beginnt erst im vierten Akt; was voraus¬
2089 4103 3191 4161 geht, das ist ein Konversationsstück, das beispielsweise ein
2085 4142 3186 4199 Schall wie Otto Erich Hartleben zweifellos zu einem er¬
2094 4177 3183 4247 schütternd=komischen Ende gebracht hätte.... Handlung?
2745 4219 3184 4253 des reichen episodischen
2259 4225 2302 4270 1
2203 4229 2241 4269 K
