3296 4320
1256 123 1705 206 hox 29/1
143 131 1113 237 24. basLand
35 753 504 826 ## # D Menerranme¬
565 801 1823 868 sind, daß die Dampfschiffe nicht heraufkommen können, dann
38 820 527 879 der Meistbegün¬
564 858 1823 902 geht's mit der Kette, und das möchte ich besonders den Ungarn
39 859 529 915 ute alle unsere
562 894 1816 944 empfehlen, wenn sie sagen, am Eisernen Tore sei der Strom zu
29 908 527 962 anderen Staaten etwas
565 940 1823 982 reißend; mit der Kette werden sie ihn überwinden. Nun kommt
31 946 531 1017 begünstigungsklausel vor
565 981 1815 1035 die obere Donau, und da muß ich Ihnen mein Kompliment
48 995 529 1055 ; allenfalls durch Kata¬
556 1022 1826 1067 machen für die großzügige Auffassung, die Sie heute geäußert
49 1039 521 1099 Was bleibt also übrig,
567 1055 1826 1097 haben. Wenn da gesagt worden ist, es sei den Regensburgern
34 1069 528 1143 de mit Recht auf die
569 1094 1815 1148 ja recht, wenn man nicht weiter heraufkommt, so habe ich ge¬
45 1126 521 1188 achbarstaaten verbinden¬
553 1132 1823 1186 hört, daß die Regensburger bereit sind, sogar eigene Schlepper
45 1173 522 1216 ell auf die Donau. Die
580 1176 1804 1219 zu stellen, damit man durch die Brücke hindurchkommt. Mehr
494 1189 618 1257 meneneienen
1492 1212 1549 1257 K
282 1216 353 1259 Achernn
37 1248 513 1298 nder sind, wird das un¬
552 1251 1817 1296 wie dort entscheidet der Erfolg, ob das Richtige getroffen wurde.
36 1295 515 1345 geht auch ins Gebirge
561 1292 1818 1343 Im weiten Land hat Schnitzler den Erfolg nicht für sich. Die
45 1336 513 1384 erführen, das sein bester
551 1334 1816 1385 stärkste Wirkung tut die nach der alten Weise gebrachte Szene, in
35 1373 515 1430 te. Schwer macht ihm
549 1375 1810 1417 der Hofreiter den Fähnrich brüskiert und die Forderung er¬
557 1405 1809 1457 zwingt. Die ewigen handlungsarmen Gespräche aber ermüden
42 1408 521 1459 ch ihm an den Hals in
551 1458 1817 1505 und verwirren das Publikum. Das würde noch deutlicher
48 1456 521 1506 che Erklärung sexuelle
99 1493 517 1551 von dem Milieu,
561 1495 1826 1540 zur Geltung kommen, wenn Schnitzler das Werk ganz
84 1530 519 1589 worden. Die bru¬
557 1531 1823 1582 tragisch gestaltet hätte. So, wie das Stück jetzt gebaut ist,
93 1570 512 1627 seiner Reise mitteilte,
559 1579 1824 1622 nimmt das Publikum die ernsten Szenen um der komischen
558 1616 1808 1662 willen mit in den Kauf, in denen weltmännischer Witz und
105 1620 519 1669 Genia hat sich ent¬
552 1654 1820 1705 Zynismus ihr ungeniertes Wesen treiben. An ihnen findet man
35 1642 519 1712 lten. Sie hat sich zum
49 1695 522 1746 genommen, den Sohn
549 1693 1825 1744 sein Vergnügen und übersieht dabei, daß die ganzen ersten
545 1729 1826 1775 beiden Akte zu einer Exposition gebraucht werden, die noch dazu
45 1734 517 1791 ebenso gleichgültig war,
552 1773 1822 1824 wesentliches im Unklaren läßt, daß der dritte Akt großenteils
49 1774 518 1823 se zurückkommt, entdeckt
31 1815 514 1870 die Leute davon wissen.
548 1828 1818 1864 aus Szenen besteht, die mit der Sache gar nichts zu tun haben,
549 1853 1807 1898 und daß das eigentliche Drama erst mit dem vierten Akt ein¬
35 1855 509 1909 d es kommt zum Duell.
562 1892 1821 1942 setzt. Wenn man bedenkt, wie zielbewußt Ibsen in seinen
58 1896 505 1949 sagt sich von ihm los.
551 1921 1811 1983 Dramen klaren Kurs steuert, so will uns Schnitzlers Dramatik
59 1928 514 2000 verbüßter Strafe ins
560 1970 1554 2025 in ihrem Zickzack=Kurs doppelt unsicher erscheinen.
632 2018 1813 2066 Aber vielleicht ist auch das Absicht. Schnitzlers Menschen
33 1997 517 2071 kes, um die ein üppiges
561 2049 1817 2099 gehen keine bestimmten Wege, sie werden durcheinander getrie¬
39 2055 316 2112 zieht, so üppig
359 2054 520 2115 daß es
555 2093 1814 2137 ben, wie ein Häufchen Federn, das von jedem Luftzug sinnlos
455 2102 520 2143 zu
50 2095 315 2149 der Haupthan
462 2137 510 2186 ch
555 2135 1820 2178 durcheinander gewirbelt wird. Vielleicht entspricht das der
44 2135 295 2183 s die Ranken
560 2176 1818 2224 Welt=Anschauung Schnitzlers. Vielleicht sieht er im Tun der
442 2177 521 2224 ses
43 2175 297 2230 schnitten hatt
546 2221 1823 2266 Menschen nur den Ausfluß sinnloser Triebe, im Leben nur ein
442 2220 504 2271 nd
27 2213 293 2271 natisch, ist er
557 2254 1811 2309 zweckloses Spiel des Zufalls. Dann hätte er durch sein Stück
31 2255 283 2310 seine Tragiko
432 2259 507 2310 uf¬
435 2297 522 2341 ind
556 2298 1818 2340 bewiesen, daß sich auf dieser Weltanschauung kein Drama auf¬
31 2298 294 2351 s Gefühl hat
552 2336 1809 2393 bauen läßt. Natürlich kann niemand einen Dichter zwingen,
409 2335 515 2391 pitel
46 2336 298 2396 hten Werke fü
550 2377 1807 2416 an eine Vorsehung und ewige Weisheit zu glauben, die ihre
38 2380 285 2430 Bühne gebrac
423 2380 514 2431 den.
414 2421 520 2469 and¬
560 2412 1822 2467 Geschöpfe lenkt und ihnen ins Innerste sieht, durch alle Hüllen
35 2417 278 2472 iesem Drame
549 2459 1819 2505 und Verkleidungen hindurch sieht, was die Seelen dieser Ge¬
408 2461 512 2508 nur
38 2459 282 2510 und auf der
553 2493 1820 2549 schöpfe denken und empfinden. Aber wenn der Dichter nicht
469 2485 508 2548 5
433 2507 467 2542 a
28 2499 274 2552 er Szene st
551 2541 1811 2588 selbst sich als Weltschöpfer fühlt, wenn er nicht, erhaben über
39 2536 281 2597 sein Selbstmo
552 2582 1806 2630 den Zufall, seine Geschöpfe lenkt und ihre Gedanken und Ge¬
29 2581 280 2630 Erna. Hinter
561 2617 1806 2666 fühle bloßlegt, dann kann er uns so wenig fesseln, wie ein
440 2621 509 2672 ter
33 2619 298 2673 bt sich ihm hit
549 2655 1819 2706 Würfelspieler, der ohne Partner für sich allein die Würfel immer
35 2658 296 2713 lbst die Bege
558 2701 1812 2740 wieder aus dem Becher rollen läßt. Möglich, daß eine andre
477 2712 511 2758 5
36 2696 313 2754 die stark drama
562 2739 1800 2787 Zeit anders empfindet: wir verlangen heute vom Drama noch,
56 2741 313 2793 und wirkung
433 2744 507 2793 us.
562 2783 1815 2833 daß es sinnvoll sei. Fünf Akte voll Zufälligkeiten lassen uns
409 2784 513 2834 Frau
61 2783 361 2838 die unglückliche
559 2820 1533 2875 zum mindesten kalt, wenn sie uns nicht ermüden.
37 2827 521 2890 und wer ihn erschossen
637 2852 1811 2908 Dr. Hagemann hatte das Stück vortrefflich inszeniert.
552 2896 1817 2956 Die Dekorationen waren sehr hübsch. Nur die drahtgesteifte
42 2881 513 2952 t Hilflosigkeit, sondern
558 2940 1811 2990 Fahne im Hofreiterschen Garten wirkte recht theatermäßig in
50 2932 521 2990 Dramaturgie, sondern
553 2986 1815 3032 dem lebensfrischen Bild. Der Dialog war auf den intimen
35 2980 521 3034 ffen, eine Dramaturgie,
558 3029 1809 3073 Charakter des Stückes diskret abgestimmt, teilweise sogar zu
33 3024 519 3084 zelne Handlung Neben¬
556 3056 1810 3106 diskret, so daß man ihn im Hause nicht verstehen konnte. Bei
55 3057 509 3119 nicht gezeigt, sondern
552 3092 1818 3145 den unglücklichen akustischen Verhältnissen des Schauspiel¬
33 3104 514 3159 cht werden soll. Solche
544 3143 1816 3181 hauses muß der Ton durchweg lauter genommen werden,
40 3143 527 3195 ornherein ebenso wenig
539 3183 1827 3247 als in Theatern, wo man gut hört. Die schönste Inszenierung
53 3180 534 3256 verimente. Aber hier
1858 803 2215 862 Grunewald, Clon.
1929 823 3116 896 Römerhof=Handicap. Principal (Bullock) 1. Stigma
1860 879 3114 924 (Evans) 2. Ria (Blades) 3. Tot.: 26:10. Platz: 15, 26, 75:10. Ferner
1857 913 3121 957 liefen: Palme, Werra II, Tarnkappe, Oranier, Oregon (4.), Secret,
1866 945 2179 1012 Krande, Trimnl.
2552 1011 3115 1109 Sanatorium de Gorhio
2570 1099 3121 1153 Phys.-diät. Kuranstalt. Staubfr.
1890 1077 2561 1162 Aenton
2569 1134 3123 1179 Lage. Zentralheizg. Prosp. d.d.
2549 1175 3114 1224 Administration Gorblo b. Menton.
1857 1254 3115 1319 hat ihren Zweck verfehlt, wenn das Publikum den Text
1862 1302 3109 1340 nicht versteht und darüber ungeduldig und unzufrieden wird.
1851 1340 3116 1394 Das Zusammenspiel war von Dr. Hagemann sehr fein arran¬
1860 1382 3117 1424 giert worden, bis auf den Schluß des zweiten Aktes. Daß hier
1859 1417 3113 1473 während des — nebenbei bemerkt, vom Dichter sehr ungeschickt
1858 1464 3122 1509 angebrachten — wichtigen Gesprächs zwischen Genia und Hof¬
1865 1503 3113 1558 richter die übrigen Darsteller wie Wachspuppen im Hintergrund
1862 1543 3118 1600 standen, statt promenierend hinter dem Hause zu verschwinden,
1860 1581 3111 1659 wirkte zum mindesten unnatürlich, um nicht zu sagen: unfrei¬
1854 1616 2154 1683 willig komisch.
1935 1645 3111 1708 Unter den Darstellern verdient an erster Stelle Fräulein
1856 1696 3106 1743 Elsinger genannt zu werden, die man nach langer Pause mit
1850 1744 3108 1798 besonderem Vergnügen wieder in einer tragenden Rolle sah. Die
1872 1781 3115 1828 schwere Aufgabe, die die Darstellung der Genia bedeutet, wurde
1871 1823 3107 1863 von dieser ausgezeichneten Künstlerin meisterhaft gelöst. Ihre
1858 1862 3108 1911 Genia war ganz warmes, blühendes Leben, ganz geboren aus
1852 1904 3115 1943 echtem Gefühl und darum überzeugend und rührend zugleich.
1863 1943 3117 1986 Ihr zunächst stand der prächtige Hofreiter des Herrn Nhil,
1864 1983 3107 2037 brillant angelegt, in der Wiedergabe der sinnlichen Leidenschaft
1857 2025 3118 2068 im dritten Akt unnötig stark unterstrichen, aber im ersten und
1859 2065 3118 2117 vor allem im fünften Akt erschütternd lebensecht und schlicht.
1851 2100 3120 2159 Frau Ellmenreich war ebenso die gewiesene Vertreterin für
1859 2142 3118 2183 die resigniert philosophierend Schauspielerin, wie Herr Lang
1856 2181 3111 2226 den Dr. von Aigner mit künstlerischer Delikatesse zur Geltung
1855 2226 3118 2269 brachte. Herr Gebhardt hielt den Fähnrich ein wenig zu
1859 2266 3118 2315 jünglingshaft schüchtern. Prächtig war Frau Otto=Körner
1861 2305 3107 2352 als Frau Wahl: von den Wahlschen Kindern konnte Fräulein
1858 2345 3120 2382 Silten als Erna genügen, Herr Ellmar aber als Gustav war
1853 2386 3101 2435 selbst für einen Amateur=Buddhisten zu unbedeutend. Herr
1853 2417 3102 2471 Wagner war als Doktor Mauer sehr brav, vielleicht zu brav.
1842 2461 3098 2507 Durch eine jugendlichere Maske und einen leichteren Ton könnte
1852 2503 3104 2547 er die Figur etwas interessanter machen, als sie der Dichter#st
1858 2542 3112 2596 gestaltet hat. Das Ehepaar Natter war bei Frau Hevoorn
1853 2588 3098 2634 und Herrn Andresen in guten Händen, ebenso der Alberten
1853 2621 3110 2672 Rhon bei Herrn Stettner. Dagegen war die Marie Rhon
1850 2669 3110 2718 in falsche Hände gelegt. Junge Anfängerinnen, die noch nicht
1851 2705 3109 2763 Herren ihres Körpers sind, sollten selbst in Episodenrollen von
1853 2742 3109 2799 einiger Wichtigkeit nicht herangezogen werden. Der schlechte
1862 2779 3108 2830 Eindruck, den sie machen, schadet dem ganzen Ensemble. Eine
1849 2822 3115 2875 lustige Charge bok Herr Pichler als Tennis=Fer, und mit der
1854 2865 3108 2933 originellen Wiedergabe des Hotel=Portiers holte sich Herr
1852 2909 2514 2958 Brahm wohlverdienten Erfolg.
1922 2948 3100 3001 Das Publikum war, wie bereits berichtet, sehr beifallsfreu¬
1850 2980 3096 3033 dig. Der Reiz der Ur=Aufführung mag dazu das Seine heige¬
1850 3033 3085 3080 tragen haben. Ein Zugstück aber wird „Das weite Land“ sch####r
1846 3065 3007 3121 lich werden: dazu fehlt es ihm ebenso an Klarheit, wie
2351 3102 2949 3174 Dr. Carl Müller=Rai#
1841 3106 2192 3172 matischer Kraft.
