3392 4256
1420 66 1859 168 box 29/4
299 65 1256 163 24. Das weite-Land
516 610 1347 765 Klose & Seidel
554 750 1336 852 Bureau für Zeitungsausschnitte
538 836 1341 896 Berlin HO. 43, Georgenkirchplatz 21!
684 966 1250 1093 Berliner Tageblatt
497 1048 1364 1144 Zeitung teseseegessereeteeseeae rereERREREERERREREEREPREAA
505 1175 1382 1252 OfT: A
500 1258 1376 1356 Datum: -
1138 1323 1381 1457 fn0
628 1468 1809 1620 Schnitzler: „Das weite Land“.
1039 1610 1388 1687 Residenzcheater.
818 1595 970 1716 ∆
657 1693 1803 1787 Vor zehn Jahren gab man dieses Werk zuerst. Anno Agabir;
594 1744 1817 1838 Lloyd George und Asquith wetterten gegen unsere Treiber; die Welt
582 1798 1571 1872 hatte Bauchgrimmen . .. aber noch nicht die Cholera.
640 1849 1799 1912 Man könnnte jetzt mit gehobenem Zeigefinger als criticus be¬
578 1888 1807 1962 haupten: „Die schrankenlose Selbstsucht (das Adjektiv „schrankenlos“
584 1940 1806 2013 gehört halt zu „Selbstsucht") . .. schrankenlose Selbstsucht all' dieser
585 1981 1806 2054 schnitzlerischen Menschen läßt schon die, drei Jahre darauf einsetzende,
579 2024 1368 2082 Weltkatastrophe deutlich ahnen.“ Oder so.
633 2060 1797 2154 Wahr ist: daß bei gleicher Seelenverfassung dieser schnitzlerischen
568 2106 1455 2175 Menschen Oesterreich ruhig hätte siegen können.
642 2149 1701 2231 Seid's einfach, Kinderln. Wenn es nur sonst anders kam!
1147 2211 1225 2270 II.
635 2243 1791 2329 Hat sich das Stück in zehn Jahren verändert? Nämlich: hat
571 2281 1044 2352 Schnitzler es verändert?
630 2346 1784 2425 Oder hat sich der Eindruck verändert? Nämlich: haben wir
561 2372 890 2431 uns verändert?
626 2424 1567 2487 Drittens: oder haben die Darsteller es verändert?
666 2469 1781 2537 .Die Darsteller natürlich. Schnitzler nicht. Wir bestimmt.
614 2520 1773 2589 Ein Beispiel. Dazumal fand man etwa: „Dieses Stück ist breit.“
552 2556 1762 2632 Heut findet man: „Diese Stückt sind breit ... Ein Unterschied —
551 2600 1192 2656 mit den Fingerspitzen zu fühlen.
616 2641 1768 2716 Dazumal schien der Schluß vielleicht unklar. Heut wäre Klar¬
559 2690 1768 2766 heit ein Grund zum Hohn. Alles ist Einstein. (Bloß Einstein ist
549 2723 877 2795 nicht Einstein.)
617 2813 1761 2889 Das Werk hat nach zehn Jahren seinen Wert. Sieht wie ein
543 2850 1777 2939 Gesellschaftsstück aus . . . und ist ein Seelenstück. Denn die Seele
544 2901 1760 2971 bedeutet hier (so gemeinplätzig es klingt) jenes weite Land — wo
554 2944 1382 3014 nebeneinander höchst Widersprechendes haust.
603 2985 1761 3068 Dieser Ichmensch in der Mitte, der hinreißende Glühlichtfabri¬
551 3026 1758 3112 kant; diese Bankiersfrau; dieser Pianist; dieser Marinefähnrich;
537 3068 1767 3132 diese stille Gattin; dies junge Mädchen: alle lieben durcheinander
598 3128 1772 3219 mit und ohne Widerstand. Und Etliche tun, was sie gar nicht
533 3160 700 3229 wollen.
596 3204 1767 3284 Etliche tun, was absonderlich scheint, wenn jemand bloß das
545 3256 1759 3316 am nächsten zu Erwartende kennt . . . (Aber so handeln ja viele
538 3291 1759 3380 tagtäglich — nur ohne daß ein Dichter sie belauert, festhält, ent¬
528 3331 1176 3401 larvt. Bitte sehr, auch Bürger.)
591 3379 1764 3464 Also die Menschen hier gieren und girren rings; lieben ohne
534 3428 1767 3515 Areue, sind untreu ohne Liebe; sündigen ohne Nor; rächen sich ohne
1837 1507 3052 1621 Zorn: töten ohne Groll; sind eitel ohne Größe; liebenswert ohne
1835 1561 2464 1629 Verlaß: freundlich ohne Gewissen.
1874 1598 2388 1689 Es gibt nur a Kaiserstadt.
2368 1649 2475 1716 W.
1872 1704 3048 1788 Ein Donau=Europäer schrieb das Stück. Seine Leute stammen
1826 1746 3042 1823 zwar aus Wien: doch ihre Sorgen sind nebenher allmenschlichen In¬
1824 1779 1945 1837 halts.
1876 1825 3042 1902 Moral kennen sie nicht. Es ist nur ein Unterschied zwischen einem,
1814 1861 3035 1962 der noch keine kennt . .. und einem, der keine mehr kennt. (Denn
1815 1913 2632 1972 der kennt sie ja doch — möcht' man sprechen.)
1862 1955 3051 2045 Wie steht zu den Leuten Schnitzler selbst? Verabscheut er stes,
1806 1976 2504 2062 Billigt er sie? — Er zeigt sie. Ecco.
1863 2040 3045 2106 Dieses Stück ist wirklich am Schluß etwas breiter als ... diese
1819 2061 2583 2147 Stücke. Doch ein Landgewinner schuf es.
1851 2147 3025 2241 Der Rotter wächst mit seinen größern Zwecken. Die Triesch ist!
1814 2209 3024 2306 stark im Leid (wenn sie „Auf Wiedersehn!“ mit gepreßter Seele sagt).
1810 2267 3018 2338 Die Bertens bringt einen prachtvollen Akkord von schwerem Ernst. —
1809 2308 3018 2384 von alleinstehender Menschenwurde. Der alte Franz Schönseld,
1799 2347 3013 2425 Leutnantsspieler ehedem, zog aus der Stille seines Kyffhäusers.
1797 2386 3011 2470 Frau Gisela Schneider=Nissen in gewinnendem Umfang auch. Ger¬
1796 2442 3007 2506 trud Welker (jetzt ein Gang und eine Stimme; beides lockend);
1806 2475 3015 2539 Schroth; Josef Klein; Annelise Halbe, die Tochter vom Max, reizvoll
1788 2527 2919 2591 und spritzig; — kurz: alles da. Selbst eine Art Regie. Schau'!
1844 2559 2152 2633 Und der Korff?
1841 2643 2992 2721 Der Korff gibt den Glühlichtfabrikanten. Im Tempo, im
1795 2675 3008 2765 Wienertum, in der Ueberlegenheit, im Leicht=Lässigen bemerkenswert.
1797 2734 2844 2808 Eine „schöne Leistung“ — nur bis auf den Schluß. (Nur?)
1835 2782 3003 2862 Den Allesmacher, den verfluchten Kerl, den siegreichen Hahn,
1786 2814 2994 2901 den Mittelpunkt, das Mottenlicht, den feschen Schuft, den sinnlichen
1790 2864 2986 2943 Selbstling, der liebenswürdig über Leichen hastet — den kann er.
1828 2903 2990 2983 Als aber der Ichbold von der Ringstraße sein Waterloo
1777 2938 2637 3017 derlebt ... das kann er eigentlich nicht so gut.
1822 2988 2997 3068 Dieser dämonisch=sündhafte Fabrikant Friedrich Hofreiter soll
1781 3035 2990 3120 auch Poseurzüge haben. Zwischendurch zweifelt man: hat sie der
1777 3073 1960 3137 Hofreiter
2054 3075 2496 3140 oder hat sie der Korff?
1833 3124 2851 3182 Ich brüte. Brüten tu' ich. Also der Hofreiter hat sie.
2619 3179 3024 3281 Alfred Kerr.
