3392 4320
245 143 1203 259 24. Das veite Land
1370 151 1801 247 box 28/5
145 397 1605 479 mmer dieses die Ehe sozusagen gedankenlos, denn im Grunde liebt er Genia, seine
145 442 367 501 en in Won¬
375 455 1601 546 tugendhafte Frau. Frau Genia sieht dem Spiel mit duldender Ver¬
142 484 365 544 ferlose Meer
377 493 1597 596 zweiflung zu, aber da ihr Hoffen auf Treue vergebens, wird auch aus
148 530 381 602 sucht, dieses
375 538 1609 614 ihr eine ungetreue Frau. Sie händelt mit einem Marineleutnant
149 568 370 636 die Moral,
369 588 1595 673 an, nicht aus unstillbarem Trieb, auch nur aus Spiel, Langeweile,
372 625 1591 721 Fatum. Und der ungetreue Gatte, obwohl eben erst frisch aus den
145 651 354 723 großen Lei¬
375 668 1597 747 Armen einer wurmstichigen Halbjungfrau kommend und noch heiß von
137 712 351 765 der Haupt¬
378 709 1597 790 ihren Küssen, knallt den ertabbten jungen Eindringling in seine von
142 752 366 813 le mit dem
371 754 1589 848 ihm selbst am meisten besutelte Ehe im Ehrenduell nieder. Frau
141 795 362 853 inge. Aber
370 795 1593 891 Genia sagt sich mit Schauder von dem Mörder los— Menschenleben
128 834 350 905 rden — das
363 833 1584 932 und Glück vernichtet durch nichts. Denn alles war ja nichts, war
128 878 352 947 ema Schnitz¬
363 882 1594 980 Liebelei, Spielerei. Das Echte war nur die verborgene Liebe Fra¬
131 927 357 984 benker“, der
356 926 1578 1004 Genias zu ihrem Mann, war dessen heimliches Hängen an ihr, die
131 964 345 1026 ische Seele.
359 971 1583 1053 er dennoch leichtsinnig betrog. Und in die Zerrüttung hinein klingt
131 1009 351 1072 id des Ero¬
358 1018 1567 1106 am Schluß der Ruf ihres unschuldigen Kindes: „Papa, Mama“
150 1056 346 1115 Herkömm¬
358 1048 886 1125 Grausames Land der Seele!
129 1090 352 1156 uchen. Das
423 1115 1572 1191 Doch nein, gewinnen wir unser klares Denken wieder! Schnitz¬
124 1142 343 1203 ußerbürger¬
348 1146 1577 1246 ler hat uns mittels seiner Dichtkraft, seines Geistes, seiner reizvollen
126 1186 341 1238 griffe wer¬
351 1200 1565 1288 Kunst zu sich und seinen Menschen hinübergezogen — aber wie?
139 1226 343 1284 ch sündhaft,
346 1236 1564 1322 Wissen diese Menschen, die da lächelnd sich in das Verderben tänzeln
137 1272 333 1332 it diesem
352 1290 1569 1376 und liebeln, nichts von Charakterstärke, von Pflicht, von Zucht des
150 1316 335 1374 Indessen,
340 1328 1568 1410 Willens? Icht eiß, es wirkt wie ein kalter Wasserstrahl, das Spie¬
145 1360 327 1419 ht auch die
350 1365 1567 1465 ßerwort Pflicht in der Welt dieser Auskoster der Lebensfreuden.
144 1401 321 1472 ein müder
337 1407 1569 1507 Die „neuen Gefühle“ mißt man nicht mit der Tugendelle und was
329 1456 1560 1551 hat die Moral mit dem kategorischen Imperativ des Herzens zu tun?
139 1482 329 1555 evom Fa¬
330 1503 1174 1574 Schnitzler sagt: Fatalismus, Determinismus ..
1244 1531 1561 1596 Doch sollte dem
134 1532 326 1597 usgedehnt¬
330 1548 1556 1644 gegenüber nicht das Wort Ethos stehen dürfen? Aber das ist ja eben
135 1582 326 1641 i verwege¬
340 1589 1552 1679 das Fragezeichen der Schnitzlerschen Stücke. Und alle die Menschen
144 1621 314 1681 den Mut
328 1628 1553 1709 im Irrgarten der Liebe sind Wiener — wissen Sie, was das heißt?
123 1671 317 1725 n zu Her¬
329 1674 1556 1776 Wiener Luft, Wienerwald, Wiener Walzer, Wiener Mädel, wissen
128 1710 322 1768 rgeworfen,
333 1714 1558 1819 Sie, was das heißt? Man muß wirklich schon ein Held sein, wenn
132 1757 319 1809 nter Aus¬
324 1751 1152 1827 man da nicht eine Anatolseele bekommt ...
128 1792 325 1862 ind keiner
390 1810 1549 1896 Unsere Aufführung war gut, aber eben dieses Weanerische war
310 1850 1551 1957 nicht da! Das Weiche, die Melancholie, das Musikalische in der
120 1861 322 1949 n Anatol¬
316 1905 1541 1987 Prosa, möchte ich sagen, hörte ich nicht klingen. Herr Basil hatte
118 1933 316 1995 ben, blei¬
324 1941 1550 2041 dem Stück zwar ein gefälliges Antlitz gegeben (hübsch modern einge¬
130 1978 310 2046 sinns, sie
312 1986 1546 2093 rahmt von den Herren Klein und Fischer), indessen es wurde
310 2038 1553 2126 doch wieder die Tragödie mehr betont, als die Komödie. Frau Ha¬
128 2071 1541 2169 indelt, insgen wirkte bildhaft und rührend wie eine Elegie der Untreue, doch
142 2108 1538 2208 : brüchelt im letzten Akte verlor auch sie sich zu sehr im tragischen Gestus, der
340 2857 754 2933 Ausschnitt aus:
600 2901 1520 3001 Münshener Kunst- und Theater Ar
349 2949 717 3037 vom: 1S0hI. L
966 2971 1266 3073 München
347 3065 729 3141 zu Brepden ns
458 3111 1348 3218 Arthur Schnitzlers Tragikomödie „Das
353 3145 1336 3281 weite Land“ der am Samstag bei der Urauffüh¬
351 3210 1338 3324 rung am hiesigen Kgl. Residenztheater so beifällige
334 3248 1338 3378 Aufnahme beschieden war, hatte am gleichen Abend
343 3309 1335 3436 auch in Wien, Hamburg, Hannover, Prag, Leipzig
339 3340 629 3424 vollen Erfolg.
479 3407 1333 3541 en Gishe. Opereile von Zinling
1885 1269 2263 1362 Assschnltt aus:
2264 1305 3075 1400 Allgemeine Rundschau, München
2083 1372 2502 1467 21. OK7. 911
1890 1415 2053 1471 vom:
1886 1559 2841 1672 Bühnen= und Musikrundschau.
1831 1666 3000 1744 Münchener Hoftheater. Die Theater halten den Samstag
1716 1700 3006 1766 für den günstigsten Premierentag der Woche, und so sind trotz
1728 1746 3001 1823 aller Bitten der Kritik Kollisionen häufig. Diesmal hatten sogar
1720 1784 2994 1857 die beiden Hofbühnen Erstaufführungen zu gleicher Stunde an¬
1725 1821 3006 1886 gesetzt. Im großen Hause wurde Beer=Walbrunns musikalische Tragi¬
1716 1863 2995 1941 komödie „Don Quijote“ in einer einschneidenden Neuformung mit
1715 1901 3003 1992 freundlichem Beifall gegeben und im K. Residenztheater ging
1850 1965 2051 2012 Telte 704.
2848 1968 3043 2026 Allgeme
1793 2079 3049 2139 (gleichzeitig mit Wien und sechs anderen Städten) die Urau
1801 2116 3049 2179 führung von Artur Schnitzlers Tragikomödie „Dasweit
1800 2156 3056 2205 Land“ in Szene. Es wird auf „Don Quijote“ in einem späterer
1794 2192 3070 2245 Berichte zurückzukommen sein. Die Urpremiere des Schnitzlerschen
1802 2233 3070 2284 Stückes fand eine sehr beifällige, wenn auch keine allzu warme
1796 2275 3073 2336 Aufnahme. Das spannend geschriebene Werk spielt im Sumpfe
1802 2309 3061 2371 der sog. guten Gesellschaft. Gewiß kann der Dichter sich auch
1792 2353 3073 2422 moralischen Zersetzungserscheinungen zuwenden, aber der Zuschauer
1802 2394 3073 2451 muß immer die Empfindung haben, daß der Autor sie auch als
1794 2427 3077 2483 solche empfindet. Bei Schnitzler überwiegen jedoch das Interesse
1800 2468 3072 2522 an psychologischen Finessen, ein weiches „tout comprendre“ ein
1799 2504 3070 2565 müder Fatalismus. So kann durch einen bedeutenden Menschen¬
1795 2547 3090 2624 schilderer, der Schnitzler sicherlich ist, vielleicht ein Zeitdokument
1786 2586 3054 2649 aber kein positiver Kulturwert geschaffen werden. Sympathie er¬
1797 2628 3060 2693 weckt fast nur die unverstandene, vernachlässigte Frau des lieder¬
1792 2667 3059 2732 lichen Fabrikanten, und gerade sie fällt schließlich einem Fähnrich
1784 2719 3070 2762 zum Opfer. Der treulose Gatte rächt im Duell den Ehebruch der
1791 2753 3068 2805 Gattin. Wie der Fabrikant der ahnungslosen Mutter des Mannes,
1793 2785 3058 2839 den er im Duell erschossen, gegenübersteht, das ist eine Szene
1786 2821 3065 2886 von verhaltener, bebender Tragik, und auch sonst findet man manch
1787 2869 3072 2927 dichterisch fein gesehenen Zug; um so peinlicher wirken aber Ge¬
1797 2902 3071 2967 schöpfe, wie des Fabrikanten Geliebte, dieses Mädchen aus gutem
1784 2950 3074 2984 Hause, das ohne die geringste Gewissensregung sich seinen Empfin¬
1784 2983 3070 3043 dungen überläßt. Die Aufführung wies eine Reihe bedeutender
1786 3019 3064 3090 Leistungen auf, die die Intentionen des Dichters wohl restlos er¬
1794 3058 3077 3138 füllten. Im Wiener Burgtheater wurde Schnitzler stürmisch ge¬
1779 3097 1942 3164 feiert.
1901 3149 3061 3226 Schaulplelbaus. „Die Hydra“, ein Lustspiel von Karl
