3392 4448
1335 199 1779 299 hox 28/2
467 215 572 292 a
208 219 1180 325 24. Dos veite Land
1626 1124 3321 1222 zu begehen, eine ungewöhnlich große ist. Die Senale hurlniul —. —. #..
2992 1185 3338 1252 Mit Recht hals
1638 1192 2897 1252 nicht festgestellt, ob dieses oder jenes Individuum, welches
1635 1225 3319 1296 gerade abgeurteilt werden soll, ein Verleitender oder ein Ver= man ihnen zumutete,
1637 1292 3318 1346 leiteter war. Gerade die Verleiter hat man nie gefunden bekommen und sie se
1640 1337 3316 1410 und alle jene Personen, welche vor Gericht gestanden sind, hängigkeit ist ein eig
1624 1376 3272 1442 waren mitgerissen und darum mitgehangen. Wie mildernd minister geben,
2888 1416 3329 1503 eine bestimmte Ri
1637 1437 2906 1505 aber muß dies bei Beurteilung der Strafwürdigkeit in Be¬
1619 1468 3307 1542 tracht gezogen werden, daß Jugendliche nahezu unwillkürlich aber auch nötig?
634 1473 1257 1602 Nedes Wiener Journal
2859 1510 3306 1595 Regierung nicht?
1617 1534 2356 1591 zu den Taten hingerissen wurden.
2411 1593 3313 1675 beglichn Ansmren, helen s6, mähnch
1625 1584 2414 1695 Mnsien, Rieberstadterime
2885 1651 3322 1748 werden könne, Lügen
1639 1656 2905 1722 die sich die Geldmenschheit hält, aus keinem anderen
748 1657 1075 1760 15. 10. 111
2991 1712 3341 1781 Ich habe Schni
1631 1713 2912 1786 Bedürfnis als aus Prahlerei. Freilich hat Schnitzler
2891 1751 3349 1832 noch niemals mehr be#
1646 1767 2890 1829 auch Stücke geschrieben, die nicht in diesem Kreis liegen: den
740 1755 1334 1857 „Das weite Land.“
2892 1812 3333 1879 es gelingt, mir drei #
1648 1816 2896 1880 „Grünen Kakadu“, den „Schleier der Beatrice“ den „Einsamen Weg“
392 1815 1651 1917 (Tragikomödie in fünf Akten von Artur Schnitzler. Zum erstenmal auf¬
2884 1850 3347 1930 lassendes Interesse für
1649 1842 2900 1921 mir sein liebstes Werk, und den „Jungen Medardus“. Aber (wie
591 1881 1468 1950 geführt im Burgtheater am 14. Oktober 1911.)
2886 1909 3326 1973 ist, mit dem ich mich
1648 1911 2892 1988 das wohl auch anderen Autoren passiert) diese seine Hauptwerke
980 1935 1108 2001 Von
2875 1952 3345 2018 würde. Im Leben ber
1643 1949 2818 2028 gehen doch bisher mehr nur so neben seiner Produktion her.
810 1964 1258 2069 Hermann Bahr.
2887 2008 3335 2073 findung: ein Kind, da
1755 2011 2882 2083 Schnitzler ist seiner ganzen Art nach ein Seelenkenner,
2894 2047 3323 2120 friert, ein Hund, der
509 2036 2885 2112 Als Kinder hatten wir ein Buch sehr lieb, worin sich die Seelenforscher und Seelendeuter. Merkwürdig nun, welches
385 2090 3296 2159 ganze Welt mit ihren Sehenswürdigkeiten aufgemalt und ab= Material er sich dazu nimmt. Merkwürdig, daß er seine große Wesen aber kann
393 2145 3321 2232 gespiegelt fand. Es hieß der Orbis pictus und war irgendein Begabung für Seelen mit Vorliebe jenen Geldmenschen (es gibt wodurch ich mich mit
404 2193 3314 2261 entfernter Abkömmling des berühmten alten Bilderbuchs gleichen auch Geldmenschen ohne jedes Geld) zuwendet, Menschen also, sie beziehen sollte.
398 2243 3311 2320 Nameas, das einst der brave Comenius zu Nutz und Frommen die keine Seele haben, sondern das was bei den anderen Wesen Empfindungen
396 2293 3339 2371 neugierig lernbereiter Jugend ersann, als omnum funda- Seele genannt wird, durch einen Komplex von Nervositäten ich gar nicht, was ich
397 2335 3344 2404 mentalium in mundo rerum et in vita actionum pictura ersetzen. Seele nennt man an den anderen irgendein den kann ich seinen Hungen
1646 2371 3341 2455 gesamten Menschen durchdringendes, diesen einen Menschen be¬ Diskussionen über seine
396 2397 1666 2448 etenomenclatura, aller vornehmsten Weltdinge und Lebenstaten
404 2438 3343 2498 Bezeichnung und Benennung. Darin ließ sich gut blättern: man stimmendes, ihn konstituierendes Grundverlangen, das, wenn man mich ratlos; der Men
408 2484 3340 2554 saß, während sich draußen der Winter um die Scheiben immer ihm alles nimmt, Leidenschaften, Begierden, Triebe, ja (wenn nicht haben, kann ich
1640 2531 3336 2600 dies denkbar wäre) sein Schicksal selbst, dies alles von ihm ab= dennoch dazu, durch
403 2523 1651 2594 weißer stöbernd zusammenzog, hehaglich am knasternden Ofen und
1649 2581 3322 2645 zieht und ihn völlig in Ruhe setzt, doch immer noch übrig bleibt, Darstellung macht; ich
399 2582 1655 2636 reiste dabei durch die Welt. Aehnlich ergeht es mir jetzt, wenn
1639 2628 3345 2686 ganz allein sein Glück oder Unglück macht und gleichsam das wicklungen der mathem
406 2626 1654 2691 Schnitzler wieder ein neues Stück hat und ich es lesen darf,
1655 2675 3339 2736 Spalier ist, woran sich dieser ganze Mensch mit seinem Leben ich auch nur so viel v
398 2654 1665 2749 schön bei mir daheim: ich fahre dann durch die pittoreske Gegeno
398 2721 3341 2798 der eleganten Wiener Welt, wohlgemut, daß ich selbst nicht emporrankt. Das haben die Geldmenschen nicht, sie müssen sich bewältigt werden müsse
1632 2769 3106 2845 derlei von außen holen. Sie haben keine Innerlichkeit, auch befriedigt.
395 2769 748 2860 dabei sein muß.
2988 2794 3341 2877 Unter den Mensch
1651 2802 2902 2893 im gemeinsten Sinn dieses Worts nicht; es ist innen
517 2810 1659 2880 Wenn man Schnitzlers Stücke, Novellen und Romane seit
2881 2838 3350 2928 druck habe, daß sie säm
1652 2865 2878 2924 überhaupt nichts da, nicht einmal schlafend; und wenn
392 2856 1651 2947 zwanzig Jahren zusammenlegt, ist's wirklich wie ein Orbis pictus
2870 2906 3336 2970 eben darum stets auf de
1644 2900 2885 2975 sie handeln, so geschieht's entweder bloß aus unmittelbarer Re¬
412 2920 1652 2978 elegantiarum Viennensium, ein Bilderbuch der eleganten
2875 2959 3348 3021 Herr Friedrich Hofreiter
405 2960 2886 3022 Wiener Welt. Oder doch des Teiles der eleganten Wiener Welt, aktion auf einen sinnlichen Eindruck, oder es geschieht aus Angst
2882 2997 3348 3065 mit Unternehmungen bis
1643 2995 2887 3075 vor der eigenen Leere. Was man ihre Nervosität nennt, sind
413 3015 1657 3072 der sich öffentlich bemerkbar macht. Oder, um ganz genau zu
2879 3047 3348 3124 unternehmend, mehr aus
413 3058 2879 3117 sein, der Geldmenschheit, die, seit der Adel bis auf ein paar Explosionen ihrer inneren Leere sozusagen, die der Verstand an¬
1643 3107 3338 3165 zündet, um solche Menschen wieder für eine Zeit über ihren Zu= oder weils nun einmal
413 3104 1653 3165 Exemplare aus der Wiener Gesellschaft verschwunden ist, es
1650 3163 3313 3217 stand zu täuschen. Dies hat kein Autor tiefer erkannt als gar aus Leidenschaft.
411 3138 1648 3228 übernommen hat, nun die vornehme Welt bi uns vorzustellen.
1644 3194 3347 3270 Schnitzler, und es reizt ihn nun offenbar, zu versuchen, ob aus und er nimmt an, daß
416 3200 1661 3269 Oder, in Ziffern also, des Wiener Lebens von der fünfzigsten
414 3249 3309 3318 Einkommensteuerstufe aufwärts, aber natürlich samt Zubehör, mit solchen Explosionen von Nichts nicht durch seine ganz außer= wie im Tennis,
411 3281 3354 3383 dem ganzen Troß ihrer geistigen Dienerschaft, als Gelehrten, ordentliche Kunstfertigkeit doch etwas wie dramatische Wirkung zu soph exzelliert, rede
