3296 4320
1268 131 1718 217 box 29/1
581 144 647 205 W
166 139 1130 244 24. Das eiteland
436 851 1716 919 Jabaht, Wie er gtandte „ Collel.  v8t0
1754 840 3002 914 Wanprface  de Lustschisse heraufocfördert werden konnen.
1743 902 3016 956 Und da gibt es viele Möglichkeiten. Wenn die Flüsse zu reißend
433 895 1720 958 in den deutsch=französischen Friedensvertrag die Meistbegünsti¬
1749 944 3016 995 sind, daß die Dampfschiffe nicht heraufkommen können, dann
439 939 1722 1006 gungsklausel hineinzunehmen. Und an der Meistbegün¬
1748 978 3015 1035 geht's mit der Kette, und das möchte ich besonders den Ungarn
433 985 1719 1043 stigungsklausel scheitern heute alle unsere
1741 1022 3008 1073 empfehlen, wenn sie sagen, am Eisernen Tore sei der Strom zu
430 1030 1707 1091 Bestrebungen. Denn sobald wir anderen Staaten etwas
1738 1071 3012 1110 reißend; mit der Kette werden sie ihn überwinden. Nun kommt
436 1084 1716 1139 zukommen lassen wollen, steht die Meistbegünstigungsklausel vor
1739 1102 3018 1144 die obere Donau, und da muß ich Ihnen mein Kompliment
432 1123 1721 1190 uns. Diese ist einfach icht zu beseitigen; allenfalls durch Kata¬
1746 1138 3019 1193 machen für die großzügige Auffassung, die Sie heute geäußert
427 1174 1720 1238 strophen, die wir gewiß nicht wünschen. Was bleibt also übrig,
1749 1176 3020 1237 haben. Wenn da gesagt worden ist, es sei den Regensburgern
437 1212 1711 1264 als sich darein zu finden? Da wurde mit Recht auf die
1747 1218 3018 1272 ja recht, wenn man nicht weiter heraufkommt, so habe ich ge¬
436 1253 1720 1315 Schiffahrt auf den uns mit den Nachbarstaaten verbinden¬
1741 1263 3015 1320 hört, daß die Regensburger bereit sind, sogar eigene Schlepper
435 1305 3020 1380 den Flüssen hingewiesen und zwar speziell auf die Donau. Die zu stellen, damit man durch die Brücke hindurchkommt. Mehr
1743 1381 3013 1429 wie dort entscheidet der Erfolg, ob das Richtige getroffen wurde.
429 1382 1718 1437 Wenn sie ein paar Wochen nicht bei einander sind, wird das un¬
1734 1416 3016 1464 Im weiten Land hat Schnitzler den Erfolg nicht für sich. Die
422 1416 1715 1471 bequeme Gefühl sich verflüchtigen. Er geht auch ins Gebirge
1743 1449 3016 1503 stärkste Wirkung tut die nach der alten Weise gebrachte Szene, in
423 1454 1719 1512 und benutzt die Zeit das Mädchen zu verführen, das sein bester
1737 1498 3010 1549 der Hofreiter den Fähnrich brüskiert und die Forderung er¬
432 1488 1712 1572 Freund der Dr. Mauer, heiraten möchte. Schwer macht ihm
1742 1533 3015 1589 zwingt. Die ewigen handlungsarmen Gespräche aber ermüden
436 1541 1722 1600 Erna Wahl die Sache nicht: sie wirft sich ihm an den Hals in
1732 1573 3015 1618 und verwirren das Publikum. Das würde noch deutlicher
429 1580 1715 1632 einer Art, für die die einzig mögliche Erklärung sexuelle
1737 1617 3010 1675 zur Geltung kommen, wenn Schnitzler das Werk ganz
426 1609 1709 1687 Neurose heißt. Aber auch Genia ist von dem Milieu,
1740 1646 3017 1707 tragisch gestaltet hätte. So, wie das Stück jetzt gebaut ist,
432 1649 1712 1718 in dem sie lebte, schließlich angesteckt worden. Die bru¬
1741 1693 3015 1757 nimmt das Publikum die ernsten Szenen um der komischen
432 1700 1712 1766 tale Art, in der ihr Mann ihr den Grund seiner Reise mitteilte,
1737 1738 3017 1790 willen mit in den Kauf, in denen weltmännischer Witz und
432 1726 1709 1794 hat ihre Seele aus den Angeln gehoben. Genia hat sich ent¬
1737 1773 3017 1828 Zynismus ihr ungeniertes Wesen treiben. An ihnen findet man
432 1783 1718 1843 schlossen, Gleiches mit Gleichem zu vergelten. Sie hat sich zum
1752 1810 3003 1871 sein Vergnügen und übersieht dabei, daß die ganzen ersten
430 1818 1719 1879 Geliebten einen jungen Schiffs=Fähnrich genommen, den Sohn
1744 1845 3015 1908 beiden Akte zu einer Exposition gebraucht werden die noch dazu
432 1871 1715 1929 einer älteren Freundin, der ihr bislang ebenso gleichgültig war,
1739 1884 3015 1951 wesentliches im Unklaren läßt, daß der dritte Akt großenteils
433 1900 1716 1970 wie sie ihm. Als Hofrichter von der Reise zurückkommt, entdeckt
1741 1945 3012 1996 aus Szenen besteht, die mit der Sache gar nichts zu tun haben,
432 1941 1715 2005 er das Verhältnis. Er merkt auch, daß die Leute davon wissen.
1737 1983 3008 2031 und daß das eigentliche Drama erst mit dem vierten Akt ein¬
434 1985 1714 2045 So brüskiert er den jungen Menschen und es kommt zum Duell.
1747 2024 1868 2075 setzt.
1855 2015 3017 2062 Wenn man bedenkt, wie zielbewußt Ibsen in seinen
428 2029 1705 2080 Hofrichter erschießt seinen Gegner. Genia sagt sich von ihm los.
1744 2059 3007 2123 Dramen klaren Kurs steuert, so will uns Schnitzlers Dramatik
434 2064 1714 2121 Er stellt sich dem Gericht und will nach verbüßter Strafe ins
1750 2098 2745 2154 in ihrem Zickzack=Kurs doppelt unsicher erscheinen.
429 2114 778 2186 Ausland gehen.
1812 2129 3015 2197 Aber vielleicht ist auch das Absicht. Schnitzlers Menschen
512 2125 1715 2198 Das ist die Haupthandlung des Stückes, um die ein üppiges
1739 2178 3009 2227 gehen keine bestimmten Wege, sie werden durcheinander getrie¬
426 2185 1706 2231 Rankenwerk von Nebenhandlungen sich zieht, so üppig, daß es
1743 2217 3010 2275 ben, wie ein Häufchen Federn, das von jedem Luftzug sinnlos
441 2223 1711 2287 dem Zuschauer selbst gestern erschwerte, der Haupthandlung zu
1738 2259 3008 2316 durcheinander gewirbelt wird. Vielleicht entspricht das der
431 2254 1721 2318 folgen, wo doch die Schere des Regisseurs die Ranken gründlich
1742 2296 3016 2347 Welt=Anschauung Schnitzlers. Vielleicht sieht er im Tun der
431 2311 1717 2369 verschnitten, zum Teil ganz herausgeschnitten hatte. Dieses
1743 2337 3019 2398 Menschen nur den Ausfluß sinnloser Triebe, im Leben nur ein
430 2350 1719 2415 Ueberwuchern des Beiwerks ist undramatisch, ist episch. Und
1737 2375 3020 2444 zweckloses Spiel des Zufalls. Dann hätte er durch sein Stück
435 2385 1715 2445 episch ist die ganze Art, wie Schnitzler seine Tragikomödie auf¬
1745 2423 3012 2483 bewiesen, daß sich auf dieser Weltanschauung kein Drama auf¬
439 2415 1713 2493 gebaut hat. So sehr episch, daß man das Gefühl hat: hier sind
1738 2467 3018 2521 bauen läßt. Natürlich kann niemand einen Dichter zwingen,
441 2478 1714 2523 aus einem ursprünglich als Roman gedachten Werke fünf Kapitel
1739 2503 3009 2557 an eine Vorsehung und ewige Weisheit zu glauben, die ihre
439 2511 1703 2568 dialogisiert und so als Drama auf die Bühne gebracht worden.
1743 2541 3017 2601 Geschöpfe lenkt und ihnen ins Innerste sieht, durch alle Hüllen
439 2532 1718 2601 Das Wunderliche dabei aber ist, daß in diesem Drama die Hand¬
1740 2585 3011 2633 und Verkleidungen hindurch sieht, was die Seelen dieser Ge¬
438 2579 1706 2646 lung zumeist hinter der Szene geschieht und auf der Szene nur
1738 2614 3002 2683 schöpfe denken und empfinden. Aber wenn der Dichter nicht
433 2624 1713 2679 nachträglich kommentiert wird. Hinter der Szene spielt sich ab
1754 2661 3015 2718 selbst sich als Weltschöpfer fühlt, wenn er nicht, erhaben über
435 2671 1711 2729 das Werben Korsokows um Genia und sein Selbstmord. Hinter
1731 2696 3011 2754 den Zufall, seine Geschöpfe lenkt und ihre Gedanken und Ge¬
433 2697 1723 2760 der Szene wirht und gewinnt Hofreiter Erna. Hinter der Szene
1749 2736 3010 2800 fühle bloßlegt, dann kann er uns so wenig fesseln, wie ein
432 2752 1706 2804 lockt Genia den Fähnrich an sich und gibt sich ihm hin. Hinter
1745 2783 3009 2841 Würfelspieler, der ohne Partner für sich allein die Würfel immer
441 2790 1715 2848 der Szene findet das Duell statt. Ja selbst die Begegnung der
1739 2814 3006 2888 wieder aus dem Becher rollen läßt. Möglich, daß eine andre
428 2825 1711 2891 Mutter des Erschossenen mit Hofrichter, die stark dramatisch wir¬
1737 2862 3005 2919 Zeit anders empfindet: wir verlangen heute vom Drama noch,
442 2866 1712 2926 ken könnte, läuft auf der Bühne stumpf und wirkungslos aus.
1731 2899 3005 2973 daß es sinnvoll sei. Fünf Akte voll Zufälligkeiten lassen uns
446 2907 1710 2964 Erst nach ihrem letzten Abgang erfährt die unglückliche Frau
1737 2948 2727 3011 zum mindesten kalt, wenn sie uns nicht ermüden.
443 2950 1708 3010 hinter der Szene, daß ihr Sohn tot ist und wer ihn erschossen
1814 2976 3002 3045 Dr. Hagemann hatte das Stück vortrefflich inszeniert.
440 3001 568 3063 hat.
1736 3023 3009 3084 Die Dekorationen waren sehr hübsch. Nur die drahtgesteifte
517 3018 1705 3082 Natürlich ist das bei Schnitzler nicht Hilflosigkeit, sondern
1732 3071 3012 3126 Fahne im Hofreiterschen Garten wirkte recht theatermäßig in
437 3080 1717 3131 Absicht, nicht Unkenntnis der bestehenden Dramaturgie, sondern
2277 3113 3002 3160 Der Dialog war auf den intimen
1741 3108 2271 3171 dem lebensfrischen Bild.
431 3101 1721 3178 Versuch, eine neue Dramaturgie zu schaffen, eine Dramaturgie,
1733 3154 2997 3199 Charakter des Stückes diskret abgestimmt, teilweise sogar zu
440 3138 1714 3201 in der das Milien Hauptsache und die einzelne Handlung Neben¬
1738 3191 3002 3245 diskret, so daß man ihn im Hause nicht verstehen konnte. Bei
438 3198 1715 3253 sache ist, in der das Tun der Menschen nicht gezeigt sondern
1731 3223 3008 3284 den unglücklichen akustischen Verhältnissen des Schauspiel¬
433 3237 1716 3294 durch ihre Reden dem Hörer nahe gebracht werden soll. Solche
1727 3276 3007 3331 hauses muß der Ton durchweg lauter genommen werden,
436 3276 1719 3335 Versuche darf man dem Dichter von vornherein ebenso wenig
442 3303 3024 3377 verwehren, wie dem Chemiker seine Exverimente. Aber hier als in Theatern, wo man gut hört. Die schönste Inszenierung
3030 852 3155 916 Ich
3030 904 3124 943 19,
3034 936 3097 988 Gr
3022 1381 3088 1432 ha
3024 1426 3086 1464 ni
3024 1462 3088 1513 D
3023 1504 3115 1555 gier
3024 1543 3124 1594 wäl
3143 1546 3213 1629 end
3035 1584 3132 1636 ange
3032 1614 3221 1681 richter di
3033 1661 3221 1715 standen,
3024 1698 3200 1755 wirkte
3030 1734 3243 1807 willig kon
3100 1777 3250 1835 Unter
3033 1802 3253 1882 Elsing
3033 1853 3251 1919 besonderen
3025 1894 3246 1962 schwere A
3027 1935 3248 1996 von diese
3038 1976 3249 2040 Genia wa
3024 2022 3157 2083 echten
3025 2218 3112 2279 Frc
3022 2266 3102 2315 die
3031 2312 3111 2359 den
3029 2350 3111 2399 bra
3022 2388 3089 2449 ju
3019 2547 3084 2597 A
3028 2678 3099 2727 ges
3029 2723 3082 2760 u1
3020 2792 3098 2845 in
3012 2830 3130 2889 Herr
3031 2872 3144 2924 einig
3032 2908 3225 2969 Eindruck.
3030 2952 3235 3008 lustige Chi
3019 2994 3256 3053 originellen
3022 3034 3246 3095 Brahm
3099 3064 3253 3133 Das
3121 3108 3256 3172 Der
3017 3149 3261 3215 tragen hab
3030 3188 3255 3255 lich werden
3028 3234 3250 3312 matischer
