3344 4320
685 156 741 205 W
275 136 1220 242 24 basLand
1392 145 1829 238 box 29/5
817 867 1455 960 Dr. Max Goldschmidt
826 930 1456 1003 Büro für Zeitungsausschnitte
1197 966 1633 1035 Teleion: Norden 3051
646 1002 931 1060 BERLIN N 4
972 1056 1322 1128 Husschnitt aus:
852 1104 1468 1189 Berliner Morgenpost
1244 1214 1604 1312 2 Dez 1924
1533 1351 1608 1393 —
943 1403 1614 1532 Neueröffnung des
1155 1551 1820 1640 Lessing=Themers.
941 1639 1811 1711 Schnitzlers Schauspiel „Das weite Land“.
984 1707 1803 1781 Das Lessing=Theater, einst geheiligt durch
930 1755 1803 1822 Otto Brahms bedeutende Wirksamkeit, dann
928 1812 1814 1870 zehn Jahre lang weitergeführt durch den Ge¬
932 1844 1814 1898 schmack und das Geschick Barnowskys, der heute
931 1898 1817 1954 in Berlin spazieren geht, schließlich der Revue
941 1935 1809 2006 ausgeliefect, ist jetzt von der Direktion Rotter
937 1975 1802 2047 übernommen worden. Das ist auch nur ein
938 2022 1798 2093 Zwischenspiel; denn übers Jahr wird hier, als
932 2068 1805 2139 Pächter der neuen Besitzer, Herr Hellmer aus
926 2108 1326 2160 Frankfurt einziehen.
979 2158 1794 2226 Man begann mit Schnitzlers Schauspiel
928 2187 1804 2255 „Das weite Land“, das einst, vor dreizehn
936 2233 1806 2298 Jahren, an eben dieser Stelle zuerst erschien,
924 2275 1803 2337 und das die Rotter=Bühnen schon längst wieder
927 2320 1803 2375 aufgenommen hatten. Also eigentlich keine neue
921 2355 1804 2418 Aufführung; man hat sich nicht besonders ange¬
918 2381 1797 2456 strengt. Durch einen Punkt aber, und das gab
924 2432 1804 2493 dem Abend den Stempel, wurde die Verbindung
928 2475 1788 2530 mit jener Premiere von 1911 hergestellt: wie
929 2509 1781 2572 damals, spielt auch heute Irene Triesch die
918 2550 1800 2613 Frauenrolle, um die das Stück kreist, die Gattin
916 2582 1801 2651 des Wiener Fabrikanten, Weltgenießers und
917 2622 1760 2687 Frauenverführers Friedrich Hofreiter. Sie i
917 2664 1796 2725 seitdem nicht jünger geworden, und es fehlt ihr
902 2698 1798 2763 anfänglich ein Etwas an Wahrscheinlichkeit für
904 2747 1790 2802 Frau Genia, die Vernachlässigte, die aus der
915 2787 1788 2846 Vornehmheit ihres Wesens nicht den Weg ge¬
920 2817 1781 2884 funden hat, dem ewig untreuen Gemahl Gleiches
916 2871 1778 2923 mit Gleichem zu vergelten, und die, als sie sich
922 2900 1787 2961 schließlich doch einem lieben Jungen hingibt, es
920 2943 1788 3004 im Grunde eigentlich nur tut, um mit letztem
913 2979 1790 3034 kühnem Versuch den Gatten zurückzugewinnen.
911 3017 1785 3076 Denn Friedrich Hofreiters verwickelte Seelen¬
915 3062 1785 3128 maschinerie — diese Männer=Unberechenbarkeit
915 3098 1779 3158 ist das, was an einer Stelle, nicht ohne Banali¬
911 3132 1779 3198 tät, das „weite Land“ genannt wird — brachte
911 3183 1774 3234 es zuwege, daß eben Genias stolze Tugend ihn
908 3216 1773 3277 abstieß. Nun freilich, da sie Stolz und Tugend
912 3262 1774 3319 einmal aufgegeben, paßt es dem komplizierten
910 3295 1779 3353 Herrn wieder nicht, und im Duell knallt er den
906 3329 1775 3400 sympathischen Fähnrich nieder, mit dem Genia
910 3369 1196 3426 ihn hinterging.
949 3410 1769 3476 Aus Spiel und Tändelei ist Ernst geworden.
904 3450 1769 3520 Eine verfaulte Gesellschaft, die nur an der
902 3482 1767 3542 Oberfläche hinhüpft, von der erotischen Sensa¬
904 3534 1775 3597 tion lebt in tadellosen Formen heuchelt und
896 3575 1773 3625 lügt und betrügt, bricht zusammen. Auch das
892 3606 1765 3652 durch eine Laune, durch ein leichtfertiges Han¬
894 3658 1777 3710 tieren mit gesellschaftlichen Konventionen. Nicht
1840 1406 2734 1461 Eifersucht treibt Hofreiter zum Duell, nicht ein¬
1845 1441 2733 1488 mal verletzte Eitelkeit, sondern er schießt, weil es
1852 1474 2726 1543 halt so Sitte ist. Wie Irene Triesch durch diese
1850 1521 2729 1565 Handlung schreitet oder gleitet, ist freilich heute
1854 1561 2725 1617 wie ehedem ein Dokument höchster schauspieleri¬
1849 1590 2727 1656 scher Kunst. Man vergißt nach wenigen Augen¬
1843 1632 2726 1697 blicken den Widerspruch der Erscheinung, denn
1847 1672 1974 1720 man
2029 1680 2718 1735 im Tiefsten ergriffen durch diese
1844 1717 2726 1776 wundervolle Beseelung der Gestalt, durch diese
1842 1750 2728 1820 Meisterschaft verhaltener Empfindung, durch die
1848 1791 2717 1840 stumme Sprache dieser großen dunklen Augen,
1836 1832 2721 1908 durch den Strom der Wärme, der zu uns her¬
1829 1866 2041 1917 überflutet.
1886 1911 2721 1973 Gewiß, wir spüren den Gegensatz zwischen
1836 1942 2724 2003 der weichen, müden, überkultivierten Wiener
1832 1984 2713 2052 Welt aus den Jahren vor dem Kriege, die
1828 2039 2725 2089 Schnitzler spiegelt, und unserer härteren Zeit.
1832 2072 2711 2129 Aber wir sind doch bezaubert von der feinfühli¬
1828 2109 2718 2164 gen Menschenkenntnis, die sich hier offenbart,
1834 2147 2717 2213 von dieser zarten Kunst weltmännisch=weiser
1834 2187 2713 2255 Plauderei. Arnold Korff verschiebt freilich
1825 2218 2715 2273 den Hofreiter gar zu sehr. Aus dem skrupel¬
1824 2264 2717 2321 losen Egoisten, der aber doch ein Charmeur, ein
1824 2301 2725 2344 liebenswürdiger, die Menschen beherrschender
1824 2339 2721 2396 Zeitgenosse ist, wird eine recht unsympathische
1835 2380 2720 2443 Bekanntschaft, ein gleichgültiger und frostiger
1824 2421 2711 2468 Herr, der noch dazu gelegentlich in ein über¬
1825 2464 2711 2519 raschendes Pathos verfällt. Neben der innigen
1819 2499 2713 2563 Gefühlswärme der Triesch wirkt diese Routine
1818 2527 2708 2599 doppelt kalt. Was nebenher geht, ist meist un¬
1826 2584 2706 2636 zulänglich. Am fühlbarsten wird das bei der
1830 2615 2705 2672 Darstellerin des jungen Mädels, die, willig ver¬
1829 2651 2710 2718 führt, dem Herrenmenschen aus dem Wiener
1824 2690 2715 2754 Villenvorort ins Garn geht. Man denkt an die
1815 2735 2711 2797 frische, trotzig begehrende, unverdorbene Sinn¬
1814 2767 2697 2820 lichkeit, mit der einst Hilde Herterich dieser
1816 2809 2708 2875 Figur Leben gab, und ermißt den Abstand. Der
1818 2853 2708 2912 alte Ferdinand Bonn und die alte Adele
1816 2891 2704 2951 Sandrock beschämen in Nebenrollen den Nach¬
1812 2939 2696 2991 wuchs. Auch Heinrich Schroth, der den
1812 2973 2703 3031 Zyniker des Stückes spielt, sticht noch hervor.
1816 2999 2702 3061 Ich meine, er könnte einmal den Hofreiter geben.
1857 3052 2694 3112 Die Regie bringt nicht viel Bewegung von
1814 3078 2691 3146 innen her. Warum hat man übrigens die
1811 3123 2663 3179 hübsche Szenerie des Aktes im Gebirgshotel —
1804 3162 2683 3219 der Semmering gab dabei das Modell ab — so
1810 3199 2710 3262 nüchtern verändert? Bei Brahm baute der
1811 3241 2693 3295 Spielleiter Lessing hier eine muntere und lustige
1812 3276 2684 3329 Hoteldiele auf, mit Portierloge links und Fahr¬
1814 3317 2686 3381 stuhl rechts; Brahm seufzte damals über die
1805 3353 2690 3423 Dekorationskosten, mit denen er gern sparte.
1800 3394 2699 3465 Das ergab einen frischen Luftzug in der lauen
1803 3447 2688 3497 und schwülen Atmsphäre des erotischen Ge¬
1798 3484 2685 3545 plauschs in den übrigen Akten. Jetzt wird
1792 3514 2690 3579 daraus ein Konversationszimmer, wo es wieder
1794 3557 2687 3610 ebenso zugeht wie in Hofreiters Villa. Dafür
1804 3598 2689 3663 genießt man glühende Dolomiten bei Sonnen¬
1787 3629 2111 3688 untergang..
2272 3670 2629 3748 Max Osborr
