3392 4320
224 123 1190 220 24 Das veite-Land
1349 123 1801 215 box 28/5
1099 915 2458 985 Kopf das prüfende Ohr, das einem doch schließlich aufzutreibenden
1113 983 1960 1051 Regisseur an denselben gewachsen sein muß.
1182 1107 2448 1174 Seht mal auf Rotters, die das früher auch selbst machten, und
1090 1161 2457 1214 die mich nach einigen etwas kompromittierlichen Tagen mit dem
1104 1216 2456 1269 Weiten Land geradezu herausgerissen haben. Ich hatte einen
1102 1285 2457 1352 englischen aber doch gebildeten Schauspieler durch die Berliner Theater
1095 1343 2450 1406 zu führen, der sich bei vieler Anerkennung darüber wunderte, daß
1100 1395 2461 1480 seine Kollegen hier fast alle wie für Taubstumme spielen. Ich sagte,
1098 1456 2442 1506 das sei neuer Stil und das hänge mit dem Expressionismus zu¬
1092 1529 2463 1598 sammen. Worauf er meinte, daß das wohl alter Stil sei, und daß
1099 1576 2450 1647 er ihn zu Hause schon vor zwanzig Jahren erlebt habe. Worauf ich
1100 1628 2444 1712 wieder meinte, daß das noch älterer Stil sei und daß ich ihn vor
1084 1698 2458 1759 dreißig Jahren zu Hause erlebt habe. Aber das Weite Land, sagte
1093 1741 2454 1827 er, sei die einzige Vorstellung, die ihm im ganzen gefallen habe, deut¬
1095 1812 2450 1901 lich, doch nicht aufdringlich. Diese Deutlichkeit, sagte ich nun wieder,
1095 1869 2444 1950 kommt von dem Regisseur Arnold Korff, der mit seiner Burgtheater¬
1092 1948 2436 2007 wradition das Wesentliche der Handlung gern nach vorn und die
1090 1990 2449 2068 Menschen dazu gern en face stellt. Und die anständige Diskretion
1078 2051 2443 2124 komme daher, daß die Brüder Rotter, die eine neue Schicht des
1091 2112 2437 2185 Theaterpublikums erfaßt haben, beim Expressionismus noch nicht an¬
1080 2162 2447 2232 gelangt seien. Worauf mein Freund dann meinte, daß sie es auch
1086 2234 2448 2282 bleiben lassen sollten, und ich wieder meinte, daß es sich auch kaum
1086 2281 1485 2356 noch lohnen würde.
1176 2339 2436 2411 Ich war also zum ersten Male mit Rotters und auch mit Herrn
1078 2410 2425 2464 Korff einverstanden, der in dem Friedrich Hofreiter viel reifes Kön¬
1075 2465 2432 2527 nen von altem Liebhabertum aber auch das Letzte uund Wesentliche,
1086 2522 2437 2596 die zugleich brutale und melancholische Seelennotwehr des Mannes
1087 2590 2424 2665 von fünfzig Jahren unterbrachte. Die Genia von Irene Triesch be¬
1087 2651 2434 2692 wunderte ich so gut wie vor fünfzehn Jahren. Wenn man sie zuerst
1085 2704 2432 2776 sieht mit den allzu stark geschminkten, allzu rund geschwungenen
1087 2755 2434 2841 Augenbrauen und dem etwas angestrengten Edelmut darunter, so
1084 2819 2427 2903 denkt man: es geht nicht. Es geht aber doch, sobald sie in Bewegung
1080 2880 2434 2956 kommt, weil sie als beoeutende Schauspielerin die Erscheinung recht¬
1084 2935 2433 3017 fertigt, weil in dieser Erscheinung Wesen steckt. Und man sollte es
1077 2998 2426 3070 einem Künstler wirklich nicht übel nehmen, wenn sein Temperament
1074 3044 2434 3108 sich von seinem Können so rund und klar ausformen läßt. Und das
1072 3111 2441 3174 gilt auch für die tragische Mutter und Schauspielerin von Rosa
1071 3175 2429 3260 Bertens. Alles in allem: es wurde auch von den anderen ausgezeich¬
1073 3222 1198 3300 272
