3344 4320
225 105 1183 220 24. Das weite Land
1345 96 1773 187 box 28/2
1320 320 2431 430 situng Fränkischer Courier Nürnberg
1326 463 1517 538 itum:
1514 476 1870 565 15.Okt. 191
1344 547 2350 653 Artur Schnitzlers Tragitoms ie
1546 627 2162 730 „Das weite Land“.
1411 701 2370 818 Uraufführung im Burgtheater.
1527 758 2198 839 Von Ludwig Hirschfert#
1421 828 2380 900 * Wien, 13. Okt. In Wien und Berlin, in
1342 873 2384 928 München, in Prag und in noch einigen deutschen
1347 909 2383 974 Städten wird morgen das neue Werkt Artur Schnitz¬
1353 965 2382 1016 lers gleichzeitig gefpielt. Man kann sogen, daß das
1357 999 2378 1066 ganze literarische und eintellektuelle deutsche Publi¬
1359 1040 2377 1107 kum in diesem Abend erwartungsvoll gestimmt ist.
1357 1083 2388 1150 Man bringt der Entwicklung unseres ernstesten und
1361 1133 2388 1199 besten Dichters überall ein starkes Interesse entgegen,
1346 1177 2398 1258 so wunderlich diese Entwicklung manchmal auch sein
1350 1223 2395 1283 mag. Ich weiß nicht, ob diese Tragikomödie „Das
1356 1260 2396 1330 weite Land“ eine Entwicklung des Dramatikers
1364 1297 2397 1374 Schnitzler bedeutet. Eher scheint mir dieses Werk
1349 1357 2398 1441 zurückzuführen zu früheren Dichtungen; zum
1356 1411 2405 1479 „Zwischenspiel“ und zum „Einsamen Weg, dessen
1366 1440 2407 1518 liefgründig nachdenkliche, kompliziert verinnerlichte
1362 1476 2388 1550 Art sich hier wieder findet. Wieder dieselbe resig¬
1356 1513 2399 1581 nierte geistige Grundstimmung, dieselben wunder¬
1365 1581 2394 1637 lichen Menschen, für die das Aergste und Erschüt¬
1363 1600 2407 1694 terndste, der Tod und die Liebe, bloß Anlässe zur
1359 1677 1688 1744 Grübelei sind!
1437 1685 2420 1769 Der Herr v. Sala, der Held des „Einsamen
1369 1769 2413 1820 Wegs“ und der Fabrikant Friedrich Hofreiter, die
1367 1794 2417 1862 Hauptfigur des „Weiten Landes“ sind nahe seelische
1374 1836 2429 1897 Verwandte. Auch hier handelt es sich wieder um die
1369 1889 2406 1944 Tragik des innerlich Einsamen und Alternden. Hof¬
1357 1946 2403 1998 kreiter lebt mit seiner jungen Frau Genia in einer
1370 1972 2409 2038 Villa in Baden bei Wien, und hier spielen vier von
1364 2006 2408 2076 den fünf Akten. Der erste Akt setzt mit einer echt
1372 2061 2413 2114 Schnitzlerschen Stimmung ein: Die Hauptfiguren
1375 2107 2415 2167 kommen von dem Leichenbegängnis eines berühmten
1371 2148 2413 2206 Pionisten, der sich erschossen hat. Man führt nach¬
1368 2182 2408 2273 denkliche und gleichmütige Gespräche über den Tod
1378 2234 2417 2307 und stellt Vermutungen über die Ursache des Selbst¬
1375 2291 2430 2344 mordes auf. Man glaubt allgemein, der Pianist¬
1376 2311 2410 2384 habe sich aus unbefriedigtem Ehrgeiz das Leben ge¬
1378 2384 2417 2431 nommen Nur Hofreiter ahnt einen andern Grunde#
1377 2411 2416 2493 In einem Gespräch mit seiner Frau wird die Ahnung
1386 2446 2423 2528 zur Gewißheit. Der Pianist hat sich aus unglück¬
1382 2519 2425 2573 licher, hoffnungsloser Liebe zu Genig umgebracht
1383 2545 2429 2607 Sie selbst zeigt ihrem Mann einen Brief, den der
1381 2594 2423 2658 Pianist eine Stunde vor seinem Selbstmord an sie
1389 2630 2417 2700 gerichtet hat. In den übrigen Szenen des ersten
1390 2692 2423 2744 Aktes werden die sonstigen Figuren des Stückes ein¬
1384 2718 2429 2776 geführt: eine Frau Wahl und ihre Tochter Erna, ein
1383 2762 2430 2835 junges, kluges Mädchen, eine Schauspielerin und ihr
1384 2807 2420 2887 Sohn Otto, ein junger, sympathischer Marinesähn¬
1378 2852 2428 2911 rich, und ein Arzt Dr. Mauer. Hauptsächlich wird
1384 2905 2431 2963 aber das Verhältnis der beiden Ehegatten zueinander
1396 2950 2429 3009 charakterisiert; er betrügt sie fortwährend, und sie er¬
1393 2981 2435 3054 fährt alles. Aber es ist ihr egal; denn sie denkt
1398 3033 2420 3093 nicht daron, sich zu rächen. Aber Hofreiter, ein merk¬
1393 3070 2435 3132 würdiger, komplizierter Mensch, kann die Episode
1404 3125 2433 3179 mit dem Pianisten nicht vergessen. Es ist ihm ein
1402 3175 2432 3228 unerträglicher Gedanke, daß jemand gestorben ist,
1392 3202 2423 3266 weil seine Frau so unerbittlich und tugendhaft war.
1408 3246 2424 3311 Er braucht einen Milieuwechsel und fährt in die
1396 3304 2432 3345 Dolomiten. Dort, in einem Hotel am Völser Weiher,
1399 3353 2426 3401 spielt der dritte Akt. Hier treffen mit Ausnahme
1389 3382 2437 3439 von Genia alle Figuren und noch einige Episoden
1394 3445 2442 3486 zusammen, und auch Hofreiter begegnet Erna, in
1388 3466 2445 3529 die  sich verliebt hat. In der Nähe des Ortes gibt
1406 3508 2445 3565 es einen Turm, den Aigenturm, von dem vor 15
1410 3566 2442 3620 Jahren ein Freund Hofreiters abgestürzt ist, und
1412 3619 2437 3661 seither hat sich niemand mehr getraut, den Turm zu
1410 3638 2427 3702 besteigen. Hofreiter wagt es und zwar in Gesell¬
1410 3696 2447 3751 schaft Ernas. Er will sich von seiner Frau scheiden
1416 3732 2433 3789 lassen, um Erna zu heiraten. Sie küssen sich, und
1412 3776 2434 3836 sie sagt ihm, daß er heute nacht ihre Tür offen
1415 3825 2433 3883 finden werde. Inzwischen hat Hofreiters Frau
1401 3862 2443 3934 Genia in Baden mit jenem Fähnrich ein Verhältnis
1407 3901 2446 3959 begonnen. Die Sache kommt Hofreiter in standa¬
1409 3939 2439 4012 löser Form zu Ohren, und obwohl ihm die Ange¬
1409 3994 2443 4047 legenheit ziemlich gleichgültig ist, muß er sich mit dem
1422 4030 2461 4099 Fähnrich schlagen. Er erschießt ihn im Duell, und. —
1423 4093 2441 4137 damit ist das letzte Band zwischen den Ehegatten
3234 42 3269 91 2
