3344 4448
1342 149 1813 245 box 28/2
217 165 1197 279 24. Das weite-Land
2572 1257 2677 1348 —
2231 1258 2422 1353 —
292 1339 3329 1430 diesem Beweis. Seine Frau, die er jahrelang stört und vernichtet hat. Er denkt nur: ich be= Wenn man aber dieser nabeliegenden Ideen= schaf
3227 1384 3360 1446 halb
297 1395 3240 1478 vernachlässigt, die jahrelang all seinen Aben=trüge meine Frau, meine Frau betrügt endlich verbindung nachgibt, unwillkürlich, ganz ohne!
3212 1423 3361 1495 Kon
305 1459 3222 1505 teuern mit offenen Augen zuschaut, die von auch mich. Alles ist in Ordnung. Den anderen Absicht, zu vergleichen, wenn man den Fabrikan¬
3224 1481 3335 1541 Grö
2249 1472 3233 1540 ten Hofreiter auch nur eine Sekunde lang neben
296 1490 2271 1562 keinem Gebot der Pflicht mehr gefesselt war, Tag aber bricht doch ein Urtrieb aus ihm her¬
3217 1529 3353 1589 Und
2253 1526 3229 1601 den Baumeister Solneß hält, dann wird seine
293 1524 2263 1621 hat sich dennoch einem jungen, flehenden Men= vor, der ihn zwingt, den Nebenbuhler als
3215 1575 3353 1651 Schl
2259 1582 3220 1642 Gestalt, die erst noch so ragend schien, erheblich
297 1583 2256 1670 schen verweigert, an dessen Liebe sie nicht Nebenbuhler zu sehen und zu hassen. Er
3223 1629 3337 1692 nich
2246 1630 3230 1690 schmächtiger, wird engbrüstiger, und ihr schmerz¬
305 1619 2261 1715 zweifeln konnte und dem sie sich selbst geneigt! fordert den Geliebten seiner Frau heraus.
3217 1669 3361 1739 sond
2249 1678 3222 1752 hafter Kampf spielt sich an einer Grenzlinie ab,
306 1666 2273 1757 fühlte. Trotzdem verweigert? Beinahe ent= Will ihn nicht töten, Gott bewahre, will ihn
3225 1729 3346 1790 Ohn
2252 1707 3232 1790 in der Teilnahme und Lächeln nahe beisammen
1289 1735 2265 1794 nur vor der Pistole haben, und nicht der
291 1737 1293 1810 rüstet erfährt er's, kann's nicht begreifen, daß
3219 1780 3363 1838 Man
1278 1771 3230 1845 Dumme sein. Wie er ihn aber dann vor der wohnen. Dem Baumeister Solneß ist die Angst
296 1798 1291 1866 es Menschen gibt, die sich einen Wunsch ver¬
3221 1827 3354 1895 Lebe
2247 1825 3234 1886 um die schwindende Jugend die tiefe
1275 1840 2263 1902 Pistole hat, schießt er ihn nieder. Weil die
300 1834 1295 1915 sagen, die auf ein Glück, und mag es noch so
3227 1876 3362 1939 fall
2253 1880 3229 1945 Furcht vor dem Stocken der Arbeit,
304 1875 2264 1960 flüchtig, mag's auch nur eine Freude sein, ver= blanke, frische, blühende Jugend des armen
3221 1923 3352 1985 man
2253 1923 3229 1993 die Bangigkeit, abtreten zu müssen, ehe
1279 1932 2255 1999 Burschen ihn aufreizt, ihn empört, ihn wild
303 1931 1298 2017 zichten. Ach, er kann vieles nicht begreifen, in
3219 1969 3360 2042 werk
2259 1971 3231 2038 sein Lebenswerk, ehe seine Kunst erfüllt sind bis
304 1963 2274 2049 diesem verhetzten, verbitterten, von der Angst] macht. Dann aber hat er noch die Kraft, der
3225 2027 3354 2084 diese
2249 2025 3229 2093 zum Höchsten. Und die Frauen sind ihm nur ein
1279 2028 2267 2101 ahnungslosen Mutter, der er eben den einzigen
309 2034 1300 2098 des Abschiednehmens vergifteten Zustand. Des¬
3229 2060 3361 2132 hier
2255 2074 3224 2129 Symptom, nur ein Mittel, seine Wirkungskraft
1276 2076 2267 2156 Sohn getötet, da er sie zufällig trifft, die
297 2088 1288 2159 halb versteht er auch nicht, daß seine Frau nur
3227 2127 3351 2191 eher
2251 2126 3231 2188 an ihnen zu erproben. Was sind ihm überhaupt
1278 2127 2258 2198 Hand zu reichen. Dann hat er noch die Kraft,
307 2131 1302 2201 aus Liebe für ihn die Treue hielt, daß diese
3228 2172 3362 2237 hier
2262 2171 3241 2235 die Frauen? Dem Fabrikanten Hofreiter aber
1277 2164 2261 2242 das Mädchen, das er verführt hat, wegzu¬
311 2183 1295 2247 Frau jetzt seiner wartet, daß sie jetzt hofft, von
3222 2215 3350 2283 wen
2254 2217 3241 2281 sind sie alles. Er bebt davor, daß es keine neuen
1289 2226 2258 2289 weisen. Hat noch die Kraft, zu sagen: „Nie¬
307 2231 1291 2299 ihm in ihrem innersten Wesen verstanden und,
3236 2270 3361 2339 Mar
2254 2262 3245 2342 Abenteuer, keine neuen Mädchen, keine neuen
1278 2272 2261 2346 mandem gehöre ich...!“ Da ruft sein eigener
301 2286 1293 2359 vielleicht, geliebt zu werden. „Du bist mir da¬
3223 2319 3359 2380 Men
2262 2323 3231 2379 Liebesstunden mehr geben wird. Seine Melan¬
1290 2308 2266 2383 Sohn ihn an. Zurückgekehrt, eben angekommen,
306 2327 1293 2410 durch fremder geworden ...“ sagt er zu ihr.
3229 2369 3367 2440 erns
2258 2367 3231 2428 cholie, sein Schmerz, sein Daseinsgefühl wurzelt
1289 2374 2257 2435 ruft der Kleine vom Garten her: „Vater ...“
300 2379 1299 2451 Fremder... weil sie sich einem Liebhaber nicht
3229 2421 3362 2486 mit
2247 2415 3234 2483 im Mondainen, sein Verhängnis ist sozusagen
1284 2403 2260 2504 Und nun weiß er, aufstöhnend und davon¬
306 2431 1293 2506 hingab, und weil dieser andere, der so leicht
2250 2464 3234 2524 gesellschaftlich. Er ist ein Verwandter des edlen
1291 2456 2173 2536 eilend, wem er von nun an gehören wird.
298 2465 1297 2544 zu beglücken war, hat sterben müssen. Er geht
2267 2518 3231 2579 Herrn von Sala, den Schnitzler im „Einsamen
3221 2518 3362 2585 gela
1321 2501 2263 2591 Jawohl, eine prachtvolle, dichterisch geschaute,
308 2528 1307 2593 fort. Plötzlich und in der Plötzlichkeit seines
2263 2565 3235 2625 Weg“ geschaffen hat. Allein er steht im mensch¬
3225 2564 3357 2631 zielb
1299 2571 2260 2648 dichterisch geformte Gestalt. So straff ange¬
315 2572 1299 2657 Entschlusses verletzend, entfernt er sich von
2267 2612 3236 2676 lichen Rang tiefer. Und er verkehrt auch nicht in
3224 2621 3361 2682 stisch
1287 2624 2263 2685 spannt in allen ihren Linien, so erfüllt von
314 2613 1294 2698 seiner Frau. Flieht in die Berge. Dort er¬
2268 2667 2766 2741 solch guter Gesellschaft.
3238 2667 3365 2738 sorg
1286 2670 2266 2741 einer echten Intensität, daß sie mit jedem
306 2663 1286 2747 steigt er noch einmal einen gefährlichen Gipfel,
3232 2719 3350 2778 Dan
2293 2707 3232 2779 Diese Gesellschaft... Es ist meisterhaft, wie
1295 2711 2264 2781 Wort und mit jeder Gebärde bedeutsam und
317 2720 1301 2794 steht noch einmal, ein Solneß der Liebe,
2251 2762 3234 2837 Schnitzler diese Gesellschaft menschlich auf¬
3229 2769 3361 2826 straf
1294 2767 2259 2832 lebendig aufleuchtet. Ein menschliches, ein all¬
308 2750 1307 2848 auf schwindelnder Höhe, verführt und be¬
3240 2811 3349 2878 misch
2253 2812 3237 2880 zuheben vermag, wie er ihren geringen Inhalt
1295 2818 2264 2884 gemein menschliches Erleben, das man primi¬
311 2820 1298 2906 zaubert noch einmal ein junges Mädchen.
3235 2862 3360 2922 dem
2260 2866 3240 2924 vergeistigt, ihre trübe Atmosphäre durchsichtig
1297 2870 2266 2930 tiv und banal fassen könnte; dies Vergehen
314 2860 1302 2952 Heimgekehrt aber, ertappt er in stiller Nacht
3235 2909 3354 2976 Lini
2269 2906 3237 2974 macht. Allein diese Menschen bleiben sämtlich
1298 2916 2267 2984 der Jugend, dies schmerzlich unabwendbare:
307 2928 1294 2986 einen jungen Mann, der aus dem Fenster
2260 2964 3240 3021 im Lustspielhaften stecken, sie sind mit allen
3238 2963 3359 3024 Fall
1290 2966 2270 3033 „Brüderlein fein . ..“ ist hier aus dem Allge¬
318 2957 1295 3037 seiner Villa steigt, aus dem Schlafzimmer
2271 3013 3240 3069 ihren Organen, mit ihren Seelen, Nerven, Kon¬
3233 3015 3362 3085 imn
1289 2998 2273 3079 meinen ins Besondere, vom Typischen zum
314 3019 1290 3087 seiner Frau. Er ist nicht böse, er ist nicht ge¬
3229 3062 3351 3121 Akt
2258 3053 3246 3117 flikten und Problemen auf dem Boden der
1292 3065 2272 3125 Individuellen geführt. Ein Konflikt, dessen
311 3066 1303 3140 kränkt. Er läßt den Beglückten ruhig seines
3285 3097 3361 3168 M
2267 3102 3246 3181 humorigen Komödie verklammert, sind mit
297 3112 2271 3185 Weges gehen. Er begreift auch jetzt nicht, daß Umrisse sich grob zeichnen ließen, ist da bis in
2258 3166 3355 3221 ihrem ganzen Format und mit ihrer ein= stellt
315 3161 2278 3231 er selbst es gewesen, der seine Frau dazu ge- seine letzten Nachdenklichkeiten aufgespürt.
300 3214 3352 3302 trieben, der sie in der Tiefe ibres Gemüts zer- Friedrich Hofreiter stebt im Solneß=Schicksal. gebornen Gewichtlosiakeit nicht zur Tragik ge¬reit¬
