3392 4352
632 177 770 235 We
215 157 1191 289 24. Das sefte Land
1328 182 1798 276 box 29/2
342 1322 1253 1484 Nelelalamoigef ür Mrnderg mi
591 1430 942 1560 —4 12 9
517 1551 677 1626 S
1398 1571 1808 1662 Ssin menne
495 1627 1042 1749 Das weite Land.
1260 1629 3271 1772 andeutende Notizen über dieses Werk eines geuialen; ist. Bis dahin läuft alles novellistisch durcheinander. wi
1262 1685 2114 1753 Dichters zu geben (das ist es trotz allem doch).
1312 1718 2237 1813 Der Fabrikant Hofreiter steht im Mittelpunkt,
2227 1711 3228 1810 Feine Szenen und Szenchen, spielende Lichter eines
382 1717 1161 1799 Tragikomödie von Arthur Schnitzler.
2236 1759 3216 1853 sonverainen Humors, aber alles Dinge, die man im
1258 1742 2230 1845 ein Mann, der ohne Zweifel komplizierter ist, als die
987 1766 1167 1834 Ghuer
330 1778 1280 1871 (Erstaufführung im Stadtthealer.)
2233 1797 3212 1884 Grunde lieber in einem Roman lesen würde. Frei¬
1261 1803 2229 1888 Mehrzahl unserer Fabrikanten, Charmeur, Wiener,
334 1837 1262 1930 Das weite Land ist die Seele mit ihren tausend
2223 1830 3220 1926 lich gibt es dafür im vierten Akt und auch im fünsten
1268 1844 2236 1923 Frauenliebling, Weltmann und im Grunde viel¬
1263 1873 2235 1963 leicht doch ein kleiner feiger Spießbürger, der sich ein
2224 1873 3212 1959 Szenen von einer bohrenden und zugleich drama¬
276 1854 1262 1973 Möglichkeiten, ihren Stimmungen und ineinander
2227 1917 3209 2006 tisch wirkenden Pkychologie, die dafür entschädigen.
283 1923 1255 2003 ließenden Farben. Im dritten Akt wird es auf eine
1261 1918 2237 2005 Eheglück selbst in Stücke reißt und es doch so gerne
2235 1959 3206 2046 Die z. B., in der sich der Banhier Natter und der
1253 1959 2225 2044 halten möchte. Genia, seine Frau, die ist vielleicht
278 1955 1257 2053 subtile Weise erklärt und von ½8—11 Uhr wird es
2231 1996 3206 2084 Fabrikant Hofreiter gegenüberstehen, zwei Betrogene
1257 1999 2236 2069 noch rätselvoller als er. Man kann nicht gut schil¬
268 1999 1254 2077 durch fünf Akte illustriert. Fünf lange Akte ebenso
2224 2041 3208 2136 und zwei bittere Feinde und in der aus konventio¬
1246 2035 2222 2127 dern, was in dieser Frau alles zusammen liegt.
268 2040 1254 2113 voll von Stimmungen und seltsamen Farben, wie
2220 2073 3199 2169 neller Liebenswürdigkeit plötzlich so viel bitterer Haß
1256 2079 2221 2167 Sehnsucht nach ihrem Gatten und Haß gegen ihn,
272 2080 1258 2177 die Seele. Arthur Schnitzler, der immer mehr zum
2228 2119 3192 2199 aussprüht Aber solche Szenen sind leider in der
1253 2122 2222 2208 unendlich viel Güte und dazwischen wie die Krallen
268 2119 1251 2204 Statthalter Ibsens auf Erden wird, hat seit seinem
2211 2156 3208 2241 Minderheit und als Theaterstück muß man das Werk
1246 2155 2218 2239 eines Raubtieres, die unter einem Rosenbusch vor¬
271 2158 1261 2244 „Einsamen Weg“ kein Stück mehr geschrieben, das so
1241 2202 2216 2282 lugen, Dämonie und das Verlangen, die Männer in
2211 2201 3277 2289 ablehnen, das man als Dichterwerk schon darum lie¬ gal
270 2184 1260 2285 rätselerfüllt, buntfarbig und verzweigt gewesen wäre
2206 2230 3277 2338 ben muß weil es Arthur Schnitzler geschrieben hat.
1246 2239 2228 2321 bunt verwirrte Abenteuer hineinzuheren. Er erlebt
261 2245 1247 2317 wie dies. Man kann es nirgends fassen, überall irr¬
2266 2273 3202 2367 Das Stadttheater verdient Dank, daß es das Werk
1253 2279 2221 2369 sein Abenteuer mit einem Mädchen, das freilich etwas
261 2281 1244 2366 lichternd es einem wieder durch die Hände und ich
2213 2311 3214 2415 herausbrachte, bei dem auf einen Publikumerfolg nicht
1249 2322 2206 2397 sehr nahe mit Ibsens Hilde Wangel verwandt ist.
260 2335 1249 2410 glaube, man darf es kühn aussprechen, Schnitzler
2210 2363 3200 2441 zu rechnen war, aber ich kann die Darstellung leider
1248 2359 2216 2447 Im Hochgebirge finden sie sich und inzwischen läßt
262 2372 1241 2444 wollte in diesem Stück nicht mehr geben und nicht
2214 2401 3199 2479 nicht so loben, wie ich es gerne möchte. Herr Har¬
1249 2388 2210 2486 Genia zuhause einen jungen Fähnrich in ihr Zim¬
249 2401 1243 2484 weniger als eine Photographie der Seele. Die Seele
2202 2430 3191 2521 del blieb dem Hofreiter sehr viel schuldig. Er ist im
1239 2439 2211 2526 mer steigen. All seine leidenschaftliche Inbrunst für
257 2438 1240 2527 eines komplizierten, seinsinnigen Menschen im Ram¬
2205 2478 3192 2558 Rahmen seiner Fähigkeiten ein sehr guter Darsteller
1244 2481 2211 2560 jenes Mädchen kann Hofreiter nicht hindern, den
250 2477 1239 2560 penlicht projezieren zu wollen . .. welch ein Unter¬
2264 2523 3196 2609 ich habe das an dieser Stelle oft betont: aber der
1239 2521 2211 2594 Fähnrich zum Duell zu fordern und ihn über den
257 2521 1235 2599 fangen. Wirklich, nur Arthur Schnitzler durfte da¬
2198 2556 3203 2644 Hofreiter liegt nicht im Rahmen seiner Fähigkeiten. K
1241 2563 2216 2653 Haufen zu schießen, denn im letzten Grunde ist es
257 2561 1244 2644 ran gehen, der sich seit den jugendlich=heiteren Tagen
2205 2594 3195 2688 Daß er kein Wiener ist, darf man ihm nicht zum
1232 2582 2210 2671 wohl doch seine Frau, die er liebt und für die er dem
254 2602 1240 2687 seines Anatol so hinauf entwickelt hat, daß er ein
2202 2637 3195 2727 Vorwurf machen; der Charmeur Hofreiter gelang ihm
1240 2646 2201 2716 Fähnrich die Brust bot. Denn die Seele ist ein weites
249 2634 1235 2725 Buch schreiben konnte, wie den „Weg ins Freie",
2194 2664 3195 2747 trotzdem noch am besten. Von all dem tiefen Seelen¬
1224 2677 2210 2761 Land und seltsame Dinge wohnen in ihr nebenein¬
254 2681 1244 2769 ein Schauspiel wie den „EinsamenWeg“ mit der ra¬
2189 2708 3190 2800 leid dieses Mannes, von der Angst, der Bitterkeit sei¬
1225 2725 2204 2804 ander. Das wird auch noch an einem halben Dutzend
251 2718 1245 2821 genden Gestalt des Herrn von Sala. Er hätte wohl
2195 2739 3176 2841 nes Inneren und von der Eiseskälte, die er um sich
1227 2760 2209 2842 anderer Personen bewiesen. An der Schauspielerin
244 2757 1233 2845 besser getan, auch die tausend Stimmungen dieser
2201 2794 3180 2884 fühlt, spiegelte sich in der Darstellung fast nichts. Auch
1229 2800 2199 2880 Meinhold=Aigner z. B. und an ihrem Gatten, dem
244 2799 1230 2892 neuen Tragikomödie in einen Roman einzufangen,
2197 2834 3187 2932 Frl. Weidlichs Anna Meinhold tat fast nichts,
1223 2844 2198 2925 Hoteldirektor v. Aigner, die seit zwanzig Jahren ge¬
246 2842 1232 2919 wo man mit weit höherem Genuß seinen zarten, selt¬
2190 2876 3172 2959 um des Dichters Absichten sinnfällig zu machen. Am
1229 2873 2193 2954 schieden sind und von denen jeder gesteht, daß er in¬
247 2883 1222 2969 samen und eigensinnigen Wegen gefolgt wäre. Hier
2190 2910 3179 2997 besten war noch Frl. Bolthenv, namentlich in den
1220 2931 2188 3006 zwischen keiner anderen wahrhaften Liebe mehr fähig
246 2922 1227 3009 im Rampenlicht zerschellt alles. An einem hustenden
2196 2953 3178 3031 letzten Akten. Sie blieb nur das Dämonische schuldig,
1227 2958 2192 3039 war. An dem Banhier Natter, der weiß, daß ihn
247 2972 1226 3050 und lachhungrigen Publikum, an Schauspielern, die
2188 2989 3178 3073 von dem die Genia ohne Zweifel unmittert ist, im
1218 3003 2197 3070 seine Frau betrügt und der doch alles still hinunter¬
241 2997 1234 3079 ihm auf seinem eigensamen Wege nicht folgen können
2198 3026 3180 3126 übrigen kam der seltsame Charakter dieser Frau in
1223 3042 2206 3137 schluckt, da er nie von ihr loskommen kann.
237 3045 1225 3124 (was man übrigens auch gar nicht von ihnen ver¬
2187 3068 3003 3138 ihrer Darstellung ziemlich zum Ausdruck.
1215 3080 2194 3162 Man sieht, es ist sehr viel tiefes und seines
241 3078 1227 3174 langen soll). Nein, diese Tragikomödie baut man sich
3027 3098 3191 3157 Herr
2192 3115 3175 3184 Fanger war für den Frauenhelden und Herzbe¬
1217 3105 2185 3193 in diesem Stück, denn man weiß, mit welch seelen¬
229 3126 1223 3217 besser auf seiner eigenen Bühne auf, zu Hause in einer
2174 3148 3169 3238 zwinger Aigner etwas zu trocken, Herr v. Falken¬
1215 3158 2189 3239 kundiger Zartheit Schnitzler solche Tinge behandelt;
236 3166 1219 3254 Feierstunde. Ich bin überzeugt, dort wird die Leucht¬
2188 3185 3014 3275 hausen als Fähnrich recht überzeugend.
1220 3209 2195 3290 als heaterstück freilich scheint es mir voll und ganz
241 3196 1227 3295 kraft dieser Szenen eine ganz andere sein. Darum
3034 3223 3170 3280 Herr
2182 3230 3172 3328 Kautsky fand für den Daktor Mauer ruhige und
1201 3232 2185 3318 verfehlt. Drei volle Akte braucht die Handlung, bis
2187 3272 3163 3357 sichere Haltung. Sonst ist beim besten Willen nicht
225 3234 3174 3412 mub sich auch ein Referat darauf beschränken, einige ### sa darauf beünnt. #aß sie eine Theaterhandtung! mehr viel gutes zu sagen. Frl. Kochs Erna — die
