3392 4320
1349 191 1802 294 box 28/4
241 191 1221 319 24. Das veite Land
1753 1369 2905 1437 Vorpeodjagel alleken Kalrbers den ganzen Archipel zu be¬
2903 1364 3312 1446 gestiegen ist. D#¬
640 1366 1756 1461 Kei „#.2 meldel aus Tripolis: Der frühere
1748 1408 2913 1483 unruhigen wagen. Nach amtlichen Meldungen aus Prevesa
2917 1425 3316 1491 Brauereien und M
598 1425 1754 1509 Konsul Pestalozzu ist hier angekommen und wird die
1751 1452 2910 1521 und Valona wurden dort in den letzten 5 Tagen keinerlei
2910 1471 3306 1536 Jahre 1900 40 387
591 1465 1757 1549 Leitung der Zivilverwaltung übernehmen. Beamte der
1750 1500 2912 1584 italienische Kriegsschiffe gesichtet, doch weiß man, daß die
2914 1499 3317 1575 Mark. Die daraus
583 1510 2876 1595 Ministeren des Innern und der Finanzen sind ange= Flotte sich in einiger Entfernung von der Küste aufhält.
2910 1553 3306 1617 4656000 auf 3551
594 1614 1740 1693 tötet er, aber der Besiegte bleibt er trotzdem selber. Etwas
1752 1638 2907 1688 gleitet und vorüberrinnt, und die sich trotzdem immer 1
2898 1649 3322 1708 dann nach dlesen
583 1666 1750 1735 in ihm bricht zusammen. Er wehrt Erna, die mit ihm
1746 1658 2901 1762 wieder von neuen Wellen zu bunten Trugbildern tragen
2891 1690 3298 1759 den Fischern zuerst
589 1709 1738 1768 will, ab: „Du bist zwanzig, du gehörst nicht zu mir. Ich
1738 1719 2826 1790 lassen. Für andere aber hat Schnitzler nie geschrieben.
2902 1737 3318 1812 richtig zu gebrauche
586 1747 1754 1816 weiß, was Jugend ist. — Und man kann doch nicht
1827 1760 2897 1818 Man hätte dem Werk Bassermanns faszinierende
2905 1781 3305 1844 die Vorteile sind so
581 1789 1733 1868 jeden —“ Und als sie noch einmal sagt: „Ich gehöre dir“.
1753 1805 2905 1892 Physiognomie gewünscht. Monnards Hofreiter war zu
2897 1833 3318 1894 Unterricht im draht
582 1830 1739 1915 da erwidert er, wie aus weiter Entfernung, von den
1742 1867 2901 1939 trocken, zu voluminös, die Angeln seines Wesens knarrten.
2892 1872 3312 1940 großem Werte ist e
585 1873 1734 1971 Schatten eines anderen Ufers her verhallend: „Ich nie¬
1746 1903 2895 1976 überzeugend schien die Genia der Triesch und die Haltung,
573 1900 1033 1989 mand auf der Welt.“
2894 1916 3313 1985 gehenden Schisse m
1744 1941 2361 2021 die Stieler dem Fähnrich gab.
2898 1964 3314 2028 bindung bleiben, un
669 1946 1736 2038 Was Artur Schnitzler auch bringt, es gibt uns immer
2905 2011 3304 2085 biete die drahtlose
573 2001 1732 2083 viel und geht uns im tiefsten an. Unsere Empfänglichkeit
2899 2053 3132 2130 erlangen.
583 2054 1734 2121 wird darum nicht geringer, wenn das Werk, wie in diesem
1971 2070 2650 2168 Aus Kunst und Leben.
579 2100 1742 2175 Falle allerdings geschieht, mehr erzählt, als dichterisch ge¬
1809 2122 2889 2204 * Drahtlose Telegraphie im Dienste des Fischfangs.
585 2143 1734 2225 staltet, mehr thematisch den Stoff behandelt, als die blut¬
2953 2150 3312 2233 Theater und ##
1735 2175 2897 2252 Eine ganz neuartige und sehr nützliche Verwendung findet
585 2195 1723 2267 volle Illusion des Miterlebens schafft. Hier wird mit
2894 2214 3307 2279 München und L
1733 2222 2899 2298 die drahtlose Telegraphie, wie die „Illustration“ mitteilt,
574 2226 1723 2302 Figurinen eines Théätre d’amour unser Gedankenspiel an¬
2896 2251 3316 2333 Müller in München
1736 2269 2902 2354 bei eingen großen holländischen und deutschen Fischerei¬
575 2281 1724 2352 geregt und psychologische Erkenntnisse demonstrieren sich
2906 2305 3308 2371 Maikäser“, galan
1739 2316 2900 2391 gesellschaften. Diese Gesellschaften besitzen zahlreiche
572 2324 1727 2381 exempelhaft. Man täuscht sich nicht, daß dies des Beispiels,
2896 2341 3313 2413 Schloemp (dem
1727 2355 2903 2424 Dampfboote, die in größerer oder geringerer Entfernung
573 2365 1726 2439 der Produzierung nachdenklicher Lebenssachen wegen ge¬
2902 2397 3312 2462 mit Illustrationen ##
1732 2400 2884 2474 von der Küste den Fischfang betreiben. Nun kommt es oft
576 2411 1724 2486 schieht, daß die handelnden Personen nur als typische
2884 2431 3304 2499 zeichnung von C. O
1727 2442 2889 2500 vor, daß eins der Schiffe nichts findet, während dagegen
564 2442 1720 2512 Repräsentanten erscheinen, und nicht, was dichterisch wert¬
2891 2489 3315 2555 ist bereits im Herbst
1728 2487 2898 2555 andere auf beträchtliche Fischmengen stoßen. Es ist nun
562 2514 1731 2581 voller, aus dem Selbstzweck heraus, höchst persönliches Er¬
2883 2532 3307 2593 10000 Exemplaren v
1735 2534 2891 2599 für die Boote, die nichts gefunden haben, von größtem
566 2542 1034 2610 leknis zu vermitteln.
2898 2571 3301 2642 die Beschlagnahme
1732 2574 2877 2643 Nutzen zu wissen, wo sie günstigere Aussichten für ihre
650 2586 1728 2678 So wendet sich zunächst hier alles an den Kopf, nicht
2885 2612 3305 2687 Verlag hat sofort g
1723 2615 2879 2695 Arbeit haben, und die Schiffe, die auf reiche Beute stoßen,
565 2620 1717 2691 zuletzt auch der kluge einfallfunkelnde Dialog, den die Um¬
2885 2668 3291 2726 nommen. — Aus N
1734 2667 2890 2731 würden wieder gern andere Fahrzeuge der gleichen Gesell¬
568 2690 1727 2752 welt=Staffage zur Illuminierung des Bühnenbildes auf¬
2898 2703 3297 2769 Maxim Gorkt sich
1721 2708 2890 2774 schaft zur Unterstützung haben. Bei diesen Mitteilungen
573 2733 1711 2793 führt, — besonders beweglich in dem flüssigen dritten Akt,
2881 2744 3316 2822 über, bei guter Gesu
1728 2758 2890 2821 muß natürlich eine gewisse Vorsicht walten, denn man wird
566 2762 1718 2837 auf dem dankbaren Situations=Schauplatz einer mondänen
1721 2791 2890 2846 nicht gern Konkurrenten über eine fischreiche Stelle unter¬
2958 2802 3304 2870 Bildende Kunst
570 2817 1712 2883 Alpenhotel=Hall. Auf dem Umweg über den Kopf, gedank¬
1718 2837 2883 2901 richten. Die drahtlose Telegraphie bietet dafür die besten
2873 2830 3309 2913 vorgestern unter z
569 2863 1724 2923 lich übertragen, trifft diese Spiegelung dann aber auch un¬
1726 2879 2885 2946 Hilfsmittel. Kleine, einfache Apparate erlauben den Schiffen
2884 2890 3303 2947 und Amerikanern
567 2908 1719 2973 ser Gefühl, unseres: die Stendhal lieben und den Fürsten
1723 2920 2879 2990 desselben Unternehmens, sich gegenseitig ins Einvernehmen
2887 2934 3310 2997 Richard Wagners
571 2944 1713 3015 Pückler und die Liaisons dangereuses, die mit Anatol jung
1723 2959 2879 3033 zu setzen und Telegramme einander zu senden etwa der
2885 2976 3305 3039 Cleveland wohnende
561 2982 1723 3068 waren und mit Herrn von Sala wissend lächelnd an der
1720 3014 2882 3077 Art: „Auf dem und dem Längengrad und in der und der
2871 3021 3304 3099 zweite Denkmalswei
568 3030 1717 3100 Lebenswende vor= und rückwärts blickten, die es nicht lassen
1721 3052 2880 3122 Breite habe ich reichen Fang“, oder: „Mittelmäßiger Fang“,
2887 3066 3296 3122 statt, wo ein von
554 3087 3314 3175 können, an den Küsten zu stehen, zu schauen, wie alles! oder: „Gar kein Fang“. Die anderen Schiffe können sich 1 Goethe=Schille
2800 4101 2994 4193 ——
1776 4104 1852 4183 —
