3484 4320
554 165 711 236 Das
726 175 837 238 W G
1042 178 1214 246 Lan
319 166 1284 279 24  „un L E
1430 186 1883 285 box 29/6
1666 1090 3391 1223 ästhetischen Prinzip erhoben werden darf, und daß die entrückte] Fehlern noch immer dreima
588 1077 1554 1208 Theater und Musik.
1670 1118 3381 1264 Feierlichkeit der attischen Tragödie mit den unnoblen Opern= undschnittsertrag eines langen
1671 1158 2873 1270 Pantomimen=Wirkungen der modernen Arena nichts zu,
1667 1220 2000 1280 schaffen hat. —
749 1214 1403 1301 Reinhardts Orestie.
3123 1271 3389 1356 Der nel
1729 1274 2871 1356 Statt dessen haben wir festzustellen, daß die jüngste Reln¬
526 1278 1658 1352 Die Gesichterfülle dieses Abends scheint die widerstrebendsten
1670 1308 2866 1394 hardt=Komposition als Ueberraschung mindestens so stark gewirkt
3188 1331 3372 1385 („Das
445 1318 1659 1403 Empfindungen wach zu rufen: Unmut und Freude. Skepsis und
2030 1358 2137 1395 1## hr.
1669 1355 2862 1430 hat wie die erste Auffuhrung des Oedipus. Gewiß machte unsere
2932 1341 3394 1431 Es war ein melancholi
445 1361 1665 1435 Glauben, tragische Erschütterung und peinlichstes Ungerührt=Sein.
1672 1392 2857 1475 Nüchternheit hier und da Halt vor einem Zuviel an zirzensischen
2861 1405 3383 1474 nung mit einer alt geword
450 1413 1664 1483 Wie die Farben im Kaleidoskop schießt alles durcheinander. Aus
1665 1435 2852 1519 Fünsten und Künsteleien. So stehe ich verdrossen und ratlos vor
2860 1450 3391 1514 rungen umwittert, in weiche
453 1444 1665 1521 seligster Emporgerissenheit geht es in die Abgründe bitterster Er¬
1668 1472 2858 1560 einem bösen Rest an aufdringlicher Theatralik und vor# der
2858 1481 3371 1553 von dem redlichen Drange,
452 1478 1657 1565 nüchterung. Hundertmal fühle ich die kritische Distanz und sage
1660 1514 2850 1599 Art und Weise, wie Reinhardt im Sinne der alten Oper die Chor¬
2854 1528 3376 1589 genen Glücks noch einmal i
454 1517 1656 1597 mir mit ruhiger Sachlichkeit: „Operneffekte. Meyerbeer auf
1660 1565 2856 1632 stimmen kunstvoll abschattiert. So empfinde ich es auch hier als
2865 1572 3370 1634 kenninis von der Begrenzt
453 1562 1664 1639 Wagner gestülpt. Ich kenne den Rummel. Drei Schritte zurück,
1661 1593 2851 1677 stilwidrig und peinlich, wenn die Distanz sich verwischt und wenn
2858 1599 3375 1686 allem. Die wehmütige Resig
458 1601 1651 1686 wenn ich bitten darf.“ Und hundertmal reißt mich die fabelhafte
1658 1631 2857 1714 die geschminkten und gepuderten Greise und Chormädchen mir
2856 1629 3377 1716 dens, unt das Bewußtsein,
461 1645 1651 1718 Suggestion eben dieser verfemten Effelte in den Taumel
1655 1681 2848 1759 von allen Seiten hart auf den Leib rücken. Und so muß ich auch
2855 1669 3360 1749 sehen, denen man sich für ei
450 1690 1652 1771 hinein, jagt mir das Blut ins Gesicht und läßt mich naib und
2930 1733 3358 1795 Herbst, Herbst, Herbst.
1654 1732 2856 1791 Klage darüber führen, daß mir manches etwas sehr ins Spuk¬
442 1729 1605 1803 gläubig werden wie ein Kind, das sein Abendgebet spricht. —
2852 1758 3377 1829 segt mit kalter Grausamlei
1653 1765 2855 1832 hafte, Krampfartige gewandt war, und daß mir insbesondere
527 1786 1654 1850 Aus dem verwirrenden Durcheinander wechselnder Empfin¬
2853 1794 3378 1872 vorbei. Ein Duft voll Schn
1654 1796 2854 1880 einige Bilder des „Totenopfers“ zu absichtlich — mit grünen
453 1824 1659 1887 dungen den Kern dieser Leistung herauszuschälen, ist gewiß nicht
1662 1841 2852 1917 Lichtessekten, deren Quelle man sah — in eine grelle Kinemato¬
2854 1854 3382 1915 nis hellerer Tage umkleidet
441 1856 1661 1926 leicht. Am Anfang und Ende steht, wie mir scheint, auch diesmal
1657 1885 2844 1955 graphen= und Schreckenskammeratmosphäre hineinkomponiert
2849 1887 3377 1956 des Märchens. Der Dichte
450 1897 1648 1963 das eine große Gefühl: Gott sei Bink, daß wir einen Mann wie
2856 1933 3366 1998 liche Welt des „Anatol“ h
1654 1923 2844 2006 schienen. Aber das worauf es ankommt, wird durch solche Aus¬
449 1936 1657 2006 diesen Mar Reinhardt unter uns haben, der solche Dinge zu
1651 1961 2847 2037 stellungen nicht wesentlich tangiert: Die riesenhafte Urwelt¬
2858 1971 3364 2036 „Grünen Kakadu“ und die
455 1968 1657 2049 unternehmen, den Mut und die künstlerische Schaffensfreude auf¬
1655 2001 2857 2077 Tragik des Aeschylus war in ihrem Kern begriffen und schmetterte
2853 2011 3374 2069 schenkte, — wie ein Schatt
442 2014 1647 2087 bringt. Die Frage nich dem absoluten Wert oder Unwert seiner
1649 2045 2848 2115 denn auch ihre sinnverwirrenden Akkorde zu uns herüber. Ueber
2849 2049 3364 2111 er vorüber. Seine kultivic
447 2054 1658 2130 Leistung muß davor zurücktreten. Die Tatsache dieser Aufführung
1641 2067 2860 2163 den schatlenhaften Umrissen des Atridenpalastes lastete der Mythus,
2851 2094 3370 2148 Ironie lädt uns noch einm
438 2087 1649 2166 als solcher bleibt das Entscheidende. Denn aus ihr strömt so viel
1647 2121 2856 2202 brütete die Moira. Durch Generationen fortgeschleppte Flüche
2853 2135 3375 2199 Kulturmüdigkeit und versein
447 2137 1652 2214 großzügige Kühnheit, so viel wahrhaftige Inspiration, so viel An¬
1649 2162 2842 2238 krochen wie Schlangen um gespenstische Tore und verhängte Al¬
2856 2166 3369 2233 des Lebens kreist. Im Frach
435 2177 1653 2248 regung und so viel Gegenwarts= und Zukunftsproblematik, daß
1656 2198 2847 2283 täre. Eine zeitles große, von allem Erdenstaub gelöste Schicksals¬
2850 2202 3369 2280 einmal blasse Menschen übe
450 2216 1649 2304 man ihr mit den üblichen kritischen Maßstäben einfach nicht zu
439 2251 767 2318 Leibe kann. —
1646 2240 2842 2317 welt war lebendig geworden. Wie ein schweres, dumpfes Ge¬
2858 2255 3371 2318 Zusammenhänge wird noch
1645 2286 2848 2363 witter zog sie auf und vorbei. Wie das fleischgewordene Grauen.
2854 2279 3358 2348 unausgesprochene und mit
526 2302 1647 2381 Das muß heute trotz der vorangegangenen und zu Tode ge¬
1639 2314 2847 2416 Oder wie die im Donner einherrollende Stimme des strafenden,
2850 2336 3368 2399 wie in verborgenen Seelen
441 2324 1652 2412 hetzten Oedipus=Sensation ausgesprochen werden. Wenn man
1646 2353 2096 2427 rächenden Judengotts.
2850 2381 3360 2430 zwischen nachlässigem Syba#
448 2376 1653 2460 mich auf Ehre und Gewissen fragt, muß ich zugeden, daß ich mir
2849 2411 3355 2476 drang, zwischen halbeingest
1708 2415 2845 2494 Und in diese Atmosphäre traten dann die äschnleischen Men¬
439 2420 1650 2486 von dem Orestie=Abend so gut wie gar nichts erwartete. Nach
2849 2458 3350 2510 Spätkultur stehen, fällt ein
1650 2436 2846 2524 schen, auch sie ins Kosmische. Ueberlebensgroße projiziert. Klytäm¬
443 2464 1642 2532 dem „Oedipus“ schrieb ich, der Wert der Reinhardtschen Leistung
2849 2491 3359 2557 wird die Abnung nicht los
1651 2494 2845 2576 nestra, vor die erdrückende Wucht des Atridenpalastas#liert in
445 2510 1641 2573 läge in ihrer überraschenden Noch=Nicht=Dagewesenheit. Und eben
2856 2535 3359 2596 der Arbeit ist. mit dem u
1654 2535 2850 2612 den riesenhaften Raum gestellt — das war, rein m## sch, wie
443 2537 1654 2613 diese Noch=Nicht=Dagewesenheit fehlte naturgemäß der zweiten, in
2846 2572 3350 2644 Freude bedeutet.“ Aber di
1638 2571 2840 2654 die lebendig gewordene Ahnung des Unendlichen. (Wobei gleich¬
439 2584 1650 2655 die gleiche Sphäre gerückten Veranstaltung. Die Orestie im
2849 2616 3359 2675 sagen. lassen diese Ahnung
1647 2618 2855 2692 gültig ist, daß Fau Feldhammer zum Teil mit den etwas
437 2623 1639 2692 Zirkus Schumann. Nun ja, sagte man sich, das wird einen
2863 2661 3349 2715 # Anfang und Eude steh
1643 2658 2840 2733 keifenden Tinen eines Patbas von vorgestern overierte.) Dann
444 2663 1643 2731 matten Ausguß der Oedipus=Abende geben. Was dort neu war
2851 2680 3355 2758 Smme alles Metall verlo
1646 2701 2852 2774 weiter die von rührender Schönheit umspielte Gestalt der Kas¬
433 2707 1638 2771 und durch seine Neuheit verblüffte, wird in der Wiederholung
2847 2721 3351 2800 es Echo aus besseren Ve
1641 2741 2848 2815 sandra, die Mary Dietrichs wundervolle Kunst zu einem
433 2739 2706 2851 seine Suggestionskraft verlieren. Die Dimensionen der Arenaflingenden, rauschenden, beseelten Rhythmus, gestaliete.
2904 2778 3342 2834 Wenn ich hart werden
429 2795 1655 2867 und die enorme Drilleistung der Reinhardtregie, von der wir
2718 2805 2843 2854 Und
2846 2814 3350 2883 lomödie ist eine schöne Leiche
429 2824 1640 2889 uns damals überraschen ließen — sie werden uns heute keine
1641 2825 2849 2894 schließlich die Silhonette des jungen Orest, in dem Moissis
2880 2865 3345 2917 en. silbernen Glanz aus
433 2867 1638 2930 Ueberraschungen mehr sein. Wir werden unsere Skepsis, die schon
1650 2862 2837 2943 Stimme sang und jubilierte und klagte und dann im ausbrechen¬
2837 2902 3350 2965 ##oft, will ich sie lieber mit ei
1645 2902 2414 2978 den Wahnsinn wic eine Glocke zersprang.
422 2895 1645 2969 beim Oedipus sich regte, lauter und lauter sprechen lassen
2822 2936 3345 2996 das nichts Schreckhaftes an
427 2943 1539 3004 und werden schließlich, ernsthaft und bestimmt,
1549 2956 1652 3019 die
1692 2952 2848 3033 Nehmt diese drei Höhepunkte und wägt Gut und Schlecht
2835 2965 3357 3050 Voraussicht kein Märchenpri
426 2968 1549 3045 Erklärung abgeben, daß das, was als einmaliges
1533 2993 1641 3047 Ex¬
1642 2998 2843 3071 gegen einander ab. Und dann scheltet mich meinetegen einen
422 3024 2861 3125 periment zu rechtfertigen war, nicht ohne eigenen Schaden zum Narren, wenn ich euch sage, daß dieser Abend mit allen seinen!
3097 3054 3350 3143 (Fortsetzung
2902 4146 3138 4230 K
