3392 4320
1009 180 1164 246 Lan
280 155 1238 281 24. Das weit6—
1398 185 1841 287 box 29/5
854 1033 1473 1109 Dr. Max Goldschmiet
842 1085 1486 1163 Büro für Zeitungsausschnitte
651 1118 955 1189 BERLIN N 4
1220 1152 1655 1222 Telefon: Norden 3051
986 1206 1332 1279 Husschnitt aus:
712 1251 1605 1352 Hamburgischer Correspondent
1100 1351 1508 1444 2 l. Feb. 1925
648 1501 1502 1620 Kleines Seuilleton.
870 1681 1329 1773 Thalia-Theater.
613 1748 1573 1820 Gastspiel Centa Bré: Das weite Land.
527 1805 1717 1875 Es war eine liebenswürdige Hul##un für S#iler, nein,
450 1858 1713 1925 für Centa Bré, daß Direktor Röbbeling selbst diese Tragikomödie
468 1893 1718 1963 inszenierte. Er nahm sie, Gestalter von innen heraus, symbolisch.
473 1931 1746 2022 Vergitterte sie löste sie. Gebundenes, befreites Land der Seelen.
552 1982 1713 2036 gdas Geistige, das sich hier sehr ins Typische verliert, ohne
473 2018 1709 2084 eigenwillige Größe, — szenisch auf und kam damit zu einer Ge¬
444 2051 1719 2127 schlossenheit, die den Plauderer Schnitzler mit unschnitzlerischen
445 2103 1711 2165 Mitteln überwand. In Umkehrung seiner Regie=Idee gab es
447 2127 1712 2194 eine Wirkung von außen nach innen. Im Grunde bedeutet diese
444 2174 1721 2260 starke geistige Um= und Einformung des nicht nur in seiner Dik¬
435 2221 1704 2270 tion veralteten Stückes eine Ueberschätzung: Schnitzler ist gar¬
446 2268 1718 2329 nicht der Mann (am wenigsten in diesem dramatisierten Wiener
448 2293 1716 2360 Gesellschaftsbild von 1900) der die große Geste eines auf Tiefen¬
440 2332 1709 2416 schürfung bedachten Regisseurs vertragen könnte. Am besten ist
443 2377 1700 2441 es, man läßt ihn sich selbst spielen, ausspielen. Dann kommt
437 2417 1720 2495 weit eher das zustande, was Felix Salten ein „unschuldig heiteres
441 2466 1710 2532 Auflachen, Ton hingebenden Entzückens und Vibrieren nachdenk¬
441 2499 1707 2581 licher Melancholie“ genannt hat. Bei dem Schnitzler rämlich,
441 2542 1699 2615 dem ir noch ebensoviel Liebe entgegentragen können ie der
429 2574 1701 2639 ihm blutsverwandte Salten. Auf dieser Tragikomödie aber lagern
443 2616 1704 2679 die Schatten der Vergänglichkeit; in ihrer Weite ist kein Ton
430 2671 1692 2726 mehr, der zu uns spräche (es sei denn der des guten Theaters),
428 2699 1703 2774 und die Seelenbeschwörung, die der Arzt und Dichter Schnitzler
433 2747 1699 2801 versuchte, ist ein leeres Spiel von Liebe und Tod. (Seltsamer
437 2788 1706 2855 Zufall, daß man drüben im Schauspielhaus dem Schnitzler des
431 2833 1693 2891 „grünen Kakadu“ ein ehrliches Spiel von Tod und Liebe vor¬
435 2863 625 2916 anstellt.)
515 2906 1692 2992 Freilich, die bildhafte Gesellschaftskomödie in altem Stil und
429 2956 1687 3025 nicht nach neuen Gesichtspunkten zu inszenieren — das wäre
1391 3010 1461 3044 in
430 2993 1689 3053 keine Lösung gewesen. So hat Hermann Röbbeling zum min¬
423 3034 1704 3104 desten das Verdienst, ein Kompromiß geschlossen zu haben zwischen
430 3069 1699 3150 dieser und unserer Welt. Aus seiner Neugestaltung des Stoffes
422 3110 1687 3192 erwuchsen so viel Stimmungsreize, so viel wahrhafte Klänge in
420 3152 1692 3229 Dur und Moll, so viel echte Menschlichkeiten — Wunder dichte¬
424 3189 1687 3269 rischer Inszenierung! — daß dennoch ein Abend satten Erlebens
421 3242 1681 3311 daraus wurde. Schauspielerisch getragen von Centa Bré, die,
423 3279 1690 3331 ganz schlicht, ganz einfach, eine wundervolle Genia war eine
427 3324 1686 3371 Frauennatur ohne Probleme, aber mit wurzelzart verästelten
421 3360 1674 3428 seelischen Dingen getragen auch von Heinz Stieda, der
416 3399 1679 3448 seinen Hofreiter mit starker und doch geschmeidiger Akzentuierung
416 3444 1682 3530 gab, von Karli Bozenhard mit ihrer fraulich umkleideten
421 3480 1681 3562 Anna. Johanna Platt, sanft gedämpft, spielte die Frau Wahl,
413 3514 1672 3600 Willi Grill in gleicher Zurückhaltung den Dr. Mauer, Ernst
412 3567 1683 3636 Hallenstein den Natter. In der Rolle des Aigner hatie
411 3595 1675 3678 Heinrich Lang Stil und Haltung; den Otto gab Max Frie¬
417 3643 1672 3708 drich, die Erna Marianne Wentzel. Ob Schnitzler sie so ge¬
418 3680 1692 3773 wollt hat? Prätentiös, mit erstarrter Gebärde, sich ewig wiede
405 3707 693 3822 holend?
1481 3731 1708 3842 E. K
1973 1895 2115 1974 urür“
1981 1958 2116 2017 930
2369 1943 3003 2039 Dr. Max Goldschmidt
1987 1998 2105 2054 aus
2383 1992 2993 2092 Suro für Zeitungsausschnitte
2165 2026 2442 2097 BERLIN N4
1994 2041 2099 2096 #und
2715 2078 3176 2147 Telefon: Norden 3051
2024 2164 2060 2206 90
2534 2157 2970 2284 Hamburger Scho
1976 2233 2085 2289 g0v
1978 2277 2082 2332 nut
1985 2312 2084 2364 =197
2869 2348 3009 2481 25
1993 2420 2083 2475 —
2549 2369 2855 2482 22 tah.
2113 2456 3250 2573 Thalia=Theater. Arthur Schnitzler: „Das weite Laud
2024 2485 2452 2553 Gastspiel Centa Bré.
2119 2542 3224 2623 Tieie Trugilamodie ist eigentlich nur ein dramatisierter
2028 2567 3215 2663 Wiener Gesellschaftsroman. Zwar sehit dem Dialog auch hier
2029 2624 3217 2681 nicht die Sobtilität und alle zarte, psycholegische Einfuhlung, der
2030 2654 3217 2737 Schnitzter fälig ist. Aber der Pau eines Fünfakters braucht
2028 2699 3217 2753 festere Stützen, um als hoher Wachtiurm über das weite Land¬
2028 2730 3211 2809 der Seele schauen zu können. An solchen Stücken, die in der
2021 2780 3223 2860 Nähe des Ibfenschen Naturalismus stehen, obgleich sie ganzs
2022 2804 3212 2884 wienerisch gedacht und geschaffen worden sind, merken wir
2029 2849 3211 2930 immer wieder den Wandel der Zeit. Wir wollen das feste
2020 2886 3220 2977 Knechengerüst der Gestat sehen, wenigstens fühlen und irgend=
2021 2926 3210 3023 mie ma da# iewen ine Mesmi eni
