3344 4448
647 174 692 231 M
238 168 1173 267 24 asLand
1338 154 1785 244 box 28/2
1605 515 1960 588 nzugrbg oure Oewahr.
1497 508 1625 601 66
1804 545 2146 628 s gelung,
1157 585 1564 654 Ausschnitt aus:
1676 604 2167 694 (Eethe Awgabe)
1256 650 1549 731 15 10=311
1165 721 1349 765 vom:
1129 790 2058 930 Theater und Kunst.
1342 952 1895 1051 Das weite Land.
1132 1011 2112 1090 (Tragikomödie in fünf Akten von Artur Schnitzler.
1129 1070 2152 1156 Erstaufführung am Hofburgtheater 14. Olrber-1011.—
1202 1114 2125 1165 Des Menschen Seele ist ein weites Land und nur
1118 1148 2133 1224 lder Dichter mag es, ohne sich zu verirren, durchwandern.
1113 1193 2127 1275 Unter den Psychologen der Moderne, die darin Meister
1135 1242 2126 1309 sind, stehen die russischen Dichter an erster Stelle. Mit
1124 1289 2122 1346 unbarmherziger Kunstfertigkeit zersasern sie jegliches Ge¬
1140 1331 2122 1394 fühlsleben, nichts Menschliches bleibt ihren scharf¬
1135 1381 2131 1433 blickenden Augen verborgen. Diese gründliche, fast wissen¬
1140 1430 2126 1482 schaftliche Methode läßt sie im Epischen den Höhepunkt
1141 1464 2133 1528 ihrer Darstellung erreichen; auf dem Gebiete des Dramas,
1131 1514 2128 1573 das stetes Leben und Fortschreiten der Handlung er¬
1125 1552 2121 1639 heischt, versagt ihre ernste Kunst. Wir haben dieses Bei¬
1133 1599 2122 1675 zpiel gewählt, um auf die Schwierigkeiten hinzuweisen,
1142 1653 2133 1699 Hie sich dem Dramatiker, der diese Pfade wandelt, in
1142 1693 2134 1740 den Weg stellen. Auch Artur Schnitzler mochte ihnen, da
1138 1740 2127 1783 er ins „weite Land“ zog, begegnet sein. Aber er müßte
1131 1772 2128 1826 nichts von seiner graziösen Leichtigkeit, nichts von seiner,
1141 1837 2137 1877 bei aller Nachdenklichkeit doch so liebenswürdigen Art an
1143 1879 2133 1922 sich gehabt haben, hätte er nicht alle Fährnisse glücklich
1136 1914 1396 1975 überwunden.
1215 1937 2135 2003 Eine Tragödie der Leidenschaften und eine Komödie
1128 1988 2137 2043 des modernen Menschen ist Artur Schnitzlers „Das
1142 2042 2139 2091 weite Land“. Vom Ballast der herkömmlichen Moral¬
1137 2074 2137 2131 begriffe befreit, unfähig, sich mit dem Gewichte einer
1140 2120 2145 2178 neuen Ethik zu beschweren, fliegen die himmelstürmenden
1136 2177 2139 2235 Leidenschaften in den blauen Aether hinein. Kindern
1146 2212 2137 2273 gleichen diese Menschen in ihrer Erdenserne. — Des
1142 2249 2150 2313 Dichters Kunst weiß aus dem Labyrinth den rechten
1142 2307 2150 2357 Weg zu finden und in dem scheinbar Unfaßlichen
1156 2349 1799 2408 das Ewig=Menschliche zu offenbaren.
1223 2384 2141 2442 Die Rolle Hofreiters spielte Herr Korff mit einer
1140 2445 2131 2484 samosen Verbindung von Liebenswürdigkeit, Tempera¬
1142 2482 2145 2543 ment und Zynismus. Sein ganzes Wesen atmete den
1132 2510 2142 2592 Hauch frisch zugreisender Lebensfreudigkeit, die er im
1144 2554 2142 2626 gegebenen Augenblicke ohne große Geste ins Gegenteil
1148 2607 2148 2666 zu verkehren wußte. Fräulein Marberg glich als
1161 2654 2152 2709 Genia einem schönen Bilde, das mehr in der Dar¬
1147 2694 2147 2754 stellung hoheitsvoller Ruhe als in der trauernden Miene
1143 2754 2147 2802 den feelischen Schmerz zum Ausdrucke brachte. Nur in
1156 2776 2144 2833 der Szene mit Frau v. Aigner — da sich das Leid in
1148 2813 2152 2894 Tränen auflöst — schien die Starrheit zum Leben zu
1153 2873 2150 2921 erwachen. Prächtig war Fräulein Hofteufel als
1146 2907 2150 2958 Erna. Willensstarke und absolute Hingebung vereinte ihr
1146 2953 2152 3026 Spiel zu seltener Harmonie. Den Hoteldirektor gab Herr
1158 2997 2142 3058 Devrient mit sicherer Ueberlegenheit. Die Ent¬
1160 3053 2145 3101 täuschung der geschiedenen Frau wußte Frau Bleibtren
1162 3091 2159 3140 mit Würde zu tragen. Sehr gut war Herr Gerasch in
1150 3135 2153 3190 der Rolle des Fähnrichs. Als Dr. Mauer war Herr
1158 3180 2160 3232 [Paulsen von schlichter Innigkeit. Ein wahres¬
1149 3210 2165 3285 1 Musterexemplar eines Hotelportiers lieferte Herr
1142 3310 2133 3378 Thimig, dessen sichere Regieführung gleichfalls war
1149 3349 2108 3426 Anertennung berient. Als charakteristische Gesellschaft“
1153 3421 2096 3463 typen boten die Damen Devrient=Reinho
1145 3452 2124 3510 und Wilke, sowie die Herren Heine, Treßle
1141 3500 1971 3563 Frank und Höbling hübsche Leistungen.
1202 3548 2103 3593 Das Stück fand eine überaus günstige Aufnahme un
1154 3592 2104 3650 das Publikum folgte dem Dichter mit großem Interes
1140 3643 2073 3690 durch das weite Land. Der Beifall nahm von Akt
1149 3676 2115 3728 Akt an Intensität zu. Erst erschien Herr Reimers, um i¬
1151 3721 2114 3764 Namen Artur Schnitzlers für den Beifall zu danke
1141 3765 2123 3813 dann mußte der Dichter persönlich den zahlreiche
1151 3807 1625 3865 Hervorrufen Folge leisten.
1208 3879 1616 3942 Ontturiel.
