3392 4384
674 174 783 236 We
1356 172 1823 263 box 29/5
255 167 1205 263 24. DasTLeLand
1353 935 2262 1002 schon ein bißchen aus Tradition feinen Leuten
1359 993 2259 1048 abspielte. Der Titel wurde gerechtfertigt: was da
2152 1034 2264 1078 — es
1357 1032 2159 1079 vorging, mochte es zuletzt nicht fein sein -
1369 1072 2267 1118 vollzog sich in dem weiten Land der Seele, zeigte,
1365 1110 2267 1157 wie weit dieses Land der Widersprüche, das die
1369 1178 2265 1242 eigentlich reicht. In dieser neuen Aufführung,
1370 1218 2263 1279 auf derselben Bühne, erlebte man eine Verlage¬
1362 1260 2264 1323 rung des Stückes im Milieu — gleichsam in eine
1373 1302 2264 1347 inzwischen heraufgekommene neue Schicht. Was
1365 1344 2265 1387 jetzt da auf der Szene herumlief, war nicht mehr
1362 1374 1846 1436 das Bürgertum Brahms
1843 1370 2273 1429 — es war Bürgerium
1359 1417 2265 1469 von heute, neues, traditionloses und traditionlos
1358 1463 2263 1514 Gesehenes. Mit einer Kultur von gestern —,
1367 1500 2269 1567 während die bei Brahm immerhin schon etwas
1374 1535 1596 1591 älter war.
1428 1566 2276 1636 Das läßt sich vielleicht aus den Veränderungen
1363 1618 2272 1680 der Zeit, vielleicht aus den seelischen Verschieden¬
1367 1660 2274 1711 heiten der Regisseure herleiten: einst hieß der
1365 1697 1800 1757 Glaube Emil Lessing —
1841 1695 2271 1755 jetzt heißt er Oscar
561 1694 1255 1808 Dr. Max Goldschmidt
1358 1740 2260 1783 Kanhl. Das Merkwurdige war nur, wie gut sich
1361 1780 2268 1816 das Stück dieser Abwandlung fügte. Wie seine
549 1774 1266 1864 Bureau für Zeitungsausschnitte
1371 1819 2262 1877 müde seelisch=gesellschaftliche Feinheit mühelos ver¬
465 1811 747 1885 BERLIN N. 4
879 1844 1330 1910 Telefon: Norden 3051.
1363 1857 1538 1911 schwand
1568 1854 2265 1906 und dafür eine junge Seele und eine
1377 1897 2259 1944 sehr junge Kultur im Literarischen sichtbar wurde.
339 1895 685 1965 Ausschnitt aus:
1370 1938 2261 1986 Das Stuck blieb langweilig und verschollen: sein
1373 1974 2271 2026 Autor aber wurde Problem. Was Brahm einst
582 1967 1324 2053 Deutsche Allgemeine Zeizing, Bollp.,
1366 2006 2273 2069 verhüllt hatte, enthüllte Kanehl. Fraglich bleibt
1127 2016 1361 2105 Oez. 1921
1373 2054 2264 2093 nur, ob mit Absicht. Man erlebte drei langweilige
1368 2087 2256 2149 Akte voll mühsamer Feinheit — und zwei kurz¬
1373 2126 2271 2189 weiligere, voll straffen Theaters und straffer Sen¬
1376 2170 2276 2229 timentalität. Und mit möglichst viel Prominenten.
446 2183 1346 2275 Schnitzler: „Das weite Land“.
1427 2215 2262 2263 Und das war auch sehr lustig. Man hatte zur
1368 2242 2262 2312 Eröffnung alles mögliche auf die Szene gestellt:
660 2261 1137 2338 Lessing=Theater.
1366 2278 2269 2353 Frau Triesch und Frau Sandrock, Herrn Korff
506 2309 1349 2395 Vier Monate Revue — nun zieht wieder die
1366 2335 2273 2376 und Josef Klein und Ferdinand Bonn und Herrn
1366 2371 2259 2431 Schroth und Herrn Falkenstein — versuchte es
437 2375 1348 2427 Literatur ein. Allerdings — unter der Flagge
1361 2398 2266 2461 mit der üblichen Quantitatswirkung. Und cs
440 2402 1356 2467 der Brüder Rotter. Wo einst Otto Brahm
451 2445 1355 2506 herrschte wo Barnowsky jahrelang wirkte, zieht
1366 2452 2269 2500 ging nicht. Drei Akte lang standen alle ver¬
1359 2488 2266 2539 einzelt nebeneinander in der novellistischen Un¬
451 2483 1355 2530 der Geist des Trianon — des kleinen Theaters
452 2529 1352 2594 ein. Und zur Weihe des Hauses wird Schnitzler
1363 2518 2274 2572 bewegtheit der Komödie: erst die Theatralik des
446 2560 620 2620 gespielt.
1364 2557 2268 2616 vierten Akts schuf etwas wie ein Ganzes und
1358 2603 2274 2673 ein bißchen Atmosphäre. Es ist halt doch nicht
510 2588 1346 2661 Dieses war nun nicht ohne Reiz. Während
1363 2643 2263 2700 genug, berühmte Schauspieler nebeneinander zu
436 2646 1350 2709 der endlosen ersten drei Akte knackten ja manchmal
1365 2668 2275 2749 stellen: man muß auch etwas zwischen ihnen und
449 2678 1354 2741 die Backenknochen vor Langeweile, soweit die
1361 2720 1799 2778 um sie herum schaffen.
448 2719 1350 2776 Sache die Literatur anging. Dafür kam man aber
443 2762 1357 2826 sofort auf die Kosten, sobald man die Geschichte
1404 2752 2275 2838 Die Verbindung zu der einstigen Aufführung
445 2809 1345 2847 ein bißchen daraufhin besah, was sich denn an
1353 2808 2274 2870 bei Brahm schuf Frau Triesch, schon damals
447 2841 1347 2900 Seelischem der Zeit wie der Menschen in ihr
1370 2848 2268 2897 Frau Hofreiter. Und an ihr erlebte man den
452 2886 1345 2935 arkellte und enthüllte. Die einzelnen Gestalten
1355 2889 2276 2946 Wandel des übrigen am deutlichsten. Denn sie
451 2928 1345 2989 derf Komödie und ihr Geschick hat für uns kein
1359 2927 2268 2991 war so fein und diskret geblieben wie damals,
1363 2959 2270 3017 gedämpft und noch im Theatralischen ganz zurück¬
450 2959 1350 3005 Interesse mehr. Staub liegt dick auf diesem
1362 2999 1520 3051 haltend
448 2996 1350 3041 Hin= und Herlieben dieser Menschen, von denen
1510 3008 2268 3053 — und stand damit ziemlich fremd und
1356 3038 2277 3093 einsam neben den andern. Friedrich Hofreiter
437 3034 1341 3091 keiner aus dem Lebendigen herausgestaltet ist,
436 3081 1345 3138 sondern lediglich von Gnaden einer verschollenen
1367 3071 2262 3129 war Herr Korff. Sehr geschickt, etwas zu sehr
435 3119 1346 3165 Literatur lebt. Die Geschichte von Herrn Hofreiter
1356 3117 2265 3176 auf Worte ohne Substanz gestellt — vielleicht
1362 3150 2269 3207 auch ein bißchen zu sehr auf den Fabrikanten,
445 3160 1341 3210 und seiner Frau, die einander so fremd sind und
1368 3196 2277 3257 den Tatmenschen: Hofreiter ist immerhin auf dem ##
436 3189 1338 3234 doch zusammengehören: er, der berühmte Schnitz¬
1356 3233 2263 3286 Umweg über Schnitzler mit dem Toren Hoff¬
444 3234 1339 3293 lersche Vierziger greift nach allem Weiblichen, das
1356 3268 2265 3326 mannsthals entfernt verwandt. Der Dr. Mauer,
444 3277 1339 3329 in seine Nähe kommt, sie geht leidend neben ihm,
1354 3316 2267 3375 der moralische Räsonneur ohne Räsonnement,
431 3311 1342 3364 bis sie schließlich dem jungen Fähnrich in die Arme
1359 3354 2268 3395 einst Herr Marr, war Herr Josef Klein, in der#
442 3351 1346 3397 fällt, den nun der Mann der freien Redensarten
1353 3390 2257 3432 Marke Schnitzlers; der Doktor v. Aigner, den
438 3395 1180 3442 schleunigst über den Haufen knallt
1212 3395 1345 3447 diese
1352 3431 2274 3487 damals Reicher machte, sprach Ferdinand Bonn.##
444 3422 1338 3481 Geschichte, auf die wir, jung und dumm, einst
1363 3470 2261 3521 Den tragischen Fähnrich machte Herr Alexander,
442 3472 1344 3520 hereinfielen, ist für uns ferne Historie, aus einer
1367 3500 2267 3556 seine Mutter war Frau Sandrock. Forests Rolle
445 3506 1345 3551 Welt, deren Rhythmus verschollen und meilenfern
1354 3540 2259 3608 des Albertus Bohn hatte Herr Falkenstein be¬
449 3543 1349 3606 hinter uns liegt. Wenn man sich aber an die
1356 3580 1568 3635 kommen.
437 3580 1138 3642 Erstaufführung bei Brohm erinnerte
1178 3588 1347 3644 damals
438 3616 2268 3697 erlebte man etwas, was sich unter anterzogen, Der Veifall war zunächst ziemlich matt; erst
2279 938 3179 1012 nach dem vierten und fünften Akt wurde das
2278 991 3178 1057 Publikum lebendiger und klatschte die Schau¬
2278 1027 2816 1094 spieler immer wieder heraus.
2326 1058 3167 1119 Dem Beleuchtungsmann soll man noch ein
2279 1087 3168 1157 paar Proben gewähren: das prompte Dunkel¬
2282 1153 3166 1197 werden im ersten Akt, bevor Hofreiter den Brief
2268 1181 3168 1233 lesen will, wirkt genau so komisch wie das
2269 1214 3178 1284 stimmungsvolle Alpenglühen im dritten eine
2272 1263 3102 1328 Minute vor dem Andrehen des Kronleuchters.
2877 1300 3135 1359 Fechter.
