3392 4320
226 109 1188 211 24. Das weiteLand
1349 103 1769 190 box 28/4
2517 62 2595 107 W
2285 151 2797 233 „Das weite Land.“
2175 226 2990 289 Tragikomödie in fünf Akten von Arthur
2114 260 2991 326 Schnhler. Erstaufführung im Lessingtheater.
2197 317 2989 379 Es gibt in dieser, zwischen Rührung und
2110 355 2985 405 Affektiertheit, zwischen Tiefe und Banalitat un¬
2120 391 2992 454 ruhig daherflatternden Komödie, die fünf ge¬
2122 437 2990 494 dehnte Akte hat, eine Szene von starkem,
2105 472 2987 520 dramatischen Gefüge. Das ist, da der leiden¬
2111 520 2987 574 schaftliche, heißbegehrende Vierzigjährige, der
2105 561 2988 616 Lebemann und Ehemann, um die Liebe der
2118 593 2993 648 koketten, sich spröd geberdenden und doch
2114 628 2189 671 so
2189 626 2984 679 gern gewährenden Zwanzigjährigen wirbt.
2117 672 2985 733 Darüber vergaß man das Theater, das zwin¬
2108 715 2990 765 gende Leben meldete sich. Zum ersten, aber
2119 752 2987 805 auch zum letzten Male in dem Stück, das ohno
2107 785 2980 847 Rückgrat lebt; nur auf Empfindung, Empfin¬
2108 824 2988 895 delei und Dialog aufgebaut ist. Die Handlung
2108 858 2226 911 fehlt.
2167 891 2983 960 Auch der neue Schnitzler, dem zu guterletzt
2109 937 2981 991 ein freundlicher Beifall blühte, wächst auf
2102 979 2981 1040 Wirer Boden. Wie Watteau, der Maler der
2104 1018 2986 1082 ländlichen Feste, die tändelnde Erotik seiner
2104 1061 2978 1112 Zeit verherrlichte, so sucht Schnitzler immer
2107 1098 2972 1140 wieder, und auch diesmal „Das weite Land“
2171 1138 2989 1206 er versteht darunter die Menschenseele mit
2106 1173 3002 1244 ihren wechselnden Stimmungen und unergründ¬
2097 1213 3022 1263 lichen Gefühlen — zu einem Bilde des Wiener¬
2098 1248 2983 1311 tums, wie es lebt und liebt, zu formen. Ich
2095 1286 2983 1345 kenne die Wiener Welt nicht, die er uns vor¬
2102 1325 2985 1394 führt, aber ich glaube, das Bild ist arg vor¬
2094 1360 2297 1421 zeichtiet.
2171 1392 2984 1463 Schnitzler gibt die große Tragikomödio des
2092 1415 2989 1503 leichtlebigen Ehemannes und hor schwerblütigen
2104 1485 2984 1526 Frau, die sich schließlich, von ihrem Manne
2105 1517 2976 1572 moralisch infiziert, einen Liebhaber nimmt.
2095 1559 2946 1611 Und darüber zerbricht die so lange Jahre auf
2092 1607 2983 1657 recht erhaltene Ehe. Der junge Amstoso fällt
2103 1638 2965 1690 im Duell und der siegreiche Gatte geht in einem
2096 1676 2984 1737 pfychologisch unwahren Anfall von Schwermut
2092 1729 2970 1777 über das große Wasser. Warum — Riemand
2097 1746 2209 1805 weiß
2441 1751 2751 1813 selbst nicht,
2841 1763 2980 1821 Frau
2303 1765 2352 1826 *
2091 1783 2235 1840 nicht,
2431 1782 2978 1848 stürmisch umworbene und
2095 1830 2977 1897 nun abgeschuttelte Geliebte nicht und. wahr¬
2093 1863 2975 1916 scheinlich auch Schnitzler selber nicht. Um es
2090 1907 2979 1970 knapp zu erzählen: der reiche Fabrikant Hof¬
2082 1953 2980 2011 reiter hat eine Frau, die nicht nur auf den
2088 1989 2963 2057 seltenen Namen Genia hört, sondern auch so
2091 2016 2471 2082 selten groß denkt,
2501 2032 2967 2087 iß sie dem Wiener Don
2087 2064 2959 2111 Juan die Liebschaften nicht nur verzeiht, son¬
2081 2105 2961 2166 dern sogar die Revanchs mit gleicher Waffe
2089 2137 2969 2189 verschmäht. Trotzdem Herr Korsato, der sie ge¬
2089 2189 2960 2243 liebt und für den sie ettoas empfunden hat,
2090 2227 2966 2284 ihretwegen aus dem Leben geschieden ist. Aber
2086 2264 2970 2323 schließlich, während der Gatte im Hochgebirge
2086 2302 2960 2360 einen neuen Flirt beginm, erfüllt sich auch ihr
2083 2331 2445 2397 Los: sie ergibt
2572 2347 2972 2404 Werbungen eines
2084 2377 2959 2433 jungen Burschen. Mildernder Umstand aller¬
2093 2407 2961 2493 dings: zweierlei Tuch; der Jüngling ist Marine¬
2093 2453 2273 2510 fähnrich.
2137 2481 2965 2547 Und nun geschieht das ungeheuerliche: der
2087 2512 2246 2581 Mann,
2426 2544 2969 2595 die Gemütsruhe darüber zu
2085 2552 2982 2648 vallieten, den Fähfnrich 'za nächtlicher Stunde en
2092 2615 2963 2675 das Schlafzimmer seiner Fra uhat steigen sehen,
2088 2658 2959 2716 fordert den Aermsten, im jähen Wechsel der
2084 2689 2954 2742 Lanne, zum Duell, und knallt ihn nieder. Warum
2077 2739 2957 2800 & das fü. — er, dem seim Frac gleschgültig und
2137 2766 2956 2818 Ehebruch verzeiblich erscheint? Schnitzler
2080 2803 2793 2872 west auf den Titel: „Das weite Land“,
2832 2823 2956 2870 er der
2088 2850 2962 2914 Titel, so gut er ist, kittet keine psychologischen
2085 2883 2736 2945 Sprünge, die unreparierbar sind.
2143 2918 2949 2983 Die Darstellung tat alles, um die brüchigen
2087 2965 2953 3026 Stellen der Komödie zu verdecken. Dem be¬
2092 3004 2949 3070 seelten Spiel der Irene Triesch gelang es
2087 3043 2954 3086 beinahe. Nicht aber Heinz Monnard den
2073 3084 2953 3146 man sich wohl als sieggewohnten Frauenhelden
2084 3117 2953 3185 gefallen lassen konnte, doch nicht als tiefgrün¬
2079 3160 2946 3223 digen Melancholiker. Dafür war er zu gerad¬
2071 3203 2945 3262 linig und zu robust. Reizvoll war Hilde
2077 3237 2956 3303 Herterichs spröde Art, mit der sie die
2068 3275 2954 3350 phantastische kokette Zwanzigjährige erfaßte.
2072 3315 2938 3369 Sonst gab's — Carl Forest in einer lebendig
2076 3348 2951 3420 gehaltenen Nebenrolle ausgenommen — nur ein
2074 3390 2895 3458 mäßiges Spiel; selbst Rescher war matt.
2614 3437 2905 3507 Julius Knopf.
2117 3506 2951 3602 Ueber die Wiener Aufführung erhalten
2070 3548 2792 3620 wir folgendes Privattelegramm:
2108 3593 2570 3663 Wien, 14. Oktober.
2584 3610 2940 3674 (Privattele¬
2063 3643 2254 3689 gramm
2373 3649 2900 3712 „Berl. Allgem. Zig.
2064 3681 2783 3746 Am Burgtheater erzielte Schnitzler
2787 3695 2942 3749 einen
2054 3720 2935 3781 großen, von Akt zu Akt sich steigernden Er¬
2059 3763 2942 3829 folg. Die Darstellung (Korff als Hofreiter,
2063 3800 2931 3873 Willy als Genia und Fräulein Hofteufel als
2059 3841 2933 3906 Erna Wahl) leistete Hervorragendes. Nach
2059 3866 2928 3943 dem ersten Akte dankte der Regisseur Reimers
2061 3917 2926 3966 für den Beifall, nach den folgenden Akten er¬
2048 3957 2931 4032 schien Arthur Schnitzler wiederholt vor dem
2056 3990 2252 4057 Vorhang.
