3484 4224
596 -44 912 24 —. —Jfege
241 -5 924 65 des Semmeringer Südbahnhotels
234 35 910 111 Er ist jetzt nicht mehr Hotelportier,
238 92 908 151 Mitbesitzer des Theatercafés in der
229 136 908 195 enstraße. Aber vermutlich nicht
223 181 902 240 nge. Denn Veruntreuungen eines
258 223 899 274 Kompagnons, ein Raumungs¬
231 257 818 319 seines Hausherrn haben ihn
819 270 897 320 so
219 295 905 359 bracht, daß er zu Tode froh sein
213 342 895 407 enn er ohne überschuldet zu sein,
217 391 895 461 chäft abgeben und etwas Neues
222 431 377 496 n kann.
228 510 886 592 rgtherter geben s ein Stück
272 570 662 652 vom Schnitzler“
228 637 875 710 t wieder „Bitte, Herr Doktor“, genau
210 685 879 752 Stück. „Ja, damals, 1911, war ich auf
216 725 871 800 zeitsreise. In Venedig sitz ich an der
1460 -41 1614 45 S
1433 35 1493 95 34
1271 62 1761 137 n
928 129 1765 204 Riva Schiavoni beim Friseur, muß warten,
930 174 1771 242 nehm' eine Wiener Zeitung in die Hand und
933 213 1763 279 seh' ein Bild von einer Szene in einem neuen
929 246 1771 318 Theaterstück. „Donnerwetter, das sieht unserer
930 288 1767 357 Hall ähnlich!' denk ich, da komm ich schon
932 326 1764 392 dran, leg' die Zeitung weg und hab's ver¬
925 377 1763 435 gessen. Wie ich auf den Semmering zurück¬
927 403 1759 474 komme, sagen mir alle Leute: „Rostler, im
923 441 1278 497 Burgtheater geben
1284 455 1753 507 s' ein neues Stück, da
927 475 1751 549 spielt dich der Hugo Thimig, wie du leibst
922 526 1745 590 und lebst, sogar die Kappen hat er nie auf,
917 551 1758 642 sondern legt s' nur so aufs Pult, wie du es
914 598 1074 650 machst!“
958 645 1749 714 „Und haben Sie sich dann im Theater ge¬
895 665 1066 743 ssehen?“
955 704 1744 787 „Damals hab' ich keine Zeit gehabt, erst
901 753 1760 822 viel später im Deutschen Volkstheater hab
895 788 1749 861 ich 's g'seh'n, ich glaub' mit Herrn Arndt,
905 839 1754 898 aber der Herr Hofrat Thimig war vorher bei
906 876 1753 941 mir gewesen und hat mich studiert, ohne daß
907 903 1007 951 ich
1037 920 1746 984 g’wußt hab', sogar abzeichnet hat er
896 942 1026 1000 mich!“
941 983 1738 1056 „Und Schnitzler hat mit Ihnen gesprochen?“
932 1039 1744 1093 „Und wie oft noch dazu. Der war ja
902 1059 1754 1134 Stammgast bei uns. Auch Hugo von Hof¬
906 1105 1736 1171 mannsthal. Dem hab' ich einmal ein Man¬
903 1132 1734 1201 sardenzimmer eing'redt, weil 's am ruhigsten
897 1178 1738 1253 ist, und von da an hat er immer das Man¬
907 1212 1738 1290 sardenzimmer haben wollen. Und jetzt, wie
904 1258 1734 1334 er tot war, hab' ich den Leuten nur sagen
900 1288 1735 1365 brauchen: „in dem Mansardenzimmer hat der
891 1336 1735 1417 Hofmannsthal g’wohnt', und schon hab ich 's
886 1370 1099 1421 anbracht.!“
921 1402 1726 1490 „Wie sind Sie denn eigentlich Cafétier ge¬
900 1446 1064 1496 worden?“
922 1484 1723 1567 „Fünfunddreißig Jahre war ich im Süd¬
889 1523 1726 1599 bahnhotel, meine Frau war dort Wirt¬
883 1565 1726 1635 schafterin. Wie wir dann weg sind, hab' ich
888 1609 1716 1675 mit einem Herrn der mit mir im Südbahn¬
889 1638 1720 1710 hotel war, das Kaffeehaus hier gekauft. Es
882 1685 1603 1765 war schon damals kein Segen darauf.
869 1764 1724 1851 „ und Sehnsucht hätt' ich nach
1112 1822 1313 1899 droben
1382 1835 1456 1910 77
893 1884 1728 1965 Das sagt der Portier Rosenstock aus dem
884 1934 1710 2003 „Weiten Land“ wirklich mit einer gewissen
882 1978 1714 2058 resignierten liebenswürdigen Überlegenheit
877 2011 1162 2070 über die Dinge.
893 2045 1657 2128 „Und was wollen Sie dann anfangen?“
891 2103 1706 2177 Nun hat sich auch seine Frau dazu gesetzt,
871 2143 1709 2216 einst wirtschaftliche Seele des Südbahnhotels,
880 2177 1721 2258 Spuren kummervoller Nächte im noch immer
866 2211 1180 2275 schönen Gesicht.
897 2263 1694 2326 Der Portier Rosenstock (ganz leise):
874 2299 1705 2376 „Wissen S' Sehnsucht hätt' ich halt nach
869 2342 1702 2415 droben, nicht nach den Bergen oder der Land¬
857 2385 1707 2452 schaft, aber nach dem alten Haus. Wenn ich
865 2426 1704 2494 mich erinnere, ich hab' immer einen glatten
863 2454 1708 2535 Salonrock getragen und hab' mich geweigert,
859 2499 1706 2571 mir die Schlüssel auf die Aufschläge aufnähen
858 2536 1167 2596 zu lassen. „Ja',
1224 2556 1704 2606 hat mich der Präsident
851 2571 1260 2634 Fall lachend gefragt
1315 2589 1698 2645 'ham S' vielleicht
852 2618 1692 2689 Angst, daß man Sie für einen Portier halten
855 2650 1003 2701 könnt?'
1027 2665 1700 2720 — „Herr Präsident' hab' ich geant¬
844 2688 1699 2764 wortet, mich hat noch keiner für einen
842 2733 1403 2798 Ministerpräsidenten gehalten!"
885 2778 1685 2853 Wenn der Hausherr ein bisserl ein Ein¬
838 2813 1688 2891 sehen hat, hoffe ich, daß mir meine vielen
834 2850 1696 2932 Bekannten es ermöglichen werden, auch wei¬
835 2884 1682 2954 terhin bescheiden und anständig mein Brot zu
838 2933 1692 3010 verdienen. Sehen Sie, ich bin wirklich nicht
838 2979 1690 3037 schuld daran, daß ich in Schulden geraten
841 3015 1681 3085 bin. Aber da hab' ich einen Stammgast, einen
835 3051 1677 3126 alten Oberst, gestern hat er sich verabschiedet,
830 3090 1685 3160 ein Nachbarstaat hat ihm seine Pension
834 3127 1693 3204 neuerlich gekürzt, er kann sich das Kaffeehaus
838 3172 1691 3242 nicht mehr leisten. So kommt es, daß ich den
1443 3224 1474 3252 1
836 3206 1481 3283 Zins nicht mehr erschwingen kann:
902 3277 1605 3369 Das „Weite Land“ und die
1000 3346 1492 3431 literarische Ewigkeit
862 3416 1669 3494 Und dann spricht der Portier Rosenstock
832 3465 1664 3541 wieder von den Zeiten, da ihm Präsident
823 3501 1484 3574 Sieghart auf die Schulter klopfte.
868 3549 1668 3626 Jetzt, glaube ich, möchte er sich gern die
823 3572 1675 3667 Schlüssel auf die Aufschläge nähen und das
831 3634 1673 3706 Portierkappel aufsetzen, der liebe gute
816 3680 1657 3744 Rosenstock, der durchs „Weite Land“ als
825 3730 1670 3803 Hotelportier in die literarische Ewigkeit
823 3767 1660 3838 eingegangen ist, ehe er darauf kam, daß
822 3815 1659 3886 es schwer ist, ein lebender Wiener Cafétier
815 3848 998 3920 zu sein.
2547 728 2891 876 RATIS
2116 831 2964 985 „OBSERVER“
2213 932 2907 1020 I. österr. behördl. konzessioniertes
2171 973 2950 1063 Unternehmen für Zeitungs-Ausschnitte
2233 1031 2865 1126 WIEN, I., WOLLZEILE 11.
2302 1106 2786 1171 TELEPHON R-23-0-43
2095 1208 2474 1289 Ausschnitt aus:
2332 1302 2799 1386 Kronenzeitung. Wien
2083 1450 2244 1511 vom:
2481 1407 2714 1503 13.FEB
2092 1619 3013 1677 K. (Akademietheater.) „Die verlorene
2093 1671 3010 1720 Tochter“ von Ludwig Fulda.Das Burg¬
2098 1711 3010 1761 theater vergaß, den 70. Geburtstag seines
2091 1759 2998 1797 alten, erfolgreichen Lustspieldichters alter Schule
2094 1797 3006 1835 und feinfühligen Uebersetzers Molieres und
2098 1822 3001 1875 Ibsens, rechtzeitig zu feiern. Das Geschöpf seiner
2103 1869 3007 1917 guten Laune anno 1917, „Die verloren Tochter“.
2095 1904 3006 1954 diese bürgerliche, im elterlichen Käfig einge¬
2102 1946 3001 1990 sperrte, schöngeistige Gans, die sich in einen
2097 1979 3001 2023 lächerlichen Pedanten von Literaturprofessor ver¬
2103 2016 3008 2071 gafft, mit ihm auf einen Weekend=Sportausflug
2099 2061 3009 2109 geht, um sich dort aber anderweitig zu verlieben,
2125 2100 3014 2145 teht noch heute beim Rublikum in höchiter
2085 2120 2999 2175 Gunst. Die Leute quietschten förmlich vor Ver¬
2088 2181 3011 2227 gnügen. Und da glaubte man, daß alle diese
2096 2217 3004 2270 langst in die „Fliegenden Blätter“ eingegangenen
2080 2253 3032 2288 komischen Figuren, wie der Tyram. von Erb#
2094 2290 3105 2350 onkel, die spießerischen Eltern, der in den
2088 2324 3092 2378 Klavier= oder Literaturlehrer verliebte Backfisch##
2086 2368 3100 2417 der Schlehmil von Liebhaber, der Schwerenöten
2094 2407 3083 2460 in Montur oder Frack, im Jahre 1934. nur noch
2089 2448 3002 2492 zu den Gespenstererscheinungen gezählt werden!
2082 2478 2994 2523 Herr Wengraf hat den Spaß aktualisiert und
2086 2521 3043 2578 verwienert. Als Regisseur baute er eine hübsche
2083 2556 2670 2607 Semmeringer Hotelhalle auf —
2691 2561 2993 2620 eine schmerz¬
2081 2589 2989 2651 liche Erinnerung an Schnitzlers „weites Land“
2117 2644 2985 2691 — und spielte nebstbei auch diesen zuckerfüßen
2086 2667 2967 2727 Charmeur von Rechtsanwalt mit dem sieg
2080 2712 3004 2756 reichsten Bonvivantlächeln. Frau Seidler, diese
2085 2755 2996 2810 moderne Schauspielerin, die immer im heiteren
2088 2795 2989 2847 Stück gerne parodistische Töne anschlägt, gibt
2086 2835 2998 2884 mit allem Liebreiz und Witz die altmodische Aus¬
2073 2868 3011 2929 reißerin. Herr Philipp Zeska hat von Rom¬
2083 2918 2980 2963 berg den angebeteten Dümmling von Litera¬
2086 2954 2996 2992 turfatzke geerbt und stattet ihn mit den drolligsten
2083 2987 2993 3043 Nummern aus. Thaller gibt natürlich den
2074 3031 2982 3081 ewig knurrenden Familiendespoten, Herr
2076 3060 2986 3122 Mayerhofer und Frau Rotty sind die all¬
2080 3094 2991 3145 zu besorgten Eltern. Frau Janssen, Fr. Pün¬
2076 3144 2986 3200 kösdy, Frl. Solvis und Frau Wilke, sowie
2071 3182 2989 3227 die Herren Huber und Haeussermann
2080 3221 2981 3276 entwickeln ebenfalls ziemlich viel Humor. Das
2074 3263 2990 3308 Publikum wird sicher wieder „Die verlorene
2076 3297 2787 3344 Tochter“ in sein großes Herz schließen.
2840 4004 3002 4066 ——
