3392 4608
1305 160 1749 243 box 28/4
189 186 1149 277 24. Das weite Land
535 968 1483 1053 2u hal die Regierung nenerbings erriart, sie de
515 1043 575 1090 M .
344 1061 1445 1132 winnen und einem Mädel den Kopf zu verdrehen.
353 1095 1525 1173 dieser „tragikomischen“ Einstellung des Problems ist die
353 1142 1509 1216 volle Wirkung des Dramas gescheitert, und sie ward her¬
359 1184 1534 1245 vorgerufen durch die Grenzen in Schnitzlers Talent. Er
350 1215 1524 1274 wäre gar nicht imstande gewesen, eine einheitliche, un¬
361 1265 1533 1326 gebrochene, nur im Handeln sich auslebende Natur zu
353 1306 1547 1360 schildern; sein Gebiet ist das „weite Land“ der Seele, in
347 1345 1535 1403 dessen Dämmerungen und Abgründen sich seine Phantasic¬
354 1373 1526 1435 mit Lust verliert. Das eigentlich Erlebte in der Gestalt
352 1422 1527 1487 des Helden, seine Gier, die sich an Jugend und Genuß
357 1454 1539 1516 klammert, seine amoralische Kraft, tritt daher völlig zurück
355 1494 1539 1555 gegen die geschmäcklerische Freude, mit der der Dichter das
355 1526 1540 1606 bun“ Gewirr der Nebenfiguren psychologisch koloriert.
357 1568 1543 1622 Er hält mit der kühlen Interessiertheit des Beobachters
352 1611 1547 1669 diese Leutchen in der Hand, dreht und wendet sie nach allen
370 1648 1551 1706 Seiten und enthüllt ihr Menschlich=Allzumenschliches bei
367 1688 1536 1750 dieser Prozedur. In dem wundervoll geführten Dialog.
355 1718 1542 1799 der wieder die unter unseren deutschen Dichtern Schnitzler
369 1768 1548 1834 allein eigene Kunst der anmutig tiefsinnigen Couserie zeigt,
368 1808 1550 1870 erklingen weisheitsvolle Aphorismen, lyrisch schöne Spieg¬
370 1852 1546 1904 lungen der Natur im „weiten Land“ der Seele, ergreifende
371 1882 1554 1942 Wort von Sehnsucht, Liebe und Tod. — Ein echter Schnitz¬
374 1928 1560 1989 ler ist dieses Stück trotz der Unsicherheit in Stil und
372 1979 1554 2024 Charakterzeichnung, um seiner äußerlichen Kälte und
1129 2001 1538 2053 Die Berliner Auf¬
373 2012 1075 2056 seiner innerlichen Wärme willen.
374 2035 1551 2108 führung war recht gut; die beste schauspielerische Leistung.
373 2069 1558 2127 die Heinz Monnards, scheiterte an der Unzulänglichkeit
378 2111 1559 2188 dieses Schnitzlerschen Helden. P. L. — In Leipzig hat
368 2158 1548 2217 das Schnitzlersche Stück eine kühle Aufnahme gesunden.
462 2192 1545 2250 * Kleine Mitteilungen. Berlin. Die Königl. Hofoper hat
375 2253 1553 2302 die Titelrolle im Rosenkavalier vierfach besetzt, und
375 2261 1543 2327 zwar mit den Damen Böhm=van Endert, Artot, Ober und Sava¬
376 2299 1561 2347 tini. — Berlin. Der in Berlin=Schöneberg lebende Pianist
377 2314 1560 2384 Emil Olbrich hat eine Verbesserung der Klaviaiur er¬
377 2353 1560 2424 funden. Sie beschränkt sich auf die Erniedrigung der Obertasten,
381 2395 1560 2461 ohne an den sonstigen Abmessungen der alten Klaviatur irgendwie
381 2431 1549 2501 zu rütteln. Die Olbrich=Klaviatur gibt durch Veränderung in der
387 2467 1548 2523 Drehpunktslage und richtige Ausbalancierung den Obertasten den
390 2504 1552 2569 Fall und Druck der Untertasten, und da sich die Höhe der Obertasten
386 2550 1502 2601 nach ihrem Fall richtet, erniedrigt sic diese um 3 bis 4 mm.
730 2584 1219 2673 Bildende Kunst
523 2656 1581 2716 Wilhelm Bode über das „Scherbengericht der Kunst¬
387 2700 1574 2769 historiker". Es hat kein geringes Aufsehen erregt, als
380 2741 1568 2807 Rembrandts berühmte Landschaft Die
391 2789 1573 2842 Mühle, die jetzt nach Amerika verkauft worden ist, dem
398 2817 1569 2885 Meister abgesprochen und als ein Werk des Aert de Gelder
389 2845 1574 2915 oder des Hercules Seghers bezeichnet wurde. Die bei
384 2893 1576 2951 Bruno Cassirer in Berlin erscheinende Monatsschrift Kunst
390 2926 1564 3002 und Künstler hat eine Reihe der besten Rembrandt=Kenner
389 2981 1566 3023 um ihre Meinung über die Echtheit des Werkes befragt.
397 3015 1561 3079 Die Mehrzahl hält an Rembrandt als dem Maler der
398 3040 1571 3114 Mühle fest. Besonders bemerkenswert ist der Beitrag Wil¬
395 3084 1574 3149 helm Bodes, des Generaldirektors der preußischen Museen.
393 3124 1579 3187 Wenn man diesem hervorragenden Kunstkenner wiederholt
397 3174 1570 3226 Irrtümer in seinen Ankäufen hat vorwerfen wollen, so
402 3206 1571 3266 rächt er sich jetzt an den Kunsthistorikern, indem er seiner¬
403 3236 1576 3311 seits einmal nicht ohne Humor eine ganze Liste von Fällen
403 3286 1566 3349 zusammenstellt, in denen Kunsthistoriker in kritischem Über¬
406 3314 1569 3388 eifer große Meisterwerke für unecht erklärt haben. „Eines
410 3356 1576 3429 möchte ich (so ruft er aus) noch erleben: ein Scherben¬
408 3398 1574 3460 gericht der Kunsthistoriker. Dann melde ich mich
413 3443 1560 3498 zum Direktor der verdammten Bilder und Bildwerke ...
416 3474 1589 3535 und ich wäre sicher, in wenig Jahren eine der schönsten
403 3514 1590 3586 Sammlungen beisammen zu haben. Ich nenne nur einige
402 3557 1631 3625 der durch die Scherben namhaftester Fachgelehrter als:
399 3582 1645 3676 kunst= oder namenlos verworfenen Kunstwerke.“ An der!:
1941 1188 2670 1306 Wie Well am Mentag, Berhr
2239 1369 2547 1487 16 10. 191
2035 1538 2683 1660 er neue Schnitzler.
2109 1622 2627 1693 („Das weite Land.“)
1836 1654 2974 1742 Es war ein melancholisches Wiedersehen. Die späte Begeg¬
1770 1694 2967 1790 nung mit einer alt gewordenen Geliebten. Von holden Erinne¬
1778 1729 2976 1825 rungen umwittert, in weichen Herbstschimmer getaucht, und beseelt
1766 1773 2986 1868 von dem redlichen Drange, den Glanz und die Schönheit verklun¬
1781 1812 2977 1909 genen Glücks noch einmal ins Leben zu retien. Die bittere Er¬
1780 1848 2993 1944 kenntnis von der Begrenztheit des Irdischen spukt hinter dem
1774 1884 2991 1985 allem. Die wehmütige Resignation des Aelter= und Fremder=Wer¬
1783 1935 2987 2020 dens, und das Bewußtsein, Dinge entgleiten und verflattern zu
1783 1991 2761 2076 sehen, denen man sich für ewig verschwistert glaubte. -
1865 2000 2988 2098 Herbst, Herbst, Herbst. Der Wind schüttelt gelbe Blätter und
1787 2068 2998 2145 fegt mit kalter Grausamkeit über Straßen und Plätze. Vorbei,
1793 2085 2996 2197 vorbei. Ein Duft voll Schwermut bleibt zurück, und das Gedächt¬
1799 2126 2993 2219 nis hellerer Tage umkleidet sich mählich mit der blassen Schönheit
1792 2169 3002 2259 des Märchens. Der Dichter Arthur Schnitzler, der uns die köst¬
1793 2210 3001 2297 liche Welt des „Anatol“ hinzauberte,, der uns die Farben des
1810 2252 3000 2346 „Grünen Kakadut und die feine Silberlicht=Poesie der „Liebelei“.
1802 2287 3007 2390 schenkte, — wie ein Schatten, ungreifbar und wesenlos, schwebt
1803 2332 3013 2416 er vorüber. Seine kultivierte Eleganz und seine weltmännische
1798 2374 3009 2461 Ironie lädt uns noch einmal in jene dämmerige Luxuswelt, wo
1814 2414 3015 2506 Kulturmüdigkeit und verfeinerter Sinn spielerisch um die Fragen
1812 2464 3016 2544 des Lebens kreist. Im Frack und mit weißer Binde schreiten noch
1809 2493 3013 2576 einmal blasse Menschen über schwere, kostbare Teppiche. An tiefe
1805 2528 3016 2621 Zusammenhänge wird noch einmal mit zagem Finger gerührt. Auf
1805 2591 3022 2660 unausgesprochene und mit Händen nicht zu greifende Dinge, die,
1813 2608 3025 2708 wie in verborgenen Seelenfalten, zwischen Mann und Weib,
1823 2655 3030 2749 zwischen nachlässigem Sybaritentum und fraulichem Reinlichkeits¬
1822 2708 3018 2783 drang, zwischen halbeingestandenen Sehnsüchten und erotischer
1816 2734 3031 2834 Spätkultur stehen, fällt ein leiser, verglimmender Schimmer. Man
1833 2771 3029 2864 wird die Ahnung nicht los, daß hier ein Gegenwartsmensch an
1828 2815 3029 2906 der Arbeit ist. mit dem umzugehen noch immer Gewinn und
1829 2844 3039 2953 Freude bedeutet. Aber die kalten Herbstwinde, die dazwischen
1829 2896 3032 2990 jagen, lassen diese Ahnung nirgends zur Erfüllung reifen. Und
1842 2929 3031 3030 ## Anfang und Ende steht das Gefühl, daß Arthur Schnitzlers
1841 2990 3039 3064 Simme alles Metall verloren hat und nur noch wie ein letztes,
1808 3022 2854 3101 Ifernes Echo aus besseren Vergangenheiten herüberklingt. -
1921 3056 3046 3140 Wenn ich hart werden wollte, müßte ich sagen: Diese Tragi¬
1809 3089 3038 3186 4 komödie ist eine schöne Leiche Aber weil Schnitzlers Sommer einen
1902 3137 3038 3222 ten, silbernen Glanz auch über die Müdigkeit seines Herbstes
1861 3185 3042 3266 weft, will ich sie lieber mit einem schlafenden Dornröschen verlgeichen,
1840 3215 3048 3318 das nichts Schreckhaftes an sich hat dem aber, nach menschlicher
1854 3262 3040 3352 Voraussicht kein Märchenprinz jemals zum Leben verhelfen wird.
2858 3295 3023 3365 A. W.
2125 3337 2761 3438 (Fortsetzung in der 1. Beilage.)
