3392 4352
256 176 1205 286 24. Das weite Land
1361 197 1818 286 box 29/2
1950 196 3125 249 der im Philosophenmantel auftretenden Arlolaliäten einer Steil¬
1950 242 3128 287 des dritten Aufzugs, — nebenbei bemerkt, einer der fadenschei¬
1946 283 3135 353 nigsten Szenen des ganzen Stücks — wohl nur einige ganz be¬
1946 333 3136 400 sonders Erleuchtete gekommen. Unseres Erachtens könnte das
1948 386 3130 456 Stück mit demselben Recht, „Der Wurstkessel" oder noch anders
1940 426 3129 499 heißen. Wenn ein Dichter das Aushängeschild „Die Seele ein
1939 466 3132 556 weites Land“ über sein Drama hängt und dann weiter nichts
1939 530 3125 600 über das Problem zu sagen weiß, wie Schnitzler in diesem
1943 568 3124 638 Stück, so wirft das immerhin schon ein bedenkliches Licht auf
1940 618 3127 674 seinen Geschmack. Aber rechten wir nicht mit dem Dichter über
1939 667 3121 730 die Etikette, die er seinem Stück aufgeklebt hat! Wenn es sonst
1941 717 3120 782 was taugt, so mag es doch heißen, wie es will! — Das Ganze
1936 769 3116 854 ist, wie es sich bei Schnitzler ziemlich von selbst verstehn,
1937 821 3121 875 Ehebruchsdrama von A bis 3, ein Abriß aus dem Leben,
1938 857 3123 936 jener Gesellschaftsklasse, in der Alles haut goüt hat. — Deca¬
1934 911 3121 984 dencestimmung jenseits von „Gut“ und „Böse". Hauptfiguren:
1924 964 3120 1026 Der Fabrikant Hofreiter und seine Frau, die Ehe durch seine
1935 1012 3121 1064 Schuld zerrüttet. Der erste und beste Akt bereitet die kommen¬
1925 1056 3121 1128 den Entwicklungen und Konflikte überzeugend vor. Frau Genia
1929 1098 3119 1158 ist ihrem Mann, trotzdem sie seine Wege kennt, treu gewesen,
1958 1157 3125 1211 weil sie ihn noch immer liebt. Ein Verehrer hat sicht weil
1924 1198 3120 1259 sie fest blieb, ihretwegen erschossen. Der Mann erfährt davon.
1918 1262 3113 1325 Ihm, dem Sinnmenschen, ist das Verhalten der Frau un¬
1922 1304 3106 1372 verständlich. Er versucht, eine Schuld auf ihrer Seite zu kon¬
1925 1347 3107 1419 struieren, aber seine Beschuldigungen prallen an ihr ab; der
1926 1397 3115 1470 Brief des Toten, den seine Frau ihm gibt, redet eine deutliche
1928 1450 3118 1518 Sprache. Merkwürdigerweise wird nun Genia ihrem Gatten
1919 1501 3114 1548 unheimlich — oder tut er nur so? Er tritt eine Reise an, um
1926 1546 3118 1615 ein neues Abenteuer zu erleben. Wie der Dichter das im
1916 1579 3119 1659 Drama entwickelt, das wirkt so fade und widerspruchsvoll,
1920 1633 3107 1687 daß der ganze dramatische Aufbau eigentlich schon an dieser
1917 1680 3108 1761 Stelle geliefert ist. Was jetzt noch weiter spielt, das ist kein
1915 1725 3116 1804 einheitlich=konstruierter Dramencharakter mehr, sondern nur ein
1922 1773 3122 1860 Gemisch zusammenhangsloser Charakterzüge, das kein Interesse!
1914 1824 3103 1907 mehr hervorzurufen vermag; geniale Gesinnungslumperei und
1911 1870 3110 1952 naives Trotteltum, versetzt mit einer Dosis Uebermenschentum
1909 1938 3091 1993 und kalter, brutaler Berechnung. In Genias Leben ist in¬
1919 1980 3104 2059 zwischen ein Fähnrich getreten, eine vollständige Schatten¬
1910 2029 3111 2101 figur, über die wir nichts erfahren, als daß aus ihren Augen
1910 2076 2848 2136 die „freche Jugend“ schaut. Nun sollen wir's,
2913 2082 3091 2142 so ver¬
1914 2118 3099 2193 langt der Dichter — glauben, daß Genia sich bis über die
1903 2176 3107 2251 Ohren in besagten Jähnrich verliebt und mit beiden Füßen
1905 2232 3093 2286 in ihre Leidenschaft hineinspringt. Hier ist der zweite irra¬
1906 2277 3090 2320 tionale Punkt des Stückes, wo die Gewaltsamkeit an die
1906 2326 3091 2386 Stelle der inneren Folgerichtigkeit tritt. Schluß= und Knall¬
1897 2377 3087 2438 effekt: Hofreiter kommt dahinter, brüskiert den Fähnrich in
1896 2415 3083 2478 Anwesenheit einer zahlreichen Gesellschaft und erschießt ihn im
1898 2474 3083 2538 Duell. Wie er, der im ersten Aufzug die „freie Liebe“, zu der
1894 2524 3087 2567 er sich theoretisch und praktisch bekennt, seine Frau geradezu
1893 2561 3087 2636 auf dem Präsentierteller angeboten hat, dazu kommt, das ist
1893 2608 3082 2669 der dritte große psychologische Purzelbaum, den uns der Dichter
1888 2666 3079 2735 mitzumachen zumuten will. Es ist wirklich nicht not, noch
1888 2720 3067 2780 auf allerlei Kleinigkeiten einzugehen, auf die in ihrem Zu¬
1896 2756 3065 2811 sammenhang sinnlose Episode der drei Billardkugeln, auf das
1895 2809 3079 2878 angetippte, aber nicht durchgeführte Motiv vom Aignerturm
1884 2868 3085 2927 und andere verfehlte Ansätze. Man kann ruhig aufs Ganze
1883 2908 3075 2955 gehen: es gelingt dem Dichter, trotz krampfhafter Anstrengun¬
1890 2950 3069 3027 gen und vieler feiner Einzelheiten, in der Dialogführung nich
1883 3001 3087 3069 einmal, die Zuschauer für sein Milieu, geschweige denn fur
1877 3056 3067 3117 seine dramatischen Motive zu interessieren. Woran das liegt,
1880 3104 3073 3152 das mögen andere untersuchen! Die einzige Gestalt, die lebens¬
1881 3156 3065 3208 voll heraustritt, ist Genia. Sie fand in Frl. Wulf, der
1881 3202 3061 3269 die Rolle in ihrer verhaltenen Innerlichkeit ausgezeichnet lag,
1876 3252 3063 3313 eine ganz vorzügliche Darstellung. Weniger gut gelang die Rolle
1875 3296 3062 3348 Friedrich Hofreiters Herrn Bauer. Mit welcher Ge¬
1874 3342 3060 3399 staltungskraft er bizarre Charaktere darzustellen vermag, das
1871 3396 3055 3452 zeigte vor acht Tagen seine glänzende Leistung als Vinzenz in
1865 3450 3060 3515 Eulenbergs „Alles um Geld“. Aber seine Interpretation der
1866 3500 3050 3559 allerdings vom Dichter total verzeichneten Hofreiterrolle war
1862 3541 3057 3586 entschieden etwas zu hausbacken, fast möchte man sagen, zu
1867 3582 3053 3637 spießbürgerlich. Sehr ansprechend waren Frl. Irmens „Pro¬
1863 3640 3037 3705 duktionen auf dem psychologischen Seil“ in der Ernaroll, Herr
1856 3690 3045 3740 Krauß vermochte, was leicht zu begreifen ist, mit dem blut¬
1853 3735 3054 3802 leeren Fähnrich wenig anzufangen; recht charakteristisch waren
1849 3785 3036 3843 die Frau Wahl der Frl. König, der Bankier Natter des
1853 3834 3038 3909 Herrn Pfeil, Frl. Hartmann als Frau Adele und Herr
1856 3870 3043 3926 Bayrhammer als Herr von Aigner. Die andern wich¬
1850 3919 3017 3993 tigeren Rollen lagen in den Händen von Frl. Klink¬
1849 3976 3015 4044 hammer, Herrn Meyer, Herrn Kanzenel und Herrc
1841 4023 3026 4111 Schwarz. — Die Aufnahme beim Publikum bedeutete einer
1840 4062 2340 4130 schwachen Achtungserfolg.
