3344 4352
666 172 778 239 We
1370 170 1832 268 box 28/4
255 173 1230 286 24. bas iteLand
2873 1069 3156 1151 —
144 1069 2198 1164 einem besonderen Aufrufe bekannt geben. Diej sorgen, dieu Mungels Ainheitlicher Leitung!
1920 1131 1966 1168 *
2601 1122 2835 1201 W
134 1137 1134 1193 gische Kammer ist auf den 14. November ein¬
1125 1141 2093 1204 kaum etwas Ernstliches unternehmen können.
2806 1131 3169 1212 Triedrichstr.
2213 1082 2551 1207 Berlin
143 1173 1132 1238 ufen, und wenn das Ministerium de Broqueville
147 1223 533 1271 —.——
2183 1251 3237 1310 unterhalten worden, ohne als leidlich gebildete Men¬
1135 1260 2174 1324 dem Simplizissimus-Redakteur Korfiz Holm
139 1255 1123 1325 nschengeschicken, die sich da vor uns abspielen, be¬
1127 1307 3246 1356 hat sie bald aus dem Sattel gehoben. Die Atmo=schen über den „Blödsinn“ erröten zu müssen — da¬
135 1323 1119 1378 itet von einer teilnehmenden, uns selber wider¬
2174 1351 3249 1415 mit muß der deutsche Lustspiel= und Komödienfreuns
1130 1347 2185 1405 sphäre dieser „Hundstage“ hat mit der drücken¬
135 1360 1124 1415 lenden Menge, deren dramatische Funktionen uns
2176 1384 2824 1463 heutzutage schon zufrieden sein.
1130 1398 2166 1456 den Schwüle unsres letzten Hochsommers wenig ge¬
136 1405 1130 1464 md geworden und die wir doch mit geheimen
1136 1433 2186 1491 mein, sie ist vielmehr voll jener gutmütig beruhigen¬
139 1446 1123 1508 hauern als letzte Zeugen einer verloren gegange¬
1128 1476 2183 1544 den Behaglichkeit, die in Björnsons Komödie vom
2398 1475 2994 1568 Kleines Feuilleton.
161 1494 1132 1552 Gemeinschaft zwischen Dichter und Volk, Re¬
1128 1536 2151 1578 blühenden jungen Wein und — etwas verdünnt —
140 1536 1121 1597 sion und Kunst fromm verehren müssen. Zugege¬
2262 1551 3246 1631 = Fünf Milliarden Postsendungen im Jahr!
1142 1575 2183 1639 in Bahrs „Konzert“ zu finden. Den mißlungenen
142 1580 1126 1636 h: auch in dieser Orestieaufführung ist mancherlei
2177 1608 3240 1669 Der jüngst erschienene amtliche Postbericht des eng¬
1136 1616 2170 1676 Versuch, seelische Konflikte zu ergründen, verzeiht
141 1622 1128 1686 örendes, Unzulängliches, ja sogar Peinliches.
1128 1644 3239 1719 man dieser dramatischen Scherz= und Plauderkunstlischen Konigreiches, der die Zeit vom 1. April 1910
134 1669 1133 1719 er hier allein ist auch etwas von der Größe und
1137 1698 3243 1758 gern; was aber verstimmt, ist die scharfe Note, diel bis zum 31. März d. J. umfaßt, gibt an, daß in Eng¬
130 1711 1125 1770 dem Außergewöhnlichen, das diese antike Tragik
1130 1755 3239 1799 Tilla Durieux solchen Stücken ganz und garl land innerhalb dieser Zeit 3047 500000 Briefe ver¬
128 1754 1133 1817 mächst und vor allem braucht, soll sie nicht im
2181 1771 3241 1846 schickt worden sind. In der gleichen Zeit hat die eng¬
1135 1792 2179 1845 nicht taugender überspitzter Sarkasmus in sie
130 1800 1125 1861 aub des Alltags verkümmern. Das Ganze soll
2972 1832 3240 1891 Postkarten,
1132 1837 2981 1896 hineinzutragen sucht. Sie hat sich hier inmittenlische Post befördert: 871 400 000
133 1846 1122 1902 n wägen. Soll sich fragen: wo man sonst in
2184 1872 3241 1935 1044 100000 Drucksachen, 196 300000. Zeitungs¬
1129 1877 2178 1932 ihrer neuen Kollegen Berger, Gebühr und Serda
137 1890 1139 1945 serem Theater diese dramatische Wucht, diese fort¬
2186 1918 3248 1981 sendungen und 121 800 000 Pakete, also im ganzen
1132 1924 2179 1983 als eine Ensemblesprengerin gefährlichster Art ge¬
139 1932 1129 1991 ßende Vehemenz und zugleich diese durchsichtige
2178 1957 3243 2024 über 5 Milliarden Postsendungen. Gegenüber dem
1129 1966 2181 2024 zeigt, die von der neuen Direktion Meinhard und
132 1976 1129 2040 Infachheit sichtbar, körperlich werdender Gescheh¬
1135 2007 3244 2066 Bernauer viel straffer in die Zügel genommen wer= vorangegangenen Berichtsjahre ist die Anzahl der
138 2018 1148 2091 ssse erlebt, wo man sonst eine Ahnung von dem be¬
1133 2045 3252 2108 den muß, soll sie dem Theater nur die Hälfte dessen Brjefe um 3,4 vom Hundert gestiegen, die der Pakete
142 2067 1126 2117 mmt, was das Theater einst im Leben eines Volkes
2175 2111 3258 2170 um 8 v. H., die der Drucksachen um 7,2 v. H., wäh¬
1128 2096 2185 2154 leisten, was dieses sich offenbar von ihr verspricht.
122 2116 1127 2173 r und bedeutete. Man soll nicht zuviel Einzelnes
2179 2137 3242 2197 rend die Anzahl der Zeitungssendungen sich etwas.
1205 2144 2178 2207 Nun haben wir sie endlich, die dramatische
130 2154 1137 2203 ber diese Zirkusaufführungen auskramen und
2182 2178 3244 2243 vermindert hat. Die außerordentliche Zunahme der
120 2188 1135 2256 itisieren. Man soll sich an ihren großen Wurf,
1134 2180 2186 2249 Glorifizierung der Polizei- und Behörden=Affer, die
2177 2218 3252 2296 Drucksachen steht natürlich mit dem Wahlfeldzuge
129 2239 1137 2283 kre gebietende Geste halten. Nicht aus blödem Zu¬
1129 2241 2184 2291 Komödie der Sternecker, Voigt und wie sie sonst alle
1130 2290 3242 2334 heißen mögen, die Helden von Köpenick und Chabrol. im Zusammenhang, innerhalb dessen nicht weniger
125 2280 1129 2341 ll sind uns aus der Antike wenig oder gar keine
2181 2311 3256 2375 als 35 Millionen von Wahlaufrufen verschickt wor¬
126 2325 1130 2378 chauspielernamen überkommen. Das Persönliche
1136 2334 2191 2379 Arno Holz und Oskar Jenschke, dieselben,
2186 2345 3249 2428 den sein sollen. Nicht alle Postsendungen konnten
123 2371 1143 2440 rstummt hier vor dem Inhalt. Gute Sprecher —
1134 2352 2183 2426 die uns die sympathische Gestalt des Traumulus ge¬
2186 2392 3257 2467 glatt befördert werden, denn 467000 hatten keine
126 2413 1142 2479 s ist das wichtigste hier. Und dafür gerade sieht
1135 2413 2181 2469 schenkt haben, waren es, die in ihrem „Büxl“ das
1132 2444 3246 2516 Meister- und Musterbild des ach so überaus populä-Adresse. Unter den vergeßlichen Absendern war
143 2457 1145 2520 h das Deutsche Theater durch diese Aufführungen
2181 2485 3249 2561 auch einer, der einen Scheck von 20000 M der Post
130 2503 1127 2555 eine Schule genommen, wie sie besser nicht gedacht
1131 2500 2193 2565 ren Polizeischrecks geschaffen haben. Neu ist er ja
2181 2531 3262 2605 zur Versendung übergeben hatte, ohne die Adresse.
121 2547 1126 2597 erden kann. Zumal in der Behandlung des Chores
1134 2541 2186 2601 gerade nicht, dieser Typus, aber das muß man den
2188 2561 3260 2645 anzugeben! Von allen Zweigen der englischen Post
1139 2593 2188 2648 beiden Autoren lassen: sie haben ihren Tausendsassa
115 2592 1133 2650 t Reinhardt Fortschritte gemacht, die allmählich
1134 2632 3248 2691 von Galgenvogel mit dem alemannisch=französischenlhat nur die Telegraphie etwas abgenommen. Dies
125 2638 1127 2691 lich den hartnäckigsten Skeptiker entwaffnen müssen.
1137 2644 3259 2733 Maulheldentum, das sie ihm beimischten, eine Fär= steht im Zusammenhange mit der außerordentlich
128 2681 1132 2730 amentlich der Frauenchor bringt mit dem Über¬
2180 2708 3253 2784 starken Zunahme, die die Benutzung des Telephons
128 2722 1140 2782 ung vom Sprech= in den Sington Wirkungen
1144 2715 2186 2776 bung gegeben, die ihm vortrefflich kleidet, und sie
2189 2740 3260 2818 erfahren hat. Allein in der Stadt London ist die
1143 2766 2174 2820 haben ihm in den ersten beiden Akten eine Gloriole
118 2768 1138 2828 hönster, erhabenster Art hervor. Genug, allerorten
2193 2791 3261 2872 Anzahl der Telephongespräche von 75 Millionen auf.
1136 2809 2177 2869 der Verschlagenheit, Dreistigkeit und Frechheit ums
124 2814 1137 2862 uchen aus diesen Aufführungen neue Fragen, neue
2195 2832 3260 2909 etwas mehr als 85 Millionen gestiegen. Die Funken¬
129 2856 1144 2922 nregungen, neue Möglichkeiten hervor. Man
1135 2848 2187 2908 Haupt gewunden, die so bald nicht verblassen wird.
2180 2876 3251 2955 telegramme sind ebenfalls häufiger geworden, was
129 2896 1144 2965 üßte ein Pedant und Barbar zugleich sein, um ein
1137 2899 2184 2949 Schade, daß noch ein dritter Akt kommt, und daß die
2194 2927 3248 2994 natürlich auf der Vermehrung der Funkenstationen.
125 2943 1151 3015 hlches Streben und Sichregen mit kühler Zweisel¬
1140 2942 2174 3003 dramatischen Zwillinge hier gar nichts neues mehr
2185 2960 3259 3041 beruht. Englische Schiffe verfügen jetzt über 290.
123 2988 1127 3041 sicht oder gar kaltem Hohn abtun zu wollen. Dank
1135 2981 2187 3044 zu finden wissen, das Wasser auf ihre klappernde
2181 2997 3262 3091 Apparate für drahtlose Telegraphie, während das
122 3029 1152 3108 nd Ermunterung allein ist das Echo, das sich hier
1138 3029 2177 3091 Mühle leitete! Merkwürdig, ein solcher Galgenstrick
2189 3051 3263 3128 letzte Berichtsjahr nur 130 nannte. Die „Anzahl der
131 3071 281 3136 ziemt.
1139 3071 2186 3129 unterhält uns mehr, wenn er unsichtbar für unsere
2189 3096 3252 3176 Funkentelegramme, 8808, ist gegenüber dem letzten
1143 3117 2192 3171 Augen im Automobil davon sanst, als wenn er mit
176 3105 1131 3190 Dauthendeys „Spielereien einer Kaiserin“
2191 3155 2785 3243 Jahre um 28 v. H. gestiegen.
1134 3148 2192 3218 der Hand im Brustlatz dasteht und Reden schwingt.
119 3155 1142 3221 bllten sich im Theater an der Königgrätzerstraße
129 3206 2196 3260 biner langen Lebensdauer erfreuen. Ein amüsantes Doch immerhin — wir sind für ein paar Stunden
3058 3186 3229 3278 W 2
127 3247 2241 3318 nd dabei innerlich humorvolles Ehelnstspiel von' witzig, schlagfertig, übermütig, beinahe elegant!
