3392 4352
981 222 1147 285 Lan
244 216 1221 316 24. Das weite
356 1157 1169 1249 g: Bochumer Anzeiger
668 1244 1079 1359 16 0kt 1911
668 1468 1154 1547 Das weite Land,
558 1512 1268 1593 Tragikomödie von Arthu==Schnitzler.
433 1564 1371 1636 Uraufführung im Bochumer Neuen Stadttheater.
452 1607 1420 1671 Arthur Schnitzler, der Wiener, ist bei uns im
380 1665 1422 1704 Reiche eine bekannte Persönlichkeit. Seine Bücher sind
388 1699 1414 1747 in Leihbibliotheken stark gefragt — ich bitte um Ent¬
382 1745 1414 1788 schuldigung für diesen Ausdruck, und hinter dem
380 1779 1425 1846 Opalglas manches modernen Bücherschranks sieht man
383 1822 1401 1868 seinen „Anatol“ oder die „Liebelei“ stehen. Und da
376 1856 1409 1917 bei uns in Deutschland kein Dichter so recht gewürdigt
372 1896 1410 1956 wird, der nicht mit einem ausländischen verglichen wer¬
373 1938 1406 1999 den kann, so hat man für Schnitzler das Schlagwort
384 1975 1417 2050 vom „österreichischen Maupassant“ er¬
383 2014 562 2080 funden.
463 2049 1408 2111 Es ist nicht schwer, einzusehen, wie der Wiener
375 2095 1415 2149 zu dieser Ehre kommt. Was Maupassant in Deutsch¬
375 2142 1420 2189 land beliebt gemacht hat, ist ja nicht seine wunderbar
378 2178 1398 2229 scharfe Beobachtungsgabe und seine immer wieder
367 2206 1407 2268 packende Psychologie. Sondern das ist seine schonungs¬
380 2257 1400 2305 lose Art, das Thema des Sexuellen im menschlichen
370 2297 1405 2348 Leben zu behandeln: den sprudelnden Bächen zu folgen.
377 2337 1405 2397 heimliche Wasserläufe aufzudecken und unterirdische
378 2375 1368 2428 Adern und Aederchen überall — überall zu finden.
448 2411 1407 2468 Diese glänzende, französisch=elegante Art der Be¬
372 2434 1398 2508 handlung und diese Vorliebe für das Erotische besitzt
370 2491 1413 2548 auch Schnitzler. (Und insofern stimmt der Vergleich.)
376 2529 1411 2594 Aber sie ist bei dem Wiener nur eine Lebensäußerung
365 2579 1405 2630 einer kämpfenden und ringenden Künstlerseele. Einer
378 2608 1399 2664 Seele, die aus der Fülle alles dessen, was die Kultur
370 2652 1398 2708 unserer Zeit über uns gebracht hat, und die aus dem
370 2695 1393 2741 ganzen komplizierten Seelenleben eines modernen
368 2728 1396 2782 Menschen heraus nach einem Ausweg, nach dem
370 2771 1407 2819 Wissen, — wenn es nicht so abgedroschen wäre, möchte
380 2812 1396 2863 man fast sagen: nach einer Weltanschauung sucht. Ihn
374 2850 1397 2899 kümmert nicht die materielle Not. Aber all die geistige
373 2885 1399 2944 Not und körperliche Zerrissenheit des Großstäd¬
359 2931 1397 2986 ters von heute, des Menschen aus der besseren Ge¬
367 2971 1395 3032 sellschaft ldiesmal ohne Gänsefüßchen), hat in ihm einen
368 3016 1205 3068 seltenen, ergreifenden Schilderer gefunden.
438 3042 1399 3097 Das gibt uns Maupassant nicht. Und darum heißt
364 3086 1397 3145 es das Beste und Wertvollste in Schnitzlers Werken
368 3130 1391 3197 übersehen, wenn man ihn mit jenem plumpen Schlag¬
365 3170 1281 3239 wort den „österreichischen Maupassant“ nennt.
428 3233 890 3318 Das weite Land....
1388 218 1785 302 box 2971
1483 1476 2444 1532 Der Doktor von Aigner, der auch als Direktor
2443 1490 3335 1536 gegeben hatte. Sie wußte ja um ihres Gatt#
1420 1511 2436 1574 eines Dolomitenhotels Wiener, Kavalier und Lebens¬
2440 1526 3339 1577 ziehungen zu anderen Frauen; aber sich dadus
1425 1553 2372 1611 künstler bleibt, gibt uns den Schlüssel zum Titel.
2431 1555 3333 1608 rächen, daß sie ihn ebenfalls hinterging — nein,
2448 1591 3320 1640 hatte sie nicht vermocht. Schon deshalb nicht,
1536 1607 2437 1658 „Das Natürliche,“ so meint er einmal in einer
2440 1625 3322 1693 Grunde ihres Herzens die Liebe — zu ihrem
1445 1628 2279 1682 nachdenklichen Minute. „ist das Chaos. Ja
2311 1644 2431 1693 mein
2443 1660 2584 1710 schlief.
1454 1675 2040 1724 guter Hofreiter, die Seele ...
2029 1683 2438 1737 ist ein weites Land,
2506 1677 3324 1748 Das versteht Hofreiter nicht. Einen Mens
1459 1708 2188 1759 wie ein Dichter es einmal ausdrückte.
2257 1714 2431 1779 Es kann
2441 1730 3304 1771 den Tod gehen lassen — aus Tugend? Nein,
1450 1727 2332 1786 übrigens auch ein Hoteldirektor gewesen sein.“
2447 1768 3319 1812 steht er nicht. Und so ist die Treue seiner Fr
1480 1777 2425 1844 In dieses weite Land läßt uns Schnitzler hinab¬
2435 1810 3273 1857 ein lauter Vorwurf gegen ihn selber ...
1420 1819 2436 1878 sehen. Vieles sehen wir da unten liegen, Dörfer,
2438 1839 3301 1906 trennt die beiden Menschen mehr als ie ...
1416 1869 2437 1920 Städte, Felder, Straßen. Eisenbahnzüge, Fabriken,
2506 1878 3326 1931 Das Leben geht weiter. In einem Dolomit
1417 1905 2431 1972 Meßbuden. Dazwischen die Menschen. Alles bewegt
2441 1895 3326 1969 trifft Hofreiter unter den anderen Bekannten
1424 1943 1922 2000 sich, hat einen Zweck, lebt.
2441 1956 3314 2000 Erna Wahl wieder, die er zu Hause kaum
2434 1980 3331 2038 hatte. Erna Wahl — dieselbe, die Hofreiter
1484 1985 2438 2041 Wir, die wir von der Höhe herabsehen, sehen wohl
2443 2024 3325 2071 Freund, Mauer, liebt und zur Frau will. Un
1410 2022 2428 2077 das Aeußerliche da unten und die Bewegung. Aber
2434 2053 3318 2108 beiden schlagen die Flammen zusammen: das
1413 2067 2429 2139 was da im Innern überall vorgeht, gärt und kämpft,
2435 2094 3315 2143 gerade, sichere Mädel, das Hofreiter wie sie sa
1413 2102 1941 2161 das bleibt uns ewig fremd.
2433 2127 3333 2186 ihrem siebenten Jahre liebt, wirft sich in seine
1483 2136 2435 2201 So fremd wie unsere Seele.... Was wissen wir
2499 2171 3321 2222 Das Leben aeht weiter. Genia ist zu Hau
1422 2171 2424 2241 Menschen denn von einander? Was wissen wir von
2434 2183 3333 2247 blieben und hat sich — war es bei ihr Liebe oder
1417 2226 2433 2266 uns selbst? — Auch da bleiben wir ja immer am
2479 2246 3323 2290 dem Fähnrich von Aigner geschenkt. Und nu
1414 2262 2423 2318 Aeußerlichen kleben. Und sehen selbst von dem nur
2434 2285 3330 2327 es rasch: der heimkehrende Hofreiter erhält durch
1417 2305 2436 2375 einen klein winzigen Ausschnitt. Den mag dann jeder
2436 2315 3323 2361 Zufall die Beweise für das Geschehene. Und
1419 2343 2428 2394 nennen, wie er will: Komödie, Tragödie, Operette,
2430 2346 3322 2403 Hofreiter, der nicht verstehen konnte, wie sein
1412 2377 1936 2436 Groteske. Wie jeder will.
2430 2380 3329 2429 „aus Treue“ einen andern sterben lassen konn#
2431 2418 3328 2488 selbe Hofreiter provoziert wegen ihrer Untre
1477 2408 2421 2496 Arthur Schnitzler hat den, den er uns diesmal
2432 2448 2958 2510 Duell. Der Andere fällt ..
1404 2450 2119 2527 zab, eine Tragikomödie genannt....
2499 2479 3310 2557 Der letzte Akt. Hofreiter wird sich dem
2433 2522 3270 2573 stellen und dann, später, irgendwohin ins
1479 2533 2426 2608 Wiener und Wienerinnen sind, wie fast immer,
2438 2571 3315 2637 gehen. Nicht mit Erna Wahl, wie diese will.
1415 2588 2424 2642 Schnitzlers Helden auch diesmal. Und auch diesmal
2436 2601 3187 2654 er fühlt sich mit einem Male alt ..
3239 2608 3315 2655 „Na
1410 2622 2424 2676 sind es Leute der besseren Gesellschaft. Leute, die nicht
2439 2639 3309 2688 schnapp ich doch zusammen. Aus, Erna, auch
1417 2660 2421 2708 vom Geldverdienen zu reden brauchen. Unter ihnen ist
2437 2681 3334 2727 uns. Du bist zwanzig, Du gehörst nicht zu mir
1404 2693 2416 2752 der Fabrikant Friedrich Hofreiter. (Der Name
2428 2708 3324 2777 Wagen rollt draußen, die Stimme seines, kleiner
1416 2733 2421 2793 klingt merkwürdig an den des Oberleutnants Hofrichter
2437 2743 3329 2812 nes dringt durch den Garten: „Ja, Percy.“ so wi
1405 2771 2364 2828 an — man erinnert sich an jene Giftmordaffäre.)
2421 2770 3306 2837 er einmal auf, „Ja, Percy, ich komme schon..
1477 2800 2431 2859 Hofreiter ist, wenn man so will, der Held der
1413 2819 2427 2898 Tragikomödie. Und — wieder merkwürdigerweise —
2501 2847 3326 2914 Eine Tragikomödie nannte Schnitzler sein
1413 2876 2414 2921 ein etwas unsympathischer Held. Biedermann im
1400 2907 2421 2953 Sprechen, Lebemann in der Liebe — trotzdem er ver¬
2421 2903 3323 2967 Aber — ich glaube, das läßt schon die knappe I
2890 2948 2937 2983 r
1400 2943 2421 2985 heiratet ist — und Egoist bis ins Aeußerste. Wir er¬
2432 2954 3315 3018 angabe sehen — man darf sich dadurch nicht t
1405 2978 2419 3032 leben gerade noch, wie er sein Verhältnis zu der Frau
2434 2988 3325 3036 lassen. Darf nicht erwarten, mit den Mensch
1405 3015 2414 3070 des Bankiers Natter löst — und erleben zu gleicher
2422 3026 3310 3084 der Bühne einmal so recht herzlich lachen zu
1408 3054 2422 3111 Zeit die letzten Wellenringe, die der Selbstmord des
2500 3066 3316 3124 Gewiß: da sind ein paar flott karikierte
1405 3079 2414 3143 Musikers Korsakow, schlägt. Hofreiter vermutet.
2423 3094 3326 3156 figuren, die sich in einem Lustspiel prächtig ausn
1401 3125 2420 3187 Korsakow habe in näheren Beziehungen zu seiner
2412 3149 3328 3206 würden. Gewiß: da sind tausend kleine, scharft
1397 3153 1736 3212 Frau gestanden.
1478 3180 3321 3237 Hofreiters Frau? Genia? Sie war unschuldig achtete Züge, die uns lächeln machen. Aber die
1385 3206 3319 3283 gewesen. Sie konnte ihrem Manne zeigen, daß sich der scheln ist wehmütig, oder auch bitter, je nachdem
1387 3258 2460 3320 4 Musiker aus unglücklicher Liebe zu ihr den Todi
2493 3275 3320 3337 Das liegt an Schnitzler. Schnitzler ist nu
