3392 4352
371 -39 472 67 0
659 143 761 223 Wt
1384 141 1835 251 box 28/2
981 144 1102 221 La
252 144 1216 267 24. Daszeite-band
374 1198 1670 1308 sicht, die unbedingte Annexion Tripolitaniens, bezeichnet.
2514 1226 3349 1328 Die Agenzia Stefani meldet aus Triph
389 1328 2482 1414 würde vielleicht vor dir auf den Knien liegen. . .. bedenklicher Umstand im Organismus eines Dramas.
2473 1360 3330 1429 Schnitzler bisher nicht zu Gebote gestanden.
377 1376 3337 1489 Ich bin halt nicht so.“ Auch Ibsen hat sich verwahrt, Auch vor dem bei seiner Heimkehr entdeckten Ehebruch schärfste individualisiert erscheinen die einzelne
382 1436 1437 1511 seine „Nora“ als Exempel aufgestellt zu sehen, Hebbel
1438 1448 2489 1518 der Frau bleibt Friedrich noch ganz ruhig, wenn auch
2469 1459 3355 1530 von den brillanten Chargen aufsteigend zu
382 1486 1444 1565 hat von den Charakteren in „Herodes und Mariamne“
1427 1492 2481 1567 eine sich immer steigernde Nervosität seine innere Er¬
2468 1510 3343 1579 kontrastierten Frauenfiguren, der in ihrer äußer
384 1526 1446 1601 gesprochen, „deren Schicksal daraus hervorgeht, daß sie
1434 1546 2474 1607 bitterung verrät. Es ist eigentlich nur, um nicht so
2478 1565 3353 1634 ausdrucksvollen, tiefbeseelten Frau Genia und der
387 1569 1299 1650 eben diese Menschen sind und keine anderen“.
1421 1599 3338 1670 dazustehen wie der Herr Natter, als Dummkopf selbständigen kleinen Erna. Jene Gesellschaf
432 1640 1445 1703 Wir stehen am Schlusse des zweiten Aktes. Was
1436 1654 2482 1733 oder als Schuft, daß er den jungen Burschen
2486 1645 3339 1726 im Helenental ansiedelt, ist nicht nur mei
390 1674 1444 1761 soll uns nun weiter beschäftigen, der Mann oder die
1439 1699 2489 1778 vor seine Pistole fordert. Aber wie er ihn
2482 1712 3302 1785 ihren einzelnen Vertretern getroffen, es g#
387 1730 1452 1817 Frau? Dieser Genießer, der sich durch das Leben
1437 1753 2484 1822 vor sich stehen hat, schießt er ihn nieder.
2470 1758 3353 1832 Schnitzler, ihren Dialog von wienerisch
385 1782 1435 1861 durchgeliebt und durchgelogen hat, daß der auch dieses
1432 1801 3343 1888 Nicht nur die freche, selbstbewußte Jugend reizt ihn Grundlage aus geistig zu veredeln und zu
379 1840 1436 1911 Mädel kriegt, das wissen wir längst. Aber diese in
1429 1848 3339 1923 auf, hier verrät sich auch — und das hätte der und mit höchster Kunst, die er Ibsen a
384 1884 1438 1957 tiefster Sittlichkeit getroffene Frau, in ihrer edelsten
1437 1902 3348 1985 Dichter viel deutlicher vorbereiten müssen — daß er hinter den harmlosen Worten Gedanken und
382 1935 1447 1999 Weiblichkeit mißachtet, der ein Liebhaber bis dahin
1440 1952 2483 2024 seine Frau liebt, in seiner Art, und um sie kämpfen
2470 1964 3338 2025 vernehmbar werden zu lassen, wenn auch ni
384 1987 1442 2057 einfach eine Unreinlichkeit bedeutete, wie kommt sie
1438 2010 3326 2065 will, nun, wo es zu spät ist. Als Mörder tritt er in wegs mit vollster Klarheit und Deutlichkeit,
374 2024 3334 2134 dahin, unter den Peitschenhieben der eheherrlichen sein Haus, auf der Schwelle muß er noch der Mutter in der Handlung sich manchmal vermis
384 2079 1442 2168 Roheit ihr Selbst, ihr Sauberkeitsbedürfnis zu ver¬
1430 2098 3322 2177 des Gegners begegnen und ihr freundschaftlich die Doch gerade durch diesen dünnen
383 2141 1444 2225 leugnen? Wie wird aus ihr eine Geliebte? Diese
1431 2152 3345 2235 blutige Hand reichen — aber seine Tat scheidet ihn den er überwirft, verlieren Vorgänge und A#
377 2192 3337 2268 Entwicklung hätte der Dichter vorführen müssen. von Genia wie von Erna, die sich erbietet, mit ihm Brutalität, die sonst manche Szene und
386 2232 1440 2313 Aber wie sich der Vorhang wieder hebt, sind wir in
1434 2250 2481 2317 zu ziehen; wird sie ihn auch von seinem Kinde
2469 2258 3333 2334 Dialog unerträglich machen würde, und
385 2274 1435 2360 einer Tiroler Sommerfrische, es geht recht lustig her in
1435 2304 3342 2395 trennen, das nach langer Abwesenheit eben nach Hause klügste ist Humor und Ernst, Spiel und A
378 2329 1435 2411 dem noblen Hotel, erst am Schlusse des Aktes verspricht
1423 2353 3318 2430 zurückkehrt und ihm entgegenjubelt? Der Dichter hat gegeneinander abgewogen, daß sie sich nicht
374 2385 1431 2457 das Mägdelein dem ganz jünglinghaft schwärmenden
1430 2404 2484 2463 die Antwort nicht gegeben und ein starkes Fragezeichen
2469 2413 3329 2469 sondern wohltuend ergänzen. Nur eine so
375 2443 1426 2510 gesetzten Herrn Hofreiter den Riegel des Kämmerleins
1429 2450 2468 2526 an den Schluß gesetzt, wo wohl mancher erwartet hätte,
2480 2467 3344 2536 bis ins kleinste durchgebildete Kunst vern
385 2494 1435 2551 offenzulassen. Nun, und wenn schon! sagen wir
1439 2504 2475 2567 die Komödie werde schließen wie ein Hochzeitskarmen.
2475 2515 3339 2581 dieses Stoffes Herr zu werden. Man ben
376 2545 1441 2604 im Tone des Stückes. Um wie viel wichtiger
1480 2551 2487 2623 Etwas langsam und schwer exponierend, in ihrem
2527 2555 3339 2627 aber der wahrhaft innere Anteil an Men
379 2594 1436 2662 wäre es gewesen zu erfahren, wie sich das zwischen
1424 2578 2475 2672 zweiten Teile durch die beiden Parallelehen der Natter
2472 2615 3337 2673 Situationen will sich nicht einstellen, die Tr
374 2643 1424 2715 Genia und dem jungen Schiffsfähnrich gemacht hat,
1430 2662 2470 2721 und Aigner, welche wieder breitere Auseinandersetzungen
2470 2667 3327 2726 peinigend und die Komik nicht erlösend. Man
383 2693 1437 2762 die wir im vierten Akte bereits als einiges Paar vor
1434 2705 2477 2771 notwendig haben, überlastet an Motiven und Motivchen,
2465 2712 3337 2774 diesem Schicksale, zu dessen Zeugen man aufger
371 2733 1440 2811 dem Abschied sehen. Der ganze vorige Akt erscheint
1426 2759 2476 2819 baut sich die Handlung zu den Hauptszenen mit ziel¬
2470 2762 3326 2821 Und dieser Widerstand konzentriert sich immer
378 2794 1432 2861 #entbehrlich, er könnte wie so manches andere auf¬
1427 2799 2470 2870 bewußter Technik, der nur der erwähnte dritte Akt
2472 2812 3325 2882 die Hauptperson des Stückes, auf Friedrich
376 2836 3326 2943 tauchende und wieder fallen gelassene Motiv heraus= widerspricht, auf und erreicht mit den letzten Szenen] Der alternde Anatol — wie gestaltet sich
386 2894 3332 2986 gestrichen werden ohne jeden Schaden, das ist ein eine grausame, niederschmetternde Kraft, wie sie hältnis zu den Frauen, wie trägt er es, di
