3436 4608
1397 155 1829 261 box 28/4
253 178 1239 276 24. Das weiteLand
1907 1071 2102 1142 tima
818 1066 1868 1144 . ungenehm und was on erdillest, wirst on durch meine
1706 1138 1744 1189 10
2770 1116 2993 1197 —
1901 1179 3020 1246 wenn man sich gegenseitig nichts vorzuwerfen hätte. Schließ¬
764 1190 1719 1328 (Uateater and Konzerte.
1913 1216 3014 1266 lich kommt Frau Genia dann auf eine Art von
1910 1257 3021 1311 Revanchegelüst. Sie setzt sich gleichfalls hinweg
1410 1266 1828 1332 Berlin, 16. Okiober.
1902 1304 3019 1357 über die Schranken des Rechts und der Sitte, und
787 1296 1860 1372 Im Lessingtheater fand am Sonnabend die Erst¬
1902 1354 3021 1393 Hofreiter bleibt bei dieser Enideckung auch im Grunde recht
745 1367 1864 1433 aufführung von Artbur Schnitzlers Tragikomödie
1905 1396 3012 1435 kühl, ohne Eifersucht, ohne Haß und Liebe. Aber er
775 1401 1864 1468 Das weiteL###tan Ein eigenartig's Werk, ab¬
1907 1437 3018 1490 fordert den Begünstigten, er schießt ihn nieder, er drückt
780 1438 1866 1503 ##faßt mit einem besondern Geschick, die Menschen wie
1902 1485 3016 1524 nebenbei der nichtsahnenden Mutter des Getöteten bei seiner
756 1495 1867 1538 Schachfiguren hierhin und dorthin zu stellen, immer neue
1902 1531 3017 1568 Rückkehr vom Schreckensort die Hand, als ob nichts vor¬
720 1536 1876 1574 Gruppierungen zu finden, durch das Nebeneinander und
1902 1571 3015 1629 gefallen, er weist das junge Mädchen von sich, das sich an
731 1584 1869 1660 „Durcheinander, Kreuz und Quer des Auftretens und Abgehens,
1903 1615 3012 1658 ihn weggeworfen und das ihm jetzt folgen will, stellt sich
760 1628 1862 1677 der einander ablösenden und begleitenden Dialoge, der einander
1902 1655 3020 1724 dem Gericht und zieht dann vermutlich in die weite Welt
760 1669 1862 1720 durchschlingenden Geschehnisse den Eindruck des Lebens hervor¬
1907 1701 2546 1760 hinaus. Er konnte nicht anders.
747 1714 1866 1766 zuzaubern. Wenn dazu noch eine so geradezu glänzende
1946 1739 3016 1790 Wir fragen nach der inneren Mechanik, nach der
755 1754 1866 1814 Inszenierung kommt, wie es im Lessingtheater der Fall war,
1899 1787 3021 1843 Psychologie dieser Seelen. Und Schnitzler belehrt uns:
753 1808 1862 1855 so scheint die realistische Lebenswahrheit perfekt. Im dritten
1903 1825 3020 1881 Die Seele ist ein weites Land, in dem es ganz wunderlich
754 1843 1863 1900 Akt beispielsweise ist das Vestibül eines Gebirgshotels auf
1904 1883 3018 1936 zugeht, und in dem sehr viel zu erforschen und zu ent¬
751 1898 1863 1942 der Bühne mit dem ganzen Betrieb der konkretesten Wirklich¬
1910 1920 3007 1966 decken ist. Das ist im allgemeinen sehr richtig, nur schade,
756 1942 1863 1982 leit, bis herab zu dem Liftboy, der klein und stumm und
1902 1966 3020 2026 daß bei diesen Entdeckungsfahrten in den psychologischen
751 1977 1857 2033 gerade vor seinem Fahrstuhl steht und ihn bald mit diesen,
1908 2007 2933 2069 Jagdgründen nicht etwas Besseres herausgekommen ist.
757 2024 1869 2073 bald mit jenen Gästen hinauf= und herabschweben läßt.
1943 2050 3003 2111 Ein weites Land ist aber auch das Drama selbst. Man
795 2049 1868 2116 Also ein Bild des Lebens? Es könnte einem Taub¬
1903 2103 3007 2159 sucht im Anfang vergeblich nach einem ruhenden Pol in
749 2102 1862 2161 stummen, der nur die Bilder in ihrer bunten Fülle sieht,
1897 2146 2525 2211 der Erscheinungen Flucht,
2521 2146 3031 2210 nach der eigentlichen
763 2152 1870 2209 so scheinen, aber ein hörender, jedenfalls ein denkender
1908 2183 2477 2245 Hauptperson des Stückes,
2527 2184 3021 2252 man sucht vergebens
759 2191 1871 2251 Zuschauer muß es verneinen. Freilich, es gibt ja merk¬
1905 2221 3021 2292 nach einem leitenden Ariadnefaden aus einem Laby¬
747 2239 1862 2293 würdige Menschen genug auf Erden, und unser Herrgott
1901 2272 3020 2331 rinth der Situationen, man ertrinkt in einem
752 2278 1869 2345 hat die absonderlichsten Kostgänger. Auch sorgt von Zeit
1899 2326 2913 2380 Ozean von homerisch sprudelndem Wortreichtum
758 2328 1871 2389 zu Zeit ein Prozeß à la Wolff=Metternich noch für die
1911 2359 3025 2419 Dialogen, in Pointen, scherzhaften und traurigen Erörte¬
756 2362 1869 2429 nötige Aufklärung. Aber immerhin: Wenn die Welt
1909 2407 3021 2470 rungen, die oft sehr gut beobachtet und fein herausgearbeitet,
760 2407 1869 2467 einfach so wäre, wie Arthur Schnitzler sie hier in einem
1908 2456 3013 2498 die einem aber doch die Frage aufdrängen, ob sich da ein
749 2456 1863 2509 bemerkenswerten Ausschnitt vor Augen stellt, dann könnte
1914 2487 3028 2565 Drama begibt, oder ob ein Roman die dramatische Jacke
756 2496 1868 2550 man Appetit bekommen, jenem andern Arthur, Schopen¬
1905 2539 2719 2580 angezogen und auf die Bühne gestiegen ist.
758 2538 1876 2610 hauer nämlich, dem grimmen Frankfurter Pessimisten, recht¬
1949 2581 3026 2638 Der Erfolg, soweit man das Fazit des Abends so formu¬
754 2588 1881 2642 zugeben, wenn er meint, daß die Welt eben die Hölle und
1904 2621 3015 2679 lieren kann, gilt mehr dem früheren vielgerühmten und
764 2633 1865 2694 die Menschen einerseits die gequälten Seelen und anderer¬
1907 2669 3021 2724 viel bewunderten Schnitzler als dem gegenwärtigen, er gilt
752 2678 1297 2747 seits die Teufel darin sind.
1903 2716 3027 2761 auch in besonderer Weise der Darstellung. Irene Triesch
797 2705 1876 2774 Da ist ein gewisser Friedrich Hofreiter, der ein schönes,
1908 2756 3027 2803 spielte die Genia mit viel äußerer Hoheit und Haltung und
761 2758 1869 2822 freundliches Heim und eine sehr nette, liebe und brave
1902 2801 3035 2850 viel halbverschleiertem Seelenleid, Heinz Monnard gab den
756 2796 1870 2864 Frau besitzt, gegen die er selber aber nicht sehr lieb und
1907 2848 3016 2901 Hofreiter mit seinem seltiamen Innenleben glaubhaft und ent¬
754 2844 1872 2901 brav ist. Er stürzt sich, von keinen Gewissensfragen und
1898 2887 3014 2934 schieden, ohne überflüssige Aeußerlichkeiten. Emanuel Reicher
758 2893 1874 2943 Skrupeln behindert, als rechter Don Juan von
1903 2931 3034 2979 agierte mit der Ruhe und Vornehmheit, die man auch sonst
755 2935 1879 2989 einem Abenteuer ins andere, macht aber seiner Frau gegen¬
1903 2975 3020 3024 bei ihm bewundern kann. Hilde Herterich bot eine
759 2985 1871 3032 über, die durch ihre Festigkeit Anlaß geworden ist, daß ein
1903 3021 3017 3074 bemerkenswerte schauspielerische Leistung in ihrer freilich
765 3016 1876 3084 junger russischer Klaviervirtuose Hand an sich legte, den peinlichen
1909 3065 3024 3123 nicht sehr erfreulichen Rolle als das Mädchen mit den
763 3062 1874 3121 Inquisitor und Herzenserforscher. Später sickert so etwas
1909 3103 3013 3154 ungezügelten Instinkten. Auch Carl Forest als Schrift¬
755 3106 1879 3162 durch, als ob Hofreiter am Ende in einer Art von ameri¬
1914 3144 3018 3201 steller, Kurt Srieler als Marine=Fähnrich und Ilka
764 3148 1879 3213 kanischem Duell selber den Selbstmord herbeigeführt. Die
1909 3189 3011 3260 Grüning (Frau Wahl) verdienen eine anerkennende Er¬
766 3203 1876 3250 Schuldlosigkeit seiner Frau befriedigt ihn im Grunde gerade
2631 3234 2981 3307 Joh. Mayrhofer.
766 3231 2130 3329 so wenig, wie alles andere. Es wäre vielleicht aanz nett, wähnung.
