3344 4256
269 69 1217 171 24. Das veite Land
1380 91 1828 181 box 29/3
2793 67 3193 145 nbr
2418 118 2832 215 Burgtheater.
2127 203 3233 299 Erstes Auftreten des wiedergewonnenen Herrn Korff
2006 229 3223 331 zals Fabrikant Hofreiter in Schnitzlers „Das weite Land“
2030 295 3228 365 Herr Korff ist zu seinem Vorkeil gealtert. Insofern man
2013 319 3234 424 unter altern verstehen will, daß ein Gesicht charakteristischer
2020 393 3229 476 wird, wenn Kunst und Erlebnisse die Andeutungen der
2020 437 3226 519 Natur sozusagen ausgebaut haben. Jetzt ist die einstige
2014 488 3228 580 Bonvivantphysiognomie Korffs irgendwie ins Tragische
2012 545 3222 619 gewendet. Und auch sein Hofreiter (immer eine seiner besten
2010 586 3224 664 Leistungen) hat noch an Herbheit, an verhaltener, man
2013 630 3215 708 könnte sagen Don Juannester Dämonie gewonnen. So
2004 699 3224 752 etwas ist nämlich auch in dem verwienerten Deutsch möglich,
2009 734 3227 807 das Korff so graziös behandelt. Es war ein richtiges Emp¬
2003 771 3223 857 finden der neuen Burgtheaterleitung sich eines interessanten
2010 821 3219 906 Schauspielers wieder zu versichern, der inneres Tempo
1998 867 3218 950 besitzt und eine die Bühne füllende Persönlichkeit. Herrn
2006 922 3228 991 Korffs Leistung erwies sich freigeblieben von dem Deka¬
1999 970 3227 1026 dententum des Gastierens. Viel eher wäre man versucht ge¬
2009 1024 3231 1097 wesen das Burgtheater mit einer besseren Provinzbühne zu
2005 1066 3223 1144 verwechseln auf deren Programm es heißt: „Hofreiter: Herr
2004 1112 3226 1193 Korff als Gast.“ Denn, wenige Rollen ausgenommen (hier
2006 1161 3226 1239 sind in den Hauptrollen Maria Mayer, Herr Heine Herr
2007 1211 3220 1273 Devrient, Herr Paulsen zu nennen), war eine dichte Staub¬
2005 1250 3214 1325 schichte über die Leben vretretenden Darsteller dieses so
2001 1309 3218 1394 lebensvollen Schauspieles gebreitet. Wie Jede und Jeder
2002 1357 3225 1432 seinen Part abhaspelte, ohne irgend eine Fühlungnahme
1996 1408 3212 1483 mit seinem Partner erraten zu lassen; wie jede Szene abge¬
1996 1453 3223 1538 hackt, isoliert einsetzte und schloß, ohne Uebergang, ohne
1996 1490 3219 1574 vermittelnde Valeur zu der nächstfolgenden; wie keiner
2003 1539 3211 1624 dieser Menschen seinem Schicksal eine Farbe zu geben ver
1997 1607 3208 1676 mochte, und wie man sich nicht darum scheerte die Atmosphär
1988 1646 3208 1717 dieses Schauspiels wahr werden zu lassen, das ja vor allen
1984 1681 3207 1773 schon durch sein Problem auf seelische Ambianz gestellt ist
1926 1791 3203 1875 beist auf den Verlust von allem, was einst im Konversations= z#
1928 1835 2568 1904 ück Burgtheater=Tradition hieß.
2016 1872 3180 1959 Dies gilt vom Schauspieler, gilt von der Regie. Ichs?
1918 1928 3182 2016 nöchte in diesem Zusammenhang heute ein ganz spezielles! z
1908 1980 3124 2056 Gebiet berühren. Die Vorstellung „Das weite Land“ ist
1916 2021 3188 2112 mir ein willkemmener Anlaß, über die im Burgtheater ver¬ h
1914 2085 3138 2153 nachlässigte Forderung zu sprechen, daß esAufgabe derRegei
1910 2123 3102 2189 wäre, die Schauspielrinnen des modernen Theaters zur Ele¬
1911 2180 3126 2251 ganz zu erziehen. Für eine erste Bühne ist es keineswegs
1913 2213 3098 2301 gleichgültig, wie ihre Damen sich kleiden. Denn es gilt doch
1908 2283 3127 2348 mmer, einem bestimmten Milien seine Charakteristik zu
1912 2330 3117 2408 geben. „Das weite Land“ ist nebst seiner Problematik und
1903 2379 3110 2446 seiner Beseeltheit auch ein mondaines Schaussiel. Da geht
1905 2428 3118 2490 es nicht an, daß die Linie der ersten Salendame einem ver¬
1900 2474 3114 2550 alteten Modebild entspricht Selbst zu einer Zeit wie diese,
1903 2520 3119 2568 in der die Toilettenfrage für jede Schauspielerin ein schweres
1905 2567 3110 2637 Problem ist, kann Ungrazie und Geschmecklosigkeit ver¬
1901 2610 3097 2676 mieden werden. Es muß möglich sein (wie die „Vogue“
1896 2650 3110 2734 dies auf geistreiche Weise in ihrer illustreetten Rubrik
1890 2718 3127 2801 „For a war income“ zeigt), auch unmoderne Kleider mits
1896 2764 3109 2844 geringen Kosten in die Silhouette der allerletzten Mode um¬
1894 2813 3125 2872 zugießen. Auch für Farbensymbolik sollie Empfindung
1896 2863 3101 2930 geweckt werden Zwei Toiletten zum Beispiel, in Nonnen¬
1894 2917 3114 2987 grau, von Schauspielerinnen nebeneinander getragen, ins
1883 2953 3116 3047 einem Akt, der ganz auf Sommerblüte gestimmt ist, und in
1888 2989 3107 3085 dem die Frauen wie farbige Blumen wirken müßten,
1886 3049 3100 3131 fälichen irgendwie die Intentionen des Bühnenbildes.
1878 3082 3105 3163 Denn auch Bühnenkunst ist ein Block. Der Lebemann Hof¬
1878 3135 3110 3234 #eiter, der Frauenkenner und Erkenner, muß auch durch das
1891 3198 3108 3281 Henre der Frauen die ihm wichtig sind, charakterisiert
1886 3232 3114 3326 werden Genia, seine Gattin, Adele, die verabschiedete,
1881 3287 3109 3372 Erna, die kommende Geliebte, jede ist in ihrer Art eine
1880 3339 3088 3403 ihres besonderen Typus auch sinnlich sich be¬
1886 3378 3094 3482 wußten Frau. Und die mit Erotik geladene Atmosphäre
1884 3424 3089 3514 im Kreise Hofreiter verlangt gepflegteste Toiletten¬
1891 3485 3091 3566 haltung. Denn Mode ist in höherem Sinn doch nichts
1885 3526 2526 3590 anderes als vergeistigte Crotik.
1999 3576 3092 3647 Daß, der vernachlässigten Vers#ellung ungeachtet
1881 3621 3075 3700 „Das welte Land“ ein warm mitgehendes Publikum fand
1877 3679 3084 3750 verdankt dieses Schauspiel allein dem dramatischen Puls¬
1891 3717 3088 3784 schlag seiner Menschen erschaffenden Kunst. Jede derartige,
1877 3771 3099 3835 noch unrevidierte Vorstellung aber, beschwert die Last der
1885 3816 3082 3882 von Hermann Bahr übernommenen Aufgabe. Dieser
1876 3849 3080 3953 Wiederaufbau wird von ihm den hingebungsvollsten Ein¬
1889 3902 2404 3979 atz seiner Kraft fordern.
2889 3923 3055 4000 B. Z.
