3392 4448
1349 139 1812 245 hox 28/2
658 172 726 237 W0
241 163 1221 281 24. Das seite-Land
1707 232 1944 324 —
1781 288 2774 362 schaffen, sind zu ihr nicht empor zu reißen. Des¬
148 314 1796 401 sichtet hat. Er denkt nur: ich be= Wenn man aber dieser nabeliegenden Ideen¬
1794 346 2770 413 halb fehlt dem Tod, der zum Schluß der
809 352 1792 427 verbindung nachgibt, unwillkürlich, ganz ohne
147 373 816 442 rau, meine Frau betrügt endlich
1784 387 2771 466 Komödie unter diese Menschen tritt, die finstere
815 410 1792 475 Absicht, zu vergleichen, wenn man den Fabrikan¬
164 416 824 492 s ist in Ordnung. Den anderen
1788 441 2771 506 Größe. Er wirkt peinlich, aber nicht notwendig.
816 460 1792 522 ten Hofreiter auch nur eine Sekunde lang neben
161 472 814 541 t doch ein Urtrieb aus ihm her¬
1789 497 2776 560 Und das Blut, davon diese Menschen zum
805 512 1801 584 den Baumeister Solneß hält, dann wird seine
151 514 817 596 zwingt, den Nebenbuhler als
1798 540 2778 614 Schluß der Komödie bespritzt werden, gibt ihnen
820 562 1793 618 Gestalt, die erst noch so ragend schien, erheblich
203 546 834 648 sehen und zu hassen. Er
1789 592 2785 660 nicht das Ansehen von tragischen Personen,
139 610 1787 685 Beliebten seiner Frau heraus, schmächtiger, wird engbrüstiger, und ihr schmerz¬
1790 643 2790 704 sondern die groteske Starrheit von Masken.
170 655 1788 731 töten, Gott bewahre, will ihn hafter Kampf spielt sich an einer Grenzlinie ab,
1800 691 2783 762 Ohne wirkliche Notwendigkeit stirbt der junge
155 706 1797 784 Pistole haben, und nicht der an der Teilnahme und Lächeln nahe beisammen
1788 738 2780 811 Mann, wird zufällig erschossen. Freilich, auch im
148 760 1795 830 Wie er ihn aber dann vor derwohnen. Dem Baumeister Solneß ist die Angst
1787 791 2783 852 Leben kann einer durch einen unglücklichen Zu¬
155 804 1796 892 hießt er ihn nieder. Weil die um die schwindende Jugend die tiefe
1790 838 2783 906 fall sterben. Aber in der Dichtung sollte nie¬
823 855 1790 928 Furcht vor dem Stocken der Arbeit,
196 864 823 940 blühende Jugend des armen
1799 879 2792 954 mand mit dem gewissen Dachziegel erschlagen
156 899 1794 981 hufreizt, ihn empört, ihn wild die Bangigkeit, abtreten zu müssen, ehe
1790 939 2782 1010 werden. Zehnfach anders läßt sich der Ausgang
824 955 1800 1022 sein Lebenswerk, ehe seine Kunst erfüllt sind bis
150 960 842 1032 ber hat er noch die Kraft, der
1795 997 2794 1054 dieses Stückes denken, weil die Gestalten, die
827 994 1797 1069 zum Höchsten. Und die Frauen sind ihm nur ein
156 1019 829 1093 Mutter, der er eben den einzigen
1804 1040 2790 1098 hier versammelt stehen, zu schwach sind, solch
824 1046 1797 1109 Symptom, nur ein Mittel, seine Wirkungskraft
162 1060 822 1135 da er sie zufällig trifft, die
1797 1081 2793 1140 ehernes Ende zu tragen, weil die Fäden, die
828 1102 1791 1161 an ihnen zu erproben. Was sind ihm überhaupt
154 1106 827 1181 n. Dann hat er noch die Kraft,
1802 1123 2788 1197 hier gezogen werden, zu dünn sind und reißen,
824 1142 1797 1209 die Frauen? Dem Fabrikanten Hofreiter aber
169 1160 818 1237 das er verführt hat, wegzu¬
1804 1182 2791 1248 wenn die Wucht des Todes auf sie niederfährt.
823 1199 1803 1263 sind sie alles. Er bebt davor, daß es keine neuen
157 1200 823 1276 soch die Kraft, zu sagen: „Nie¬
1791 1223 2797 1302 Man hat die Empfindung, daß Schnitzler diese
821 1240 1801 1324 Abenteuer, keine neuen Mädchen, keine neuen
166 1251 825 1319 eich ...!“ Da ruft sein eigener
1801 1281 2790 1356 Menschen irgendwie zu schwer, irgendwie zu
831 1295 1794 1354 Liebesstunden mehr geben wird. Seine Melan¬
152 1301 828 1376 Zurückgekehrt, eben angekommen,
1802 1321 2798 1410 ernst nimmt. Dies ist der Widerstand, der zuletzt
822 1336 1802 1408 cholie, sein Schmerz, sein Daseinsgefühl wurzelt
154 1353 823 1421 e vom Garten her: „Vater ...“
1807 1382 2597 1462 mit nachträglichem Besinnen sich regt.
824 1377 1811 1449 im Mondainen, sein Verhängnis ist sozusagen
185 1394 822 1478 er, aufstöhnend und davon¬
1843 1406 2800 1500 Langsam entrollt sich die Handlung, in einer
837 1440 1817 1512 gesellschaftlich. Er ist ein Verwandter des edlen
168 1450 740 1531 von nun an gehören wird.
1809 1482 2792 1553 gelassenen, aber unfehlbar treffsicheren und
831 1483 1811 1549 Herrn von Sala, den Schnitzler im „Einsamen
176 1477 836 1571 prachtvolle, dichterisch geschaute,
1806 1516 2809 1599 zielbewußten Technik. Drei Akte lang novelli¬
836 1553 1806 1602 Weg“ geschaffen hat. Allein er steht im mensch¬
155 1563 827 1625 hrmte Gestalt. So straff ange¬
1818 1570 2808 1647 stisch mit epischem Beiwerk, und im dritten Akt
841 1590 1802 1654 lichen Rang tiefer. Und er verkehrt auch nicht in
163 1610 831 1682 n ihren Linien, so erfüllt von
1815 1630 2801 1697 sorglos abbiegend in einer lustspielhaften Kurve.
842 1648 1343 1724 solch guter Gesellschaft.
166 1650 839 1726 Intensität, daß sie mit jedem
1812 1667 2798 1752 Dann aber, vom vierten Akt an, wird die Aktion
873 1670 1817 1760 Diese Gesellschaft... Es ist meisterhaft, wie
168 1699 837 1778 jeder Gebärde bedeutsam und
1819 1723 2806 1802 straffer, wird dramatisch und geht mit stür¬
844 1740 1817 1804 Schnitzler diese Gesellschaft menschlich auf¬
156 1750 841 1818 ichtet. Ein menschliches, ein all¬
1814 1761 2798 1841 mischen Schritten ans Ende. Der Erfolg, der
832 1782 1808 1863 zuheben vermag, wie er ihren geringen Inhalt
167 1803 839 1870 liches Erleben, das man primi¬
1815 1814 2805 1893 dem Werk bereitet wurde, schloß sich dieser
842 1835 1811 1909 vergeistigt, ihre trübe Atmosphäre durchsichtig
182 1854 845 1927 fassen könnte; dies Vergehen
1804 1875 2804 1939 Linie an. Der Beifall, der gleich nach dem ersten
836 1881 1815 1959 macht. Allein diese Menschen bleiben sämtlich
174 1896 846 1992 dies schmerzlich unabwendbare:
1805 1916 2811 1978 Fallen des Vorhangs frisch einsetzte, wurde
843 1930 1817 2001 im Lustspielhaften stecken, sie sind mit allen
162 1949 834 2021 in...“ ist hier aus dem Allge¬
1817 1968 2811 2050 immer wärmer und erreichte nach dem vierten
838 1986 1811 2060 ihren Organen, mit ihren Seelen, Nerven, Kon¬
153 1989 852 2074 Besondere, vom Typischen zum
1809 2021 2619 2094 Akt eine nicht gewöhnliche Intensität.
848 2032 1821 2101 flikten und Problemen auf dem Boden der
167 2044 848 2119 geführt. Ein Konflikt, dessen
1853 2053 2800 2134 Man darf einen Teil davon auch der Dar¬
163 2080 1828 2172 ob zeichnen ließen, ist da bis inhumorigen Komödie verklammert, sind mit
1813 2111 2803 2191 stellung anrechnen. Herr Korff gab den Hof¬
188 2132 1832 2205 Nachdenklichkeiten aufgespürt. ihrem ganzen Format und mit ihrer ein¬
168 2170 2817 2283 keiter stebt im Solneß=Schicksal. gebornen Gewichtlosiakeit nicht zur Tragik ge=reit## mit einer solchen Natürlichkeit, mit so
1894 2226 2884 2305 viel feinen Uebergängen, mit so delikater schau¬
1895 2278 2884 2344 spielerischer Technik, daß er diese Rolle zu
1885 2316 2881 2406 seinen besten Leistungen zählen kann, trotzdem
1895 2377 2874 2433 er der Gestalt des Hofreiter noch einen Rest
1891 2408 2878 2489 von Persönlichkeit schuldig blieb. Diesen Rest
1898 2474 2881 2545 aber wäre etwa nur Mitterwurzer zu geben
1889 2513 2885 2609 imstande gewesen. Oder Kainz. Fräulein
1883 2560 2872 2637 Marberg spielte die Frau des Hofreiter,
1886 2611 2872 2690 vielleicht die schwierigste Rolle des Stückes.
1892 2663 2875 2729 Sie gab den Kampf und die Scham der an¬
1880 2711 2879 2793 ständigen Frau, die sich zwingt, einen Fehltritt
1884 2757 2869 2829 zu tun. Und man glaubte ihr den Kampf und
1881 2803 2870 2868 die Scham mehr als den Fehltritt. Wenige
1875 2855 2864 2926 Schauspielerinnen können so wirken. Einfach
1870 2913 2869 2981 prächtig war Fräulein Hofteufel. Sie gab
1885 2957 2874 3033 das junge Mädchen der Wiener Gesellschaft,
1881 3004 2874 3070 frühreif, gut im Kern, verführt und verdorben,
1877 3064 2876 3110 und in alldem von einer Anmut und Festig¬
1879 3105 2875 3167 keit, daß so was wie ein Charakter durch¬
1885 3157 2884 3216 schimmerte. Neben diesen Hauptpersonen eine
1872 3206 2874 3253 Fülle von Peripheriegestalten: Herr Paulsen
1881 3260 2867 3311 als... als anständiger Mensch, was er immer
1878 3305 2867 3375 unvergleichlich trifft; Frau Reinhold als
1871 3342 2870 3413 ziemlich leere Dame der Gesellschaft. Herr
1874 3404 2870 3473 Devrient, als Gegenspieler des Hofreiter,
1867 3452 2754 3513 gab einen abgedankten Frauenliebling
2739 3445 2870 3514 mit
1876 3503 2728 3549 nicht allzu affektierter Resignation.
2713 3493 2865 3564 Herr
1872 3541 2871 3626 Gerasch als junges Todesopfer, Herr
1874 3588 2863 3670 Treßler als Literat, Herr Heine als!
1872 3630 2868 3700 überlegener Intrigant, Herr Thimig als!
1877 3690 2860 3753 populärer Hotelportier — es waren lauter
1869 3740 2862 3801 gute und lebendige Figuren. Denn auch das
1871 3787 2867 3859 gehört zu den Eigenschaften dieses merkwür¬
1861 3842 2867 3901 digen und geistreichen Stückes, daß es sich in
1870 3887 2853 3940 fast allen Rollen leicht und angenehm spielt,
1859 3935 2861 4021 wie es sich in fast allen seinen Szenen reizvoll
1862 3983 2701 4065 und mit echtem Theatergenuß anhört.
2533 4013 2831 4119 Felix Salten.
