3392 4320
1912 206 3249 309 Tugend in den Selblimord getrieben habe. Diele Wendung
551 205 1905 305 Art, verinnerlichte Konflikte und Probleme, die jedem
1899 294 3243 368 muß natürlich auf den durchleimittlichen Theaterbellcher
552 299 1902 364 modernen Menlchen nahe gehen und mit denen hier ein
1899 349 3256 430 konsternierend wirken, wie eine Ungeheuerlichkeit: Ein
548 363 1380 428 Dichter fertig zu werden verlucht.
1900 412 3247 470 Mann macht leiner Frau ihre Treue zum Vorwurf. Ein
648 416 1901 483 Das Belte in dem Stück, das Markantelte, das einem
1903 473 3246 537 derart heikles und kompliziertes Problemn läßt lich auf der
533 473 1897 536 bleibt, ist dieler Friedrich Hofreiter. Die Geltalt dieles
1902 537 3252 607 Bühne nicht löfen oder einem großen Publikum nur einiger¬
545 530 1886 605 lcheinbaren Zynikers wirkt auf die Leute im Theater be¬
543 597 3247 683 fremdend, unverltändlich, abltoßend. Es ilt wie bei einer maßen begreiflich machen. In der Novelle wäre es ganz
2656 638 3251 714 plaulibel: Ein Mannweill,
542 650 1141 741 Photographie, die in
2652 704 3257 781 daß leine Frau ihn nicht
539 699 1155 787 grellltem Sonnenlicht
2648 757 3256 840 liebt und einen anderen
541 772 1136 850 aufgenommen wurde.
2808 820 3256 901 den lie dennoch
2652 820 2821 899 liebt,
538 821 1144 904 Licht und Schatten lind
2656 873 3257 960 ruhig in den Tod gehen
549 888 1144 967 übertrieben heil und
2659 932 3258 1017 läßt. Vor dieler Rarren,
540 934 1128 1022 dunkel, ohne Uber¬
2663 1003 3254 1067 unnützen Tugend faßt den
543 995 1138 1087 gänge. Schnitzler hat
2662 1057 3260 1144 Überempfindlichen ein
535 1059 1140 1136 den Hofreiter zu grell,
2654 1115 3259 1202 Grauen, das Rärker ist
539 1122 1134 1207 zu scharf, zu aufrichtig
2664 1167 3255 1251 als alle Ehemannsgefühle.
542 1181 1141 1262 gezeichnet, wenigltens
2654 1229 3249 1314 Das ist ungefähr der
537 1238 1145 1315 für die Bühne, so daß
2663 1293 3261 1368 plychologilche Vorgang
546 1299 1141 1376 lich die vielen Modelle
2667 1362 3249 1428 in dieler Szene, über die
535 1362 1137 1439 drunten im Parkett nicht
2666 1406 3248 1489 man lich lo entletzt hat.
540 1422 1142 1505 erkennen und entletzt
2710 1467 3258 1546 Im Verhältnis zu Ernd,
548 1479 1141 1554 lind. Und dabei ist es
2658 1521 3261 1605 dem modernen Mädchen
549 1532 1141 1615 eine lo prachtvolle, echte
2664 1588 3259 1661 mit der Aufrichtigkeit
547 1604 1149 1675 und wahre Figur. Dieler
2664 1646 3269 1726 und Kourage des Herzens
543 1655 1138 1735 Mann am Ende der
2661 1709 3256 1784 und der Sinne, benimmt
584 1703 1106 1790 Vierzig, unabhängig,
2664 1764 3255 1848 lich Hofreiter gar zu
543 1776 1125 1852 reich, gesellichaftlich be¬
2654 1822 3259 1912 Solneßmältig. Wieder
539 1836 1145 1913 liebt und dennoch mit
2659 1883 3261 1957 führt die Jugend den
553 1891 1142 1970 dem ganzen modernen
2663 1937 3248 2011 Alternden und Zaudern¬
553 1945 1145 2029 Jammer einer kompli¬
2666 1999 3247 2080 den auf den Turm, der
546 2007 1135 2071 zierten Innerlichkeit, der
2678 2054 3233 2141 hier eine schwierige
553 2070 1138 2148 ewigen Selbltbelpiege¬
2663 2111 3255 2200 Dolomitenlpitze ist. Daß
550 2123 1135 2211 lung behiftet. Ein ruhe-
2661 2174 3249 2250 lie lich ime Höhenrausche
548 2178 1147 2258 loler Menich, der von
2665 2240 3250 2317 finden, iit eine Schnitz¬
554 2243 1136 2323 nichts wirklich überzeugt
2667 2285 3262 2374 leriche Nuance, aber es
535 2294 1140 2384 ist. Seine großen Fabriks-
2661 2359 3262 2433 wird nur nachher davon
539 2362 1141 2436 unternehmungen, lein
2660 2406 3255 2491 erzählt, man lieht und
547 2414 1142 2494 Tennislport, leine Affären
2671 2462 3259 2549 erlebt den Höhenrauich
544 2481 1146 2556 mit Weibern, das alles ist
2673 2536 3258 2599 nicht mit. Trotzdem ge¬
551 2536 1146 2625 nur eine Art Betäubung,
2671 2581 3247 2678 hört die verhaltene Lie¬
542 2598 1135 2677 um zu vergellen, wie
2658 2650 3266 2727 bestzene zwilchen den
542 2648 1148 2731 lehnell die Jugend und
2673 2706 3261 2783 zweien zu den ichönlten
549 2715 1145 2796 das Leben vorübergehen.
2715 2764 3220 2841 des Stückes. Noch
556 2771 1141 2845 Und eigentlich iit dieser
2664 2816 3266 2898 Rtärker ilt der Moment,
552 2832 1154 2906 Friedrich Hofreiter gar
2669 2883 3255 2962 in dem der immer über¬
550 2879 1152 2969 nicht lo befremdend,
2662 2935 3254 3020 legen und zynilch tuende
579 2940 1117 3027 londern eine echte
2665 3001 3256 3081 Hofreiter lofort zum be¬
551 3001 1130 3095 Schnitzlergestalt. Ein lee¬
2668 3061 3266 3136 leidigten Ehemann und
553 3073 1148 3149 liicher Vetter des Herrn
2664 3127 3266 3196 Gentleman wird, als er
555 3121 1137 3210 von Sala aus dem „Ein¬
2660 3182 3265 3247 die Untreue leiner Frau,
551 3178 1150 3265 lamen Wege. Nur ein
2663 3240 3262 3313 um die er genan wullte,
549 3255 1147 3316 mondänerer Herr von
2671 3297 3249 3375 von einem Dritten er¬
550 3301 1142 3384 Sala, der zufällig ver¬
2672 3350 3264 3433 fährt. Und wundervoll
541 3368 1149 3432 heiratet ilt und der den
2367 3408 2626 3488 Atelier d’Ora
2654 3406 3256 3498 im fünften Akt die Rück¬
557 3415 1152 3486 2Baumeilter Solneße mit
1197 3435 2200 3538 Marietta Weber 7 Jolefllädter Theater, Wien
2661 3464 3260 3547 kehr Hofreiters vom
547 3480 1159 3566 Nutzen gelelen hat. Das
2649 3527 3254 3613 Duell, lein Zulammen¬
547 3539 1153 3617 zeigt lichn leinem Ver¬
1901 3583 3248 3656 treffen mit der Mutter des Getöteten, leine tiefe Er¬
556 3584 1913 3667 hältnis zu den beiden Frauen des Stückes. Mit Genia lebt
1911 3647 3255 3730 lehetterung; wie er gleichlam auf der Szene jäh altert,
553 3658 1907 3733 er leit 15 Jahren in einer Ehe, deren Vorgelchichte nicht
1908 3712 3265 3786 leine Flucht vor der Jugend, zu der er geltern selber noch
552 3712 1910 3774 weiter erzählt wird. Er betrügt lie ganz selbltverltändlich
1902 3772 3259 3862 gehörte, in die Arme der neuen Jugend, die draußen im
556 3767 1906 3846 und lie weill es, ignoriert es vornehm und revanchiert
1916 3830 2418 3909 Garten ruft: Vater!
547 3841 1901 3926 lich nicht, denn dazu ilt lie lich lelblt zu gut. Und gerade
1984 3848 3254 3942 Im Theater, auf das große, immer lachbereite Publikunng,
547 3876 1918 3960 diele Treue kann ihr Hofreiter nicht verzeihen. Er wirft
562 3938 3259 4045 ihr vor, daß lie einen jungen Menichen durch ihre wirkt natürlich die Hotelhallßzene am Rärksten. Es lind
549 4037 674 4149 90
