3392 4256
298 67 1249 168 24. Das veite Land
1400 82 1854 174 box 29/3
2130 149 3039 250 Ausschnitt aus: Grazer Tagespost
2337 192 3032 312 18 JUMa-ISShiermark
2122 245 2295 299 vom:
2920 309 2975 366 —
2135 292 2325 396 770
2324 343 2981 453 Cheater und Musik.
2458 421 2879 497 Schauspielhaus.
2142 479 3222 550 „Das weite Land“, Tragikomödie von A#tac###
2219 535 3199 603 Das viel besprochene und viel angekündigte neue
2129 593 3197 651 Stück von Schnitzler fand am Mittwoch bei aus¬
2126 620 3207 711 verkauftem Hause statt, keineswegs aber mit dem großen
2114 682 3192 744 Erfolge, den man hätte erwarten sollen. Schon der
2137 732 3188 795 Titel ist unklar und vieldeutig. „Die Seele“, sagt Dr.
2142 790 3201 866 Aigner im dritten Akte, „ist ein weites Land, wie
2132 836 3190 896 ein Dichter es einmal ausbrückte.“ Damit meint er
2137 877 3195 943 wohl nur die weite Welt der menschlichen Seelen¬
2136 910 3207 997 regungen mit ihren mannigfaltigen, bewußten und un¬
2134 980 3207 1033 bewußten, hohen und niederen, freudig jauchzenden und
2139 1034 3207 1089 wieder zu Tode betrübten Empfindungen, die das Tun
2136 1073 3208 1145 und Handeln der Menschen bestimmen. Aber Schnitzler
2142 1117 3213 1208 schwenkt doch die Weite dieser Welt seiner Veranlagung
2140 1181 3212 1246 und seinen dichterischen Instinkten nach unbewußt ledig¬
2129 1247 3200 1298 lich auf das grotische Gebiet ein. Ich sage un¬
2128 1288 3195 1352 bewußt, denn ich las itgendwo eine Außerung von
2129 1326 3205 1403 ihm wiedergegeben, daß er es reichlich satt habe, sich
2134 1374 3196 1452 immer den Dichter des „süßen Mädels“ nennen zu
2134 1420 3208 1502 hören, und daß doch einige Zweifel daran erlaubt seien,
2142 1491 3214 1546 ob das Erotische sein stärkstes und gar sein einziges
2132 1540 3199 1595 Thema sei. Er hat allerbings später den „Schleier
2128 1583 3211 1649 der Beatriee“, „Den jungen Medardus“ geschrieben, aber
2130 1638 3200 1706 sein junger Ruhm ist doch zunächst aulf den „Anatol“ Und
2127 1685 3201 1753 die „Liebelei“ begründet. Und auch das „weite Land“,
2139 1737 3199 1800 das er auf die Bretter bringt, ist doch im Grunde
2138 1791 3205 1843 nur ein großer Liebesnet als ob die weite Gottes¬
2136 1848 3191 1902 welt keinen anderen Zweck hätte. Alles liebt und
2141 1882 3204 1953 flirtet, auf dem Tennisplatz des Kurgartens, ver¬
2138 1937 3201 1995 stohlene Küsse tauscht man in der schweigenden Berg¬
2137 1995 3203 2051 welt der Dolomiten, man begehl Ehebrüche wie in der
2130 2040 3197 2102 Villa zu Baden, so auch im Hotel am Karersee, man
2139 2082 3194 2136 ertappt sich bei galanten Abenteuern und schießt sich
2138 2135 3205 2201 aus Eifersucht und gekränkter Gattenliebe im Duelk
2143 2188 3191 2244 tot = überall klingt der Refrain aus Anatol „Mein
2135 2242 3193 2306 Lebensluuf ist Lieb und Lust“ durch und es scheint,
2140 2291 3194 2349 als ob es im Leben der Frau keine Stunden gebe,
2129 2338 3199 2400 die anders, als durch Liebe und Flikt ausgefüllt wer¬
2139 2390 3201 2448 den können. Aber, weil der Dichter das Land der
2133 2434 3196 2505 Liebe als ein weites, unabsehbares und an Widersprüchen
2140 2486 3214 2554 mit Süße und Bitterkeit gefülltes ansteht, so war es
2138 2540 3202 2603 ihm möglich, so manches, was mit den Empfindungen
2134 2590 3202 2642 der Alltagswelt und mit philiströsen Anschäuungen
2143 2659 3200 2708 psychologisch unvereinbar erscheint, bei seinen handelnden
2144 2693 3194 2764 Personen glaubwürdig zu machen und zu rechtfertigen.
2136 2742 3195 2808 So wenn der Glühstrümpffabrikant und Posenmann
2143 2796 3198 2848 Hofreiter, eine Art Anatol mit ergräüten Haaren, dem
2140 2844 3204 2904 die Frauen und Mädchen zufliegen und der zugleich
2143 2909 3211 2962 ein trefflicher Tennisspieler und güter Pistolenschütze
2142 2938 3213 3011 ist, seiner Fräu Geniä fast einen Vorwurf baraus macht,
2142 2997 3210 3052 daß sie dem Pianisten Korsakotb, der sich aus un¬
2154 3038 3199 3104 glücklicher Liebe zu ihr erschössen hat, kein Gehör ge¬
2154 3085 3198 3155 schenkt häbe, und doch dannt, als diese später einen
2139 3143 3195 3202 jungen Märinefähnrich in ihr Schlafzimmer nimmt,
2143 3204 3200 3264 diesen im Duell erschießt, und dann ploßlich am Schlusse
2103 3252 3154 3346 des Stückes sich für die Liebe zu alt erklärt. Die
2111 3298 3151 3393 junge Erna, seine neueste Eroberung im Karer=Hotel,
2104 3361 3139 3439 die sein Leben mit ihm teilen will, zurückweist und
2099 3399 3147 3496 plötzlich seine Liebe zu dem Kinde Perey, das er jahre¬
2097 3450 3149 3544 lang außer dem Hause erziehen ließ, entdeckt, und
2103 3498 3133 3582 niemanden mehr auf der Welt angehören will. So
2093 3551 3146 3641 diese Erna selbst, die lieber Hofreiters Maitresse werden
2085 3600 3144 3686 will, als der stillen Werbung des wackeren Dr. Meyer
2089 3656 3133 3742 Gehör zu schenken, dann das ganz unvermittelt auf¬
2090 3699 3136 3787 tauchende und überraschende Verhältnis der stillen,
2086 3741 3126 3838 sinnigen Genia, die ihrem Gatten trotz seiner Seiten¬
2074 3799 3124 3885 sprünge bisher so rfel die Treue gehalten hat. All
2065 3835 3124 3923 das findet im Sinne des Dichters im weiten, un¬
2067 3897 3113 3986 ermeßlichen Lande der 'menschlichen Liebesempfindungen
2056 3939 3112 4019 Erklärung und Bescheinigung. Was die Handlung an¬
2061 3988 3103 4081 belangt, so ist sie etwas schwerfällig und abgestückelt;
2055 4047 3108 4137 es ist dem Dichter nicht gelungen, die Menge der
2051 4095 2857 4160 sich nebeneinander abwickelnden Nebenhand
