3296 4320
1353 97 1696 188 box 29
641 109 688 173 V
224 104 1178 212 24. basTteLand
1904 1283 3174 1326 brikanten Hofreiter und der Zimmerinterieurs, nicht minder die
689 1275 1705 1393 Kunst und Misfenschaft.
1903 1324 3176 1382 glänzende Darstellung, in der sich in erster Linie Herr Nhil
1905 1366 2012 1412 in d
2046 1362 3167 1420 Rolle des Fabrikanten Hofreiter und Frl. Elsinger
860 1366 1597 1455 Deutsches Schauspielbaue,
1907 1412 3155 1462 als Frau und außerdem die Herren Gebhardt, Lang,
1029 1435 1427 1506 „Das weite Land.“
1905 1446 3165 1507 Wagner, Andresen, Brahm (Portier) und die Damen
1905 1490 3168 1541 Frau Ellmenreich, Frau Otto=Körner, Frl. Silten
584 1471 1862 1571 Tragikomödie in 5 Akten von Arthur Schnitzler.
1894 1528 3162 1571 und Frl. Heydorn auszeichneten, entschädigten das Publikum
675 1551 1867 1617 Das neue Werk Schnitzlers, das am Sonnabend außer in
1903 1569 3161 1621 für die Schwächen der Novität. Am Schlusse wurden die Dar¬
596 1578 1862 1657 Hamburg auch in Wien, Berlin, München und in ande¬
1905 1606 3156 1674 steller und Herr Direktor Hagemann durch lebhaften Beifall
600 1634 1880 1681 ren deutschen Städten die Uraufführung erlebte, hat die Er¬
3013 1653 3132 1714 1—
1904 1649 2607 1711 und wiederholte Horvorrufe geehrt.
587 1659 1875 1729 wartungen, die ihm entgegengebracht wurden, nicht befriedigt,
599 1718 1870 1777 man kann sich vielmehr des Eindrucks nicht erwehren, daß der
592 1748 1873 1824 Verfasser sich auf der absteigenden Linie befindet. Schon in der
2184 1752 2881 1849 Hamburger Stadttheater.
598 1793 1876 1857 Wahl des Titel ist er nicht besonders glücklich gewesen. Man
586 1826 1880 1896 rät hin und her, was er mit dem „weiten Land“ gemeint haben
2337 1819 2702 1905 Neu einstudiert:
598 1873 1876 1944 möge, und kommt endlich zu dem Schlusse, daß er das unbe¬
2241 1867 2806 1954 „Das Heimchen am Herd.“
586 1912 1864 1968 grenzte Land der Seele im Auge gehabt habe. Der Dichter
1886 1916 3151 1990 Oper in 3 Abteilungen von Carl Goldmark.
597 1960 1867 2020 zeichnung „Tragikomödie“ ist gewagt; der Schluß ist eher ge¬
1972 1979 3161 2044 Der Erfolg, der vor Jahren diesem Werk bei seinen ersten
596 2007 1867 2059 waltsam, als innerlich tragisch; aber auch die Komödienstim¬
1890 2001 3158 2077 Aufführungen beschieden war, hat nicht lange vorgehalten. Die
584 2026 1870 2103 mung ist gesucht, gezwungen. Das Milieu ist den spezifischen
1888 2061 3166 2119 Oper verschwand überall wieder vom Repertoire. Eine ganz
600 2077 1868 2133 Wiener Gesellschaftskreisen entnommen; es handelt sich um das
1900 2099 3146 2158 prächtige, stimmungsvolle Aufführung veranlaßte am Sonn¬
586 2119 1872 2183 Eheproblem, Ehescheidungen, Ehebruch und Flirt. Die mora¬
1894 2129 3150 2196 abend die Hörer wieder zu lebhaftestem Beifall, namentlich wäh¬
591 2151 1857 2233 lischen Anschauungen der aufgeführten Personen sind sehr lax,
1890 2179 3155 2251 rend der beiden letzten Akte; aber dem Werke selbst und seiner
590 2191 1732 2250 nur ein Arzt erweist sich als vollkommener Ehrenmann.
1882 2212 2840 2270 Musik ist dieser Erfolg wohl nicht zu verdanken.
666 2244 1866 2307 Im Mittelpunkt der Handlung stehen ein Wiener Fabrikant
1962 2252 3157 2319 Das Libretto, frei nach Dickens gleichnamiger Erzählung
582 2277 1855 2343 Hokreiter und seine Gattin Genia. Wir erfahren zu Anfang,
1891 2292 3157 2359 gearbeitet, entbehrt schon der rechten Märchenstimmung; die
588 2315 1871 2373 daß sich ein junger Russe aus unglücklicher Liebe zu der jungen
1886 2343 3162 2402 uns über die harmlos= alliägliche Geschichte, die sich da vor
591 2359 1849 2419 anmutigen Frau erschossen hat. Der eifersüchtige Gatte, der
1879 2380 2852 2433 unseren Augen abspielt, angenehm hinüberhülfe.
590 2403 1860 2449 übrigens selbst gelegentlich „Eheirrungen“ keineswegs abgeneigt
1956 2415 3151 2493 Goldmarks Musik zeigt hier wenig Erfindung und
589 2438 1859 2495 ist, kann sich bei der Beteuerung seiner Gattin, daß sie von
1885 2434 3148 2518 gleicht mehr einem Potpourri von Reminiszenzen und
592 2476 1861 2546 jeder Schuld frei sei, nicht beruhigen; er unternimmt, um auf
1886 2500 3139 2560 Nachbildungen der Werke unserer Meister. Doch soll damit
592 2523 1860 2586 andere Gedanken zu kommen, eine Reise ins Hochgebirge, die
1886 2534 3149 2589 nicht gesagt sein, daß die Oper etwa eigener Reize bar wäre.
588 2563 1859 2631 er aber sofort zu einem Flirt mit einem jungen Mädchen,
1892 2575 3138 2642 Das Lied der Doti im ersten Akt, ein feinempfundenes Quintett,
587 2599 1858 2669 das dem älteren, verheirateten Manne eine schwärmerische Liebe
1879 2610 3144 2668 und die große Bariton=Arie im zweiten Akt sind hübsche und
579 2643 1857 2709 entgegenbringt, benutzt. Diese Liebelei hält ihn trotzdem nicht
1891 2653 3138 2724 für die Ausführenden dankbare Arbeiten. Aber Märchenduft
586 2685 1851 2756 ab zu der Einsicht zu gelangen, daß er seine Frau wirklich
1873 2688 2801 2757 und Poesie sind dieser Musik fremde Begriffe.
578 2714 1859 2784 liebt. So treibt ihn dann die Sehnsucht wieder nach Hause
1957 2729 3142 2796 Desto erfreulicher kann man sich über die Aufführung aus¬
587 2780 1863 2830 zurück. Bei seiner Rückkehr muß er sich jedoch von einer wirk¬
1879 2774 3152 2855 lassen. Die musikalische Leitung des Herrn Selberg wie die
585 2805 1858 2871 lichen Untreue seiner Gaktin überzeugen; er ist Augenzenge, wie
1869 2808 3149 2882 Regieführung des Herrn Nowack taten alles, um Stimmung
585 2849 1853 2904 ein junger Mann, ein Marine=Fähnrich, dessen Eltern ge¬
1882 2855 3142 2925 zu erwecken. Herr vom Scheidt gab der Partie des John
590 2882 1860 2952 schiedene Eheleute sind, sein Haus zur Nachtzeit auf dem unge¬
1882 2900 3145 2966 gesanglich und darstellerisch ungemein viele Wärme und Lebens¬
576 2920 1856 2981 wöhnlichen Wege durchs Fenster verläßt. Der gehörnte Ehe¬
1878 2941 3143 2989 echtheit. Frau Fleischer=Edel sang die Dot mit feiner
579 2966 1844 3028 mann fordert den Fähnrich zum Duell heraus und erschießt ihn.
1886 2974 3151 3056 Zartheit und schön quellendem Ton. Frl. Lehmann stellte
664 3010 1843 3059 Die Handlung wird noch drrch eine Anzahl von Neben¬
1877 2998 3145 3071 eine jugendfrische May auf die Bühne und Herr Lohfing
585 3042 1843 3110 personen, einen Bankier, einen Oberleutnant, einen Schrift¬
1879 3052 3145 3116 verlieh der Gestalt eines alten, lächerlichen Lords treffsichere
580 3078 1845 3143 steller und andere erweitert, die aber zu der Haut thandlung in
1879 3093 3142 3159 charakteristische Züge. Zierlich und lieb sang und agierte
586 3128 1846 3174 loser Beziehung stehen und auch im übrigen als Typen des
1886 3131 3149 3210 Fr. Puritz=Schumann als Hel#nchen. Nur der Eduard des
573 3157 1849 3241 leichten Wienertums namentlich bei einem norddeutschen Publi¬
1873 3174 2816 3237 Herrn Hochheim unter gesanglichen Unarten.
580 3209 1472 3257 kum wenig Interesse zu erregen vermögen.
1953 3218 3138 3290 Immerhin ist die Tatsache erfreulich, daß wenigstens der
662 3251 1857 3323 Der ganz im Wiener Dialekt geführte Dialog enthält viele
1871 3246 3139 3325 Versuch gemacht wird, in das Repertoire unserer Oper endlich
573 3286 1541 3335 Längen und ist oft schwerfällig und verworren.
1875 3309 3145 3349 einmal lebhaftere Abwechslung zu bringen. Die Ankündigung
657 3334 1852 3390 Die von Herrn Dr. Carl Hagemann besorgte glänzende
1866 3338 3137 3410 der Neueinstudierung von Webers „Euryanthe“, Lort¬
563 3366 1846 3450 Inszenierung, das entzückende Arrangement der Villa des Fa¬
1873 3392 3149 3455 zings „beiden Schützen“, H. Götz' „Widerspeg¬
335 3442 726 3620 440
841 3446 2883 3638 a Wrte Gaei#
