3392 4224
509 51 564 124 D
2046 87 2664 159 Fianciscd, Stoczus.E.-
291 46 1245 192 24. nas weite Land
1399 70 1849 180 box 29/6
2191 143 2957 263 UchelhilteFA PSSRe-Grode, Bertin
2003 195 2458 287 Ausschnitt aus:
1999 288 2207 357 vom:
2390 350 2445 439 70
2135 426 3061 508 An Aufsätzen in Zeitschriften will ich nur zitieren
2010 470 3062 566 den kurzen Essai in „Ord och Bild- über Richard Moritz
2012 536 2875 597 Meyer von seinem Freunde Prof. E. Lehmann.
2102 562 3066 634 An Übersetzungen aus dem Deutschen hat das Vorjahr
2017 589 3069 658 nicht sonderlich viel gebracht: je einen Band von
2010 653 3062 709 W. Bloem, Ebner=Eschenbach, Freussen, Ricarda Huch,
2016 694 3068 736 Kellermann, Noda Roda, Erwin Rosen, Stilgebauer und
2012 731 3056 786 Wassermann sind zu verzeichnen. Auffälliger ist, daß
2015 767 3070 813 älteren deutschen philosophischen Werken nach langer Gleich¬
2016 809 3069 861 gültigkeit wiederum Interesse zugewandt wird: Kant und
2008 838 3081 916 Schopenhauer haben Übersetzer gefunden und von Schiller "
2014 890 3072 944 sowohl die philosophisch=ästhetische Poesie als auch die
2010 928 2698 987 Briefe über die ästhetische Erziehung.
2088 945 3060 1016 Was das Theaterleben Stockholms betrifft, so war
2010 1009 3068 1065 das bemerkenswerteste Ereignis ohne allen Vergleich Max
2014 1029 3075 1098 Reinhardts wochenlanges Gastspiel mit Stücken von
2009 1074 3071 1139 Goethe, Lessing, Schiller, Shakespeare und Strindberg.
2018 1123 3065 1182 Der Erfolg beim Publikum war sehr groß und unbestritten;
2013 1159 3069 1209 die Kritik dagegen war verschiedentlich nicht recht geneigt,
2013 1203 3062 1250 die Verdienste anzuerkennen — besonders in den Fällen,
2012 1236 3067 1287 wenn der Kritiker Ententefreund war. „Minna von Barn¬
2007 1281 3068 1326 helm“ und das Strindbergprogramm waren indessen
2006 1318 3059 1362 absolute Siege, und auch im übrigen war zweifellos der
2014 1360 3055 1401 Eindruck stark nachhaltig und sehr sympathisch. Von
2011 1383 3066 1452 deutschen Stücken auf den schwedischen Bühnen in Stockholm
2011 1431 3069 1489 hat Hofmannsthals „Jedermann“ einen außerordentlichen
2007 1464 3048 1525 und fast grenzenlosen Erfolg gehabt. Schönherrs „Erde“
2011 1501 3046 1558 machte großes Glück; „Der Weibsteufel“ fand mehr
2010 1552 3068 1614 Anerkennung bei der Kritik als beim Publikum. Dagegen
2019 1583 3065 1648 fiel Schnitzlers „Das weite Land“ ab — er ist sonst hier sehr
2016 1623 3063 1683 geschätzt; wenig Wirkung erzielte Hartlebens „Erziehung
2013 1669 3060 1742 zur Ehe“, bessere eine Wiederaufführung von Ludwig
1990 1799 3040 1885 Thomas „Moral“ und Overwegs „Kümmelblättchen“.
1999 1839 3051 1934 Gut ging auch Adolf Pauls „Der Triumph der Pom¬
1996 1895 2190 1969 padour“.
2080 1925 2319 2006 Stockholm
2484 1915 2966 2023 Ruben G: son Berg
121 2045 724 2148 anzösischen Botschafters
720 2061 1894 2157 bungen soll Oesterreich regieren. Dabei ist es nicht etwa so,
123 2110 275 2174 aris.
1891 2079 3076 2177 Lamm nebenelliänber siren, ein Pattei, di Sie=Steneche
715 2120 1886 2207 daß die Gemäßigten die Zügel haben. Im Gegenteil, die
262 2130 697 2226 Paris, 5. Oktober.
1903 2147 3077 2237 sozialen brandmarkt und sich mit ihnen verbindet, eine
715 2175 1891 2255 Gemäßigten vergehen vor Angst, daß sie die Radikalen
120 2193 707 2290 r Laurent ist gestern aus
1888 2202 3079 2273 Partei, die den Mittelstand zugrunde richtet, kann nicht
727 2220 1898 2303 nicht beleidigen, und immerfort müssen sie in dem Gedanken
1895 2242 3078 2315 Vertretung der Bürger sein. Kein Klassenkampf und keine
714 2261 3044 2329 handeln, die Nebenregierungen zurückzuhalten und den Un= konfessionelle Hetze! Wählet freisinnig und demokratisch!
111 2277 720 2373 er französischen Botschafters
112 2357 703 2418 n die Blätter, daß die In¬
825 2366 1881 2474 Die 14. Fortsetzung der Novelle: „Tagebuch.
109 2393 708 2459 n, wonach Laurent bestimmte
1972 2391 3069 2474 In ihrem Mittelpunkt steht, die Handlung beherrschend,
813 2423 1882 2524 blätter aus der Umsturzzeit“ von
114 2443 710 2512 Benministers Simons be¬
1887 2425 3066 2512 Boris Bjerossow Nikolajewitsch, ein rücksichtsloser Sinnen¬
110 2481 714 2570 ormaler wirtschaftlicher Be¬
1883 2489 3072 2559 mensch. Er ist verheiratet mit Zina, einer entzückenden jungen
817 2470 1810 2598 Marie v. Bunsen befindet sich auf Seite 10.
128 2536 443 2602 verfrüht seien.
1879 2541 3064 2625 Frau, die ihn vergöttert, und er betrügt sie mit Larissa, der
109 2573 711 2659 n diese Frage auch mit jener
1880 2585 3068 2676 leidenschaftlichen Frau seines besten Freundes. Aber nicht
108 2636 713 2705 sammenhänge, die in den
1886 2634 3069 2700 genug daran, lockt er auch noch Vera, Zinas Schwester, seine
921 2631 1627 2743 Feuilleton.
1880 2692 3068 2760 Schwägerin also, in seine Netze. Er tut dies vermöge des
104 2677 700 2765 onskommission falle, seien
114 2732 702 2799 französisch=deutsche Verhand¬
1888 2723 3070 2802 heiligen Rechtes der Leidenschaft", das er zu einer Art
1101 2737 1461 2822 Altes Spiel.
110 2771 700 2847 icht nur nützlich, sondern
1888 2772 3061 2842 Philosophie ausgebildet hat. „Es gibt für den Menschen, dessen
794 2786 1864 2884 In dem neuen Stück „Spiel der Leidenschaft“ von
100 2817 691 2898 ne nicht Lösungen vermuten,
1878 2826 3060 2902 Sinne nicht durch die lächerlichen Zwangsvorstellungen der
692 2826 1875 2946 Artzibatschew, das jetzt das Deutsche Volkstheater füllt und
102 2871 195 2928 ße
1878 2869 3049 2937 bürgerlichen Pedanterie bis zur Verstümmelung eingeschüchtert
187 2876 690 2947 Fühlungnahme handle.
703 2889 1868 2981 voraussichtlich noch längere Zeit füllen wird, kommt, im
1882 2913 3056 2995 sind, nur ein Gesetz und ein Recht, das ist die Leiden¬
191 2915 686 2996 de Paris“, die Ver¬
692 2932 1872 3019 zweiten Akt, eine Szene vor, in der man den Dichter des
95 2960 218 3031 reich
1874 2963 3054 3043 schaft . . .“ hat er in einem nächtlichen Zwiegespräch im ersten
200 2971 690 3047 und Deutschland müsse
689 3008 1869 3079 „Ssanin“ wiedererkennt. Die Szene, die mit der Handlung
1870 3005 3050 3090 Akt zu Larissa gesagt, und nach dieser Maxime handelt er
190 3013 694 3080 gesucht werden,
702 3040 1872 3109 nichts zu tun hat, aber sie beleuchtet, versammelt eine kleine
109 3062 696 3142 schen alle Rechte Frankreichs
1879 3061 3065 3146 auch im zweiten an Vera. Aber im dritten ertappt ihn
691 3076 1865 3171 Abendgesellschaft auf der Bühne. Ein Arzt ist darunter, ein
1866 3100 3048 3185 Larissa mit dem jungen Mädchen und schlägt Lärm. Zina
696 3132 1861 3217 russischer Arzt, der, wie er sagt, das Leben kennt, weil er
1874 3147 3037 3241 kommt dazu und erfährt, bisher ahnungslos, im selben Augen¬
104 3140 690 3231 Erstaunen darüber aus, daß
694 3181 1854 3267 „ein Arzt und ein Lump ist; und ein Saufkumpan dazu". Er
1868 3192 3042 3279 blick von dem doppelten Betrug, der an ihr verübt wird. Sie
113 3204 678 3274 estimmten. Vorschlägen ge¬
703 3224 1865 3310 spricht über die Ehe, die er von seinem ärztlichen Junggesellen¬
1868 3246 3036 3331 rächt sich mit Szuvorin, einem jungen Kavallerieoffizier,
100 3252 684 3318 einfache Anregungen vor¬
696 3270 1862 3381 standpunkt aus beurteilt, verurteilt, als eine unmögliche Ein¬
1863 3290 3031 3374 dessen Huldigungen sie einen Akt vorher zurückgewiesen hat.
102 3307 681 3371 aufrichtigen Wunsch
676 3317 1842 3403 richtung. „Die Ehe hat nämlich einen kleinen Uebelstano,“
1864 3337 3041 3418 Nun aber wirft sich die beleidigte Frau schlankweg in seine
104 3344 680 3412 ierung, zur Wieder¬
690 3366 1852 3446 orakelt er: „Mann und Frau sind ewig aneinander gebunden.
1864 3384 3038 3472 Arme, nicht anders, wie Genia Hofreiter in Schnitzlexs Wiener
105 3394 684 3470 wirtschaftlicher Be¬
685 3414 1845 3499 Man kann einen Ochsen nicht mit einem Roß oder einer
1859 3419 3048 3529 Komödie „Das weite Land“, mit der das später entstandene
98 3443 680 3518 ezeichnet es aber als nicht
677 3472 1849 3535 zitternden Hirschkuh zusammenspannen; so verschiedene Ge¬
1860 3466 2890 3555 russische Stück eine große motivische Aehnlichkeit hat.
98 3489 674 3563 schläge für Käufe und Ver¬
692 3499 1852 3590 schöpfe. Nur eines haben sie miteinander gemein: die Leiden¬
104 3535 675 3605 hinstelle, das so verwickelte
1937 3537 3039 3629 Bei Schnitzler ist der junge Mensch, der eine einzige
690 3550 1853 3641 schaft. Es gäbe dafür auch ein anderes Wort . ..“ von dieser
105 3589 681 3663 chadenswiederautmachung zu
1861 3563 3031 3680 glückliche Nacht mit seinem Leben bezahlen muß, ein Marine¬
669 3578 1848 3696 Leidenschaft, für die es auch ein anderes Wort gäbe, handelt
1856 3631 3035 3712 fähnrich; der betrogene Gatte erschießt ihn im Duell. In
676 3643 1395 3736 die neue, so gar nicht neue Komödie.
1853 3680 3029 3776 Artzibatschews Schauspiel wird er aleichfalls erschossen, aber
578 3734 1274 3848 e ##
1399 3769 1676 3889 A
1506 3845 1696 3919 .
2834 3854 3126 3966 —
2352 3855 3014 3964 Pie en heshache er ee  h.
1066 3870 1178 3979 22,
