3392 4320
1367 83 1817 165 box 28/4
681 94 781 156 We
249 91 1206 187 24. bas iteLand
751 1294 1654 1439 WS
847 1422 1658 1546 45. 10.244A
834 1595 1722 1679 „Das weite Land“ im Lessingtheater.
707 1647 1879 1736 Das weite Land, in das uns Arthur Schnitzler in seiner
651 1706 1879 1780 fünfaktigen Tragikomödie hineinschauen läßt, ist des Menschen Seele,
654 1765 1886 1825 Diese Seele, so zeigt uns der Dichter an all den Menschen, deren
655 1798 1885 1856 Schicksal er uns vorführt, ist ein gar kompliziertes Ding. Diese
657 1841 1872 1900 Seele empfindet Liebe, wo die konventionellen Schranken es verbieten,
649 1882 1884 1950 sie täuscht uns sogar den, den sie liebt, weil verbotene Frucht sich
642 1925 1867 1985 durch guten Geschmack auszeichnet, und diese Seele ist zuweilen treu —
646 1976 1884 2033 sogar in der Untreue. Friedrich Hofreiter (Heinz Monnard)
644 2021 1886 2066 ist allen treu, die er jeweils liebt, nur nicht seiner schönen Frau Genia
653 2052 1889 2112 (Irene Triesch), die ihrem ersten Verehrer gegenüber so sehr
647 2098 1885 2140 die anständige Frau spielt, daß der Verschmähte sich das Leben nimmt.
649 2149 1882 2205 Beim zweiten Verehrer, dem Fähnrich Otto v. Aigner (Kurt
639 2184 1890 2237 Stieler), siegt das Recht auf Liebe über alle Gewissensskrupel,
641 2218 1880 2267 und diese Verirrung im weiten Land der Liebe endet damit, daß der
637 2268 1879 2308 gekränkte Gatte den Liebhaber niederknallt, weniger aus Rachebedürf¬
647 2309 1888 2338 nis, sondern in letzter Linie aus der inneren Furcht vor der siegenden
639 2359 1883 2406 Jugend. Aber mit dieser blutigen Abrechnung rechnet er auch ab
647 2390 1882 2442 mit seiner Liebe zu der jugendfrischen Erna Wahl (Hilde Her¬
642 2441 1880 2494 terich), die er dem wackeren Dr. Mauer (Hans Marr) ent¬
640 2473 1886 2536 rissen, und die er, trotzdem das Tischtuch zwischen ihm und seiner
644 2504 1880 2563 Frau zerschnitten, gehen läßt, weil die Lebenslust in
637 2563 1566 2614 ihm gebrochen ist, und weil die Stimme
1588 2561 1885 2618 des Sohnes
645 2594 1885 2653 mahnend an sein Herz klingt. Irrwege in dem weiten Lande der
651 2640 1881 2681 Seele sind es auch, die des erschossenen Liebhabers Vater,
633 2678 1876 2723 den Dr. Aigner (Emanael Reicher) von seiner Gattin (Ma¬
644 2728 1877 2793 thilde Sussin) trennen, deren Wege sich scheiden, weil er seine
643 2767 1871 2835 Gattin zwar nicht zu sehr liebte, um sie zu betrügen, oder zu sehr,
636 2817 1876 2852 um sie zu belügen. Es sind komplizierte Vorgänge in dem weiten
632 2858 1876 2898 Lande der Seele, die der Dichter mit feiner psychologischer Be¬
640 2894 1870 2956 gründung uns entwickelt, und wir bewundern die hier in die Tiese
637 2935 1874 2980 gehenden und dort wieder mit geistreichen Thesen und Antithesen
647 2976 1883 3045 jonglierenden Gedankenreichtum, wir vernehmen mit Genuß gar
640 3017 1872 3070 manches feine und kluge Wort, das sich uns tief ins Gedächtnis ein¬
638 3060 1866 3108 prägt. Nur an den tragischen Schluß vermögen wir nicht recht zu
634 3106 1877 3163 glauben, da den fünf Akten die zwingende Gewalt der inneren Ent¬
636 3137 1870 3206 wickelung abgeht. Die Tragik dieser Komödie erwächst eben nicht
631 3189 1874 3252 von innen heraus. Das ist ihre Schwäche, aber die übrig bleibende
635 3228 1880 3298 (Komödie war stark genug, das Publikum fünf Akte hindurch zu unter¬
626 3269 1904 3339 halten und zu fesseln. Der lebhafte Beifall galt freilich wohl in erster!
2513 1522 2769 1607 S e
2865 1516 3014 1606 Mleetein
1896 1587 3130 1657 Reihe der vollendeten Wiedergabe des Werkes, in deren Mittelpunkt
1895 1641 3122 1697 das treffliche Zusammenspiel von Heinz Monnard und Irene
1902 1684 3124 1721 Triesch stand, die zwei schauspielerische Glanzleistungen schufen.
1891 1731 3127 1762 Mit seinem Empfinden und starkem Temperament charakterisierte
1905 1766 3124 1813 Hilde Herterich die rassige, ihr eigenes Leben lebende Erna, und
1894 1809 3128 1855 prächtige Charakterrollen schufen auch Emanuel Reicher, Haus
1891 1852 3133 1903 Marr Ilka Grüning als geschwätzige Alte, Karl Forest
1905 1896 3132 1935 als Dichter, Bruno Ziener als Stutzer, Wikly Froböse als
1893 1936 3135 1992 „fröhlich betrogener" Ehemann, und alle die anderen, die wir nicht
1903 1974 3128 2017 aufzählen, da wir sonst den ganzen Theaterzettel wiedergeben müßten,
1891 2015 3122 2063 so vortrefflich war bis in kleinste Detail die Aufführung, deren ge¬
1886 2059 3120 2113 schmackvolle und glänzende Inszenierung und Ausstattung ganz be¬
1902 2103 2590 2164 sonders hervorgehoben werden muß.
2935 2101 3100 2159 B. P.
