3296 4320
53 3520 380 3613 „Rheingold.“
21 3603 377 3664 ng.) Bei keinem
21 3642 384 3717 alle Versuche, die
39 3696 386 3767 Dichterkomponisten
23 3753 383 3815 beim Vorspiel zum
27 3801 380 3865 euthers ergaben sich
28 3854 374 3914 er das Niveau des
17 3889 380 3965 rklichkeit zu erheben,
20 3952 373 4016 den Festoorstellungen
26 4002 379 4069 Mal der Vorhang
29 4052 386 4119 eingestehen: „Mein
29 4096 386 4165 reicht. Wir müssen
32 4141 395 4211 liß nur wabl. dab 1
368 223 1688 320 Höchste zu fordern pflegte, wie von den ausübenden Künstlern, und daß
1687 239 2942 345 führung erlebte, eine Tragikomödie nennt. Ein Drama, das durchaus
378 290 1683 354 daher die zahllosen Widersprüche zwischen Intention und möglicher Aus¬
1682 306 2949 380 tragischem Ausgang drängt und auch tragisch ausklingt, wird nicht dadu
383 326 1678 412 führung kaum jemals gänzlich zu beseitigen sein dürften. Aber schließlich
1685 366 2955 438 zur Tragikomödie, daß einige Personen und Episoden leicht komisch sit
380 379 1688 464 muß man sich fragen, warum gerade beim „Rheingold“ das Versagen
1694 407 2958 486 daß die Menschen sich frei und natürlich unterhalten, und daß es ganz si
379 428 1687 517 der Schwesterkünste auch die Wirkung der Handlung und der Musik mehr
1681 454 2973 523 etwa von dem großen Pathos der Römertragödie ist. Freilich, auf dem hoh
371 463 1690 558 herabdrückt, als bei allen übrigen Werken des Meisters. Die Antwort auf
1691 503 2981 584 Kothurn wandelt Schnitzler nicht, aber — dies kann nicht gut verschwiegt
382 531 1688 607 diese Frage kann nur lauten: weil die Handlung im „Rheingold“ auf
1694 557 2980 612 werden — ein wenig auf Stelzen. Wenn ein guter, geistreicher Dich“¬
377 579 1686 668 bedenklich bröckligem Grunde steht, auf Fundamenten, die zu schwanken
1694 601 2994 678 und kluger Mensch ein Werk schafft, so wird es sicher niemals dumm, lang
377 633 1689 720 beginnen, sobald man des Näheren nach den grundlegenden Motiven im
1694 656 2999 727 weilig oder schlecht sein; aber es liegt die Gefahr vor, daß es zu klug
375 682 1691 755 Tun und Lassen der zur Schau gestellten Göttersippe fragt und den
1693 696 3012 780 wird. Die Stelzengefahr! Schnitzler kompliziert die psychischen Regungen
372 726 1681 818 logischen Zusammenhang all der gezeigten Dinge und Geschehnisse er¬
1691 751 3007 824 zu sehr; so sehr, daß sie die dramatische Wirkung verlieren. Er tut es
381 777 1687 864 gründen will. „Um das „Rheingold“ zu begreifen, bedürfen wir einer
1683 805 3011 853 diesmal ganz bewußt, gewissermaßen programmatisch. In dem Chaos der
380 827 1683 909 erklärenden Mythologie, die Wagner uns schuldig bleiben mußte, weil sie
1693 852 3011 921 menschlichen Seele, in dem die Ordnung nur künstlich geschaffen werden
366 860 1691 963 ihm selbst nicht klar war,“ schrieb Max Kalbeck gelegentlich einer Auf¬
1681 898 2996 971 kann, hat viel nebeneinander Platz, Treue und Trug, Anbetung und zu¬
371 934 1686 1003 zählung der Verkehrtheiten und Widersinnigkeiten, die sich im dramatischen
1681 948 3005 1002 gleich Verlangen nach einer anderen oder mehreren anderen; denn die
378 977 1687 1058 Aufbau des „Rheingold“ vorfinden, und er trifft damit den Nagel auf
1688 999 3000 1054 Seele ist ein weites Land! Schnitzler führt uns in manche weit:
378 1022 1687 1117 den Kopf. Nur im Rahmen eines grandiosen Prunkbildes verlieren sie
1692 1045 2991 1119 Seelenländer. Im Mittelpunkt der Ehebrüche — es sind schon Eheketten¬
372 1071 1688 1166 sich, nur die Zauberkünste der Maschinisten und Dekorationsmaler lassen sie
1685 1090 3000 1160 brüche! — steht ein nicht mehr absolut junger, aber noch absolut erfolg
372 1125 1690 1201 vergessen und schaffen die Brücke zum Genusse der einzigen, herrlichen
1687 1143 3005 1199 reicher moderner Renaissancemensch, der Fabrikant Hofreiter. Während er¬
1681 1188 2990 1264 selbst seine Frau mit einer Barbiersgattin fast offenkundig betrügt, bearg¬
380 1174 1682 1263 Musik Denn einzig und herrlich ist sie in ihrem Goldglanze und in den
373 1226 1682 1312 schillernden Rheinfarben, in ihrer majestätischen Pracht, die sich bemüht
1689 1243 3001 1314 wöhnt er seine Frau, die stolze und schöne Genia, daß ein jungr
375 1281 1689 1361 aus den kleinlichen Leuten des Olymps würdige Götter zu machen, und
1689 1277 3007 1345 russischer Künstler, der sich das Leben nimmt, ihr Geliebter gewesen¬
375 1328 1687 1411 in der musikalischen Zeichnung der vom Dichter im Geiste geschauten über¬
1693 1331 2995 1402 Als er aber hört, daß er sich das Leben genommen, wei
1692 1381 2997 1452 Frau Genia tugendhaft geblieben, entfremdet ihm das wiederun
369 1373 1690 1464 wältigenden landschaftlichen Szenerie. Mit den blassen Farben und den
380 1425 1676 1503 widerwillig wirkenden Wundern einer dürftigen Bühnenausstattung ver¬
1692 1421 2984 1486 die eigene Frau. Es macht ihn unruhig, daß jemand da
373 1464 1681 1561 sinkt auch die Pracht des musikalischen Kolorits in Nichts zusammen, und
1688 1472 2987 1545 Leben verlieren mußte, eines Phantoms wegen, nur weil seine Fra#¬
375 1518 1677 1609 so kam es, daß „Rheingold“ bei uns seit langen Jahren auch in seinem
1690 1535 2998 1596 treu war. Und dieser selbe, so merkwürdig kompliziert empfindende Man
383 1579 1676 1659 gleißenden Klingen niemand mehr zu interessieren vermochte. Eine Neu¬
1674 1586 2989 1653 betrügt schleunigst seine Frau mit einer anderen, diesmal einem junge
376 1618 1672 1705 inszenierung von Grund aus war nicht mehr zu umgehen, und mit auf¬
1662 1622 2995 1685 Mädchen, und schießt einen jungen Fähnrich im Duell über den Hausch
388 1672 1681 1754 richtiger Freude dürfen wir heut berichten, daß von allen mitwirkenden
1679 1684 3000 1748 dem gegenüber Frau Genia nicht standhaft geblieben war. Es ist nich
375 1723 1686 1801 Faktoren ganze Arbeit getan worden ist. Die grüne Tiefe des Rheins
1685 1733 2996 1810 Liebesschmerz, nicht Eifersucht, nicht Rache; vielleicht am ehesten n##
1688 1777 2983 1845 gekränkte Eitelkeit oder auch Haß und Neid des langsam beginnend#
377 1763 1686 1860 mit den von oben her hineinspielenden glitzernden Sonnenstrahlen, die in
1681 1829 2992 1896 Alters gegen die siegreich anstürmende Jugend. Aber eine Brücke für da
379 1816 1688 1909 graziösem, leichtem Fluge schwimmenden Hüterinnen des blinkenden
1677 1869 2989 1943 Verständnis dieser verschiedenen seelischen Empfindungen wird nicht ge¬
382 1872 1678 1954 Goldes, das Versinken der Fluten und die von einem gewaltigen
373 1925 1685 2006 Rundhorizont umspannte auftauchende kulissenlose Landschaft mit dem
1678 1925 2986 1991 schlagen; daß die Seele eben ein weites Land ist, ist ein philosophische#
364 1967 1676 2059 Zyklopenbau der Götterburg, die Wandeldekorationen bei Wotans und
1682 1986 2981 2042 Trost, aber kein dramatischer. Viel eher verstehen wir schon, daß sic
367 2007 1683 2105 Loges Fahrt nach Nibelheim und ihrer Rückkehr zu den um
1681 2030 2980 2100 die arme Frau Genia, die in ihrem einfachen, gesunden Empfinden völlf
370 2071 1686 2157 Freya bekümmerten Göttern, die Stimmungsmalerei durch fliegendes Ge¬
1685 2082 2975 2149 schwankend und irre geworden, nun doch trotz aller Tugend langsat
364 2118 1682 2211 wölk in allen Farben von dem beängstigenden Schwarz der Gewitternähe
1686 2130 2988 2200 ins Verderben gleitet Oder daß sich das junge Mädchen, das ganz se
373 2159 1688 2240 bis zum versöhnenden, goldigen Rot des den Abend grüßenden Himmels —
1677 2179 2988 2243 und sicher in sich selbst ruht und ihren Lebensweg in jedem Schritt sis
369 2204 1685 2287 falles dies ist von höchster Schönheit. Wollten auch der Theater=Regen¬
1670 2221 3005 2304 selbst wählt, dem unwiderstehlichen Fabrikdirektor zu eigen gibt. Ods
364 2268 1686 2356 bogen und der Riesenwurm keine rechte Illusion erwecken, was verschlägt's!
1684 2286 2983 2358 auch den Bankier, der die verschiedenen Ehebrüche seiner Frau gena#
378 2316 1687 2392 Und gleichen Schritt mit der in Dekorationen und Kostümen entfalteten
1680 2330 2995 2408 kennt, aber geduldig erträgt, weil er trotz alledem seine Frau liebt. Man¬
371 2365 1679 2439 Pracht hielt auch der wundervolle Klang des Orchesters. In urwüchsiger
1687 2380 3002 2435 steht, es mangelt nicht an Kombinationen. Um die Sache noch mehr¬
388 2411 1681 2494 Gewalt erhoben die festlichen Motive ihr Haupt, in abgeklärter Reinheit
1675 2417 3009 2518 zu komplizieren, oder sagen wir, um die Konstruktion möglichst vollständigs
384 2462 1680 2551 sangen die seelische Stimmungen deutenden Themen ihre Weisen, aufs
1674 2487 2998 2550 zu machen, spielt der dritte Akt in einem Hotel, dessen Direktor ein Mannz
377 2519 1673 2593 feinste gegeneinander abgewogen, je nachdem der Augenblick der einen oder
1683 2533 3002 2601 mit einem besonders weiten Seelenland ist, ein Freund Hofreiters, ein
380 2565 1686 2649 der anderen Melodie das Vorrecht einräumte. Und alles dies Schöne zog
1676 2579 3007 2646 Mann, der sich vor langen Jahren von seiner an sich heißgeliebten Frau¬
373 2602 1672 2694 in unaufhaltsamem Flusse dahln, mit der Flut wachsend und fallend, durch
1678 2624 2996 2704 getrennt hat, weil sie seine Theorie von dem weiten Seelenland in der
381 2662 1670 2745 Höhen und Tiefen, bis es im Jubel der in Walhall einziehenden Götter
1688 2683 2990 2755 Praxis nicht anerkennen wollte, ein Mann, der der Vater des jungen
378 2713 1677 2798 verklang. Das ließ uns die dramatischen Schwächen und Unmöglichkeiten
1673 2726 3005 2812 Fähnrichs ist, der zwar das väterliche Glück bei den Frauen geerbi
376 2756 1679 2838 der Dichtung vergessen und an das Märchen und seine Symbolik glauben.
1675 2783 2993 2868 zu haben scheint, aber leider in seinem frühen Glück niedergeschossen wird.
364 2812 1676 2905 Herrn Kirchner und Herrn Kapellmoister Prüwer unseren lauten,
1675 2833 2996 2912 Daß alle diese Menschen, deren Hauptbeschäftigung übrigens neben dem#
371 2849 848 2920 begeisterten Dank dafür.
1672 2874 2997 2969 Ehebruch das Tennisspielen ist, gut gesehene, scharf umrissene Typen sind,
434 2900 1676 2983 Die einzelnen Solopartien waren erfreulicherweise auch von den kleinen
1676 2926 2992 3002 daß sie in ihren vielen Unterredungen manches feine, kluge Wort sprechen
376 2934 1678 3030 und großen Flüchtigkeiten befreit worden, die sich im Laufe des eiligen
1686 2978 2995 3061 bedarf bei Schnitzler kaum der Erwähnung. Aber es fehlt dem Drama##
383 3004 1682 3076 Thauterbetriebes allerorten eingeschlichen hatten. Herrn Beegs musika¬
1685 3034 3006 3111 eben der dramatische Atem und die Kraft der Ueberzeugung. So blieb den##
363 3042 1678 3130 lisch tüchtigem Wotan wollte es freilich auch gestern nicht glücken, wenigstens
1679 3079 2979 3159 auch die Aufnahme bei dem fast ausverkauften Hause in den Grenzen#
376 3101 1672 3160 die Stellen mit menschlich heißem Empfinden zu erfüllen, die uns an All¬
1678 3139 2981 3211 eines recht warmen, literarischen Achtungserfolges. Ja, nach dem Schluß#
376 3146 1678 3221 vaters selbstverschuldetem Leid Anteil nehmen lassen. Ja, nicht einmal
1680 3195 2986 3264 akte setzte sogar zunächst, ehe der Beifall es übertäubte, vernehmliches
365 3197 1674 3269 die von Glücksgefühl getragene Weise: „Vollendet das ewige Werk“
1677 3244 2991 3309 Zischen ein. Freilich kam diese Aeußerung wohl nur von Leuten, die damits
363 3252 1671 3315 erschien von überquellender Freude getragen. — Die Fricka war zum ersten
1680 3290 2989 3372 ihrem Mißfallen nicht über den dramatischen Wert oder den dichterischen
375 3305 1683 3373 Male keiner Altistin, sondern unserer Hochdramtischen, Frau v. Floren¬
1685 3328 2978 3418 Gehalt Ausdruck geben wollten, sondern darüber, daß der arme Fähnrich
371 3355 1682 3414 ltin=Weber, übertragen worden, und das gewann den Worten der
1676 3384 2985 3458 im Duell fiel. Am liebsten hätte man wohl ein unblutiges Duell gesehen,
370 3388 1675 3465 Göttin Prägnanz und Wärme. Herrn Wilhelmis lüsterner, miß¬
1673 3441 2985 3508 oder zum mindesten hätte der böse Hofreiter fallen müssen. Ja, ja, es
379 3432 1681 3520 gestalteter, zu furchtbar=schauriger Größe anwachsender Schwarzalbe steht
1672 3492 2987 3562 ist schon nichts bei den modernen Dichtern mit der poetischen Gerechtigkeit!
380 3498 1689 3562 von des Künstlers Gastspiel her noch in allerbester Erinnerung, und ebenso
1677 3545 2982 3619 Und deshalb zischten die naiven Genießer. — Die Aufführung tat alles,
384 3548 1670 3606 sind Herrn Lückes virtuoser Mime, Herrn Corfield=Mercers
375 3597 1668 3653 unsteter, geschmeidiger, wenn auch zu viel in Mephistos Art gehaltener
1682 3595 2978 3679 um dem Werke zu einem möglichst großen Erfo zu verhelfen, und der
383 3651 1676 3708 Loge, die Riesen der Herren Wittekopf und Pierroth, Fräulein
1673 3641 2975 3715 Beifall dürfte nicht zum geringsten Teile der Darstellung gegolten haben.
385 3695 1668 3763 Schereschefskys Erda und die Woglinde und Wellgunde der Damen
1683 3701 2985 3778 Herr Strobel gab den Hofreiter durchaus als modernen Menschen, ohne
384 3742 1683 3806 Mac Grew und Wolter als gute Leistungen bekannt. Zu ihnen ge¬
1666 3738 2975 3809 Pose und Affektation, stets als den Herrn der Situation. Nicht minder
381 3793 2975 3865 sellten sich als Neulinge der grollende, hartzügige Donner Herrn Heckers, vortrefflich, namentlich in der fieberhaft aufgeregten Erwartung des Schluß¬
381 3839 1674 3897 der milde Froh Herrn Baums und die schönsingende Floßhilde Fräulein
1677 3854 2975 3908 aktes, war Frau Santen als Genia. Für die besonders schwierige
383 3892 1679 3950 Dörwalds. Das ausverkaufte Haus bereitete der Neueinstudierung
1683 3900 2972 3971 Rolle der Erna, des jungen Mädchens, das sich Hofreiter mit fröhlicher
388 3941 1677 4003 des „Rheingold“ eine freudige Aufnahme und rief neben den Künstlern
1679 3950 2978 4016 Unbedenklichkeit zu eigen gibt, fehlte Fräulein Lind ein wenig die
389 3986 1521 4060 auch die Herren Kirchner und Prüwer ost vor die Rampe.
1656 3990 2987 4084 kraftvolle Sicherheit der Persönlichkeit; sie spielte aber durchaus sympathisch
424 4036 1674 4106 II. II. Lobe=Theater. „Das weite Land“*) Es ist nicht
1674 4051 2973 4102 und vermied vor allem die Gefahr, keck zu wirken. Herr Bauer, als der
380 4097 1662 4162 ganz zutreffend, wenn Schnitzler sein neuestes Werk, das gestern an
1668 4089 2993 4169 unwiderstehliche Hoteldirektor, Herr Skoda als der arme Fähnrich,
382 4140 1667 4191 unserem Lohe=Theater gemeinsam mit zmälf anderen Bühnen seine Urauf¬
1682 4148 2515 4225 Frautenit 19 dessen Muller2
