3436 4320
306 85 1258 207 24. Das veite Land
1417 108 1874 205 box 29/6
967 899 2427 982 es ist kein Wunder. Der erste — das ist doch immerhin ein Erlebnis.
967 944 2426 1022 Oder bedeutet das auch nichts mehr? Sie müssen mir darüber Auf¬
976 995 2425 1064 schluß geben, Erna. Ja! — Ich finde mich nämlich nicht mehr zurecht.
967 1050 2427 1118 Das Leben ist um so viel leichter geworden in der letzten Zeit. Als ich
962 1102 2423 1165 so jung war wie Sie, nahm man gewisse Dinge noch furchtbar ernst.
968 1143 2407 1242 Es sind nicht viel mehr als zehn Jahre seither vergangen, aber mir
966 1191 1953 1266 scheint, die Welt hat sich seitdem sehr verändert.
1010 1252 2403 1345 Stubenmädchen (mit einem Telegramm von rechts. Geht gleich
963 1292 1162 1355 wieder).
1011 1341 2402 1423 Genia (öffnet es rasch): Von meiner Schwester Mary. Sie kommt
960 1388 2402 1479 heute mittag mit Percy an. Hier. (Sie gibt Erna das Telegramm.)
958 1454 2400 1528 Es wird ein lustiges Wiedersehen werden. Aber wollen wir nicht doch
958 1496 2408 1559 in den Garten, Erna? Oder machen wir eine kleine Spazierfahrt. Ja?
961 1548 2401 1633 Der Tag ist so schön. Die Luft wird Ihnen wohltun. Sie sind blaß ...
952 1604 1880 1666 Sie haben vielleicht nicht sehr gut geschlafen.
1004 1650 2395 1731 Erna: Nein. Ich habe gewacht. Und um fünf Uhr früh hab ich
947 1705 2403 1768 meinen Bruder fortgehn sehn. In jedem Augenblick können wir er¬
951 1756 2396 1814 fahren, wie es ausgegangen ist. Denn während wir hier reden, ist alles
958 1792 1281 1856 längst vorüber.
1003 1854 2394 1941 Genia: Erna — ich sagte Ihnen doch, Friedrich ist in die Stadt ge¬
948 1891 1957 1973 fahren, zu seinem Advokaten ... wahrscheinlich.
991 1947 2391 2026 Erna: Er ist nicht zum Advokaten gefahren. Ich weiß es. Ich
937 1991 2392 2075 habe meinen Bruder gesprochen heut früh als er fortging. Gestern
938 2052 2389 2127 abend noch ist alles abgemacht worden. Heut morgen um acht hat das
931 2096 2387 2171 Duell stattgefunden. Ich nehme an — nicht gar weit von hier. Im
930 2156 2310 2218 Heiligenkreuzerwald wahrscheinlich. Und jetzt ist alles ... vorbei.
991 2205 2380 2274 Genia: Nun, so ist es eben vorbei Jetzt ist nichts mehr zu
942 2244 2389 2317 ändern, nicht wahr? Im Heiligenkreuzerwald, glauben Sie? — So
934 2297 2385 2371 sitzen sie jetzt alle zusammen im Stiftsgarten, unter dem schattigen Laub
932 2348 2384 2414 und feiern die Versöhnung ... Das Frühstück war schon vorher be¬
932 2394 2372 2475 stellt von den Herren Sekundanten. Und versöhnt ist man ja schnell,
934 2440 2370 2521 wenn man einander nie wirklich böse war. Was denken Sie, Erna,
928 2487 2375 2557 trinken sie auf unser Wohl? Warum nicht. Das Leben ist ja so lustig.
927 2541 2376 2630 Vielleicht erscheinen sie zusammen hier, Arm in Arm. Ja: Wir
930 2585 1492 2660 sollten ihnen entgegengehn.
977 2642 2369 2716 Erna: Ich will nach Hause ... Vielleicht ist mein Bruder schon
924 2685 1176 2748 zurück
978 2753 2351 2815 Genia: Gut — gehn Sie nach Hause, Erna ... Ich warte hier ..
976 2798 1872 2855 Erna (scheint nach draußen zu lauschen).
965 2839 2026 2905 Genia: Was haben Sie? — Ja, es sind Schritte.
960 2891 1998 2976 Erna (zur Verandatür): Es ist Frau Meinhold.
970 2937 1763 3011 Genia (zuckt zusammen): Wie..?
964 2985 2134 3075 Erna: Sie kommt ganz ruhig heran. Sie weiß nichts.
969 3047 1694 3103 Genia: Was will sie so früh ...
956 3090 2357 3156 Erna: Sie weiß sicher nichts. Sie geht langsam. Ihre Züge scheinen
911 3140 2357 3218 mir ganz unbewegt. Wenn Sie nur die leifeste Ahnung hätte, sähe sie
913 3191 2218 3249 anders aus. Woher sollte sie auch. Fassen Sie sich, Frau Genia!
955 3238 1927 3298 Frau Meinhold (kommt): Guten Morgen.
951 3289 1774 3360 Erna: Guten Morgen, gnädige Frau.
947 3352 2299 3418 Genia: Sie sind es, Frau Meinhold? Ah... (Sie steht auf.)
924 3422 1046 3475 264
1884 3416 2357 3526 Kuntwart 220 4.
