3344 4352
625 210 741 272 WO
1307 210 1779 295 box 28/2
224 205 1293 309 24. basteLand
664 346 1416 411 Parna, Kom, Gan M12. —
961 390 1427 458 (Gepesengen# uan). 7
627 412 1828 526 Am u## ###4 -erreen
623 515 1108 640 M. 2 7—
2018 687 2764 752 schwarzer lichtloser Winter liegt vor
2026 733 2763 795 uns. Hunderte Obdachlose rennen in je¬
2012 777 2761 839 der Nacht, klappernd vor Kälte, durch
841 708 1792 857 Wiener Plausch.
2019 811 2755 872 dieses einst gemüthliche Wien. Draußen
2013 857 2749 905 sam Gürtel sollen Holzbaracken errichtet
2036 888 2752 947 werden für jene, die nirgends unter¬
616 910 2016 995 Die Kaiserstadt einst und jetzt. — Das Attentat im Abgeordnetenhaus. — Wo
2645 925 2751 978 „Ich
2038 929 2643 984 kommen. Aber die Stadt sagt:
2031 962 2752 1027 hab' kein Geld,“ der Staat sagt: „Das
687 965 2029 1035 bleibt die Wiener Gemüthlichkeit? = Die Abschreckungs=Prozesse. — Aus
2015 988 2760 1060 ist Sache der Gemeinde.“ Wieder taucht
662 1017 1079 1083 der Welt der Kunst.
2019 1034 2758 1098 das so österreichische Wort auf: „Nega¬
2027 1083 2772 1138 tiver Competenzkonflikt,“ zu deutsch:
1351 1090 1705 1151 „Nun, wnas denn?“
2033 1118 2545 1176 „Das geht mich nichts an.“
612 1098 1330 1186 Denke ich zurück an all' das, was
1341 1125 2031 1204 Endlich kommt eine Antwort: „A große
590 1148 1308 1222 man in diesem Herbst „Ereigniß“ nennt,
1321 1168 1531 1232 Rauferei.“
2072 1162 2704 1239 Aber die Kunst, die uns entrückt?
599 1199 1307 1264 so sinken alle Theatervorstellungen, alle
1345 1195 2028 1255 Reden so politische Revolutionäre?
2067 1204 2761 1272 Schnitzlers neues Drama geht in
588 1233 1305 1309 Klatschgeschichten, alle Feuilletonwichtig¬
1314 1256 2012 1304 Dennoch sind über diese" Gaudibrüder“
2028 1247 2777 1314 einem Garten vor sich, die Leute spielen
1321 1292 2017 1356 im Ganzen vierundfünfzig Jahre Ker¬
2577 1291 2778 1345 In den
2033 1290 2578 1348 sast ununterbrochen Tennis.
580 1289 1308 1364 keiten sofort in einen großen schwarzen
1323 1330 1727 1389 ker verhängt worden!
2035 1324 2766 1392 Pausen brechen sie Ehen. Ich weiß schon:
591 1336 1311 1411 Abgrund der Unwesentlichkeit, und aus
2034 1362 2766 1419 Schnitzler ist jemand! Keiner schnitzelt
577 1373 1313 1453 dem Halbdunkel der schon fast verges¬
1338 1382 2020 1465 Das gemüthliche Wien voll Theater¬
2032 1396 2771 1454 eien Gestalten wie dieser
579 1438 1303 1493 senen Dinge treten ein paar grelle, er¬
2035 1445 2764 1489 Dichter. In seiner Welt ist er mensch¬
1324 1433 1895 1497 wichtigkeiten ist nicht mehr da.
588 1457 1319 1533 regte Massenszenen in's scharfe Licht
2036 1474 2757 1526 lich und nachdentlich! Sein „weites
1350 1460 2034 1520 Gestern hielten die Staatsbeamten
581 1503 1310 1559 exgkter Erinnerung. Ich sehe noch im¬
2032 1499 2769 1564 Land“ soll sein: die Seele des kompli¬
1315 1514 2023 1558 große Versammlungen ab. Gehaltser¬
588 1543 1305 1597 mer das große Heerlager auf der
2048 1531 2774 1598 zirten Menschen, in der Liebe neben
1328 1547 2032 1603 höhung oder passive Resistenz! Morgen
588 1581 1307 1643 Riigstraße vor mir, gerüstet, in starrer
2039 1584 2768 1645 Trug, Treue neben Treulosigkeit. Ehe
1324 1589 2021 1631 treten die Eisenbahner zusammen!
578 1616 1303 1672 Lintie, in der Sonne blitzend, und davor
1314 1620 2756 1675 Uebermorgen versammeln sich die er=neben Ehebruch wohnt. Dieses Neben¬
575 1656 1312 1714 Tausende ausgemergelter Vorstadt =Eri¬
2046 1639 2766 1711 einander findet Schnitzler — chaotisch,
1315 1656 2032 1710 grimmten Hausfrauen, denn das ar¬
582 1688 1312 1753 stanzen, die sich vor Wuth heiser schreien
2040 1690 2775 1757 gut. Aber ein weites Land? Ich finde
1314 1697 2034 1745 gentinische Fleisch, das in Triest für die
582 1734 1305 1780 und nicht glauben wollen, daß diese
1321 1722 2766 1784 Wiener bereit lag, mußte wieder ab=diese Weite bedrückend eng! Es ist das
1320 1769 2763 1830 schwimmen. Und dann hält Herr von Land, wo man fast ununterbrochen Ten¬
588 1767 1315 1830 Armee gegen sie ausgeschickt worden!
582 1803 1309 1849 Das Bild, vor sechs Wochen Wirklichkeil,
1319 1810 2253 1854 Gautsch eine Rede im Parlament, wo=nis spielt!
2068 1828 2770 1912 Die Kunst ist entrückt ... ins Tennis¬
1318 1843 2034 1902 rin er den Arbeitern vorwirft, daß sie
587 1841 1302 1906 brennt im Gedächtniß. Seither sind die
1317 1876 2150 1935 zu viel Bedürfnisse haben. Wie besänf= land.
581 1883 1301 1942 beiden Lager längst wieder aufgelöst,
2068 1902 2796 1987 Ein schwarzer, lichtloser Winter liegt
578 1926 2034 1977 Soldaten mischen sich gemüthlich in's tigend! ... Das alles muß im Auge be¬
590 1952 2222 2003 Gedränge, die Grenzlinten, sind ver¬ halten, wer seine Heimath liebt. Ein vor uns.
578 1983 1339 2043 wischt, dennoch: ich werde das ##uld der!
1313 2015 1384 2072 —
573 2030 1324 2084 kriegsbelebten Ringstraße nicht los, ich
578 2062 1316 2112 fühle: es wird wiederkehren. Die Ge¬
587 2100 1320 2164 müthlichkeit, die dieses Bild verschleiern
584 2134 1330 2198 will, ist glatt und stumpfsinnig. Das
578 2178 1337 2232 alte Backhähndl=Wien lebt noch in ein
572 2224 1313 2265 paar Zeitungen voll Theaterwichtig¬
574 2251 1323 2302 keiten, aber nur dort! Das wirkliche
588 2283 1339 2338 Wien bestehi aus zwei Lagern, den
586 2323 1337 2372 ausgemergelten Vorstadtmenschen, die
685 2366 1323 2407 keine „Wiener“ im Sinne der
571 2372 689 2425 gar
582 2391 1325 2447 Theatertinterln sind, sondern grad so
573 2437 1316 2486 Proletarier wie ihre Genossen in El¬
573 2466 1338 2527 verfeld=Barmen oder in Bochum oder
584 2509 1327 2561 in Prag oder in Lyon. Und die Säbel
574 2548 1333 2603 glänzen auf dem Wiener Franzensring
587 2579 1328 2643 grad so wie in Belleville oder in Trep¬
586 2622 1329 2673 tow, und die exakte Habsacht=Stellung,
584 2649 1329 2719 die auf's Kommando harrt, ist so gut
575 2695 1322 2751 österreichisch wie deutsch, wie französisch.
580 2725 1331 2788 Wir Feuilletonisten werden überflüssig
579 2773 890 2840 oder lächerlich.
619 2830 1329 2890 Am Tage, da der Dalmatiner Rjegusch
579 2886 1316 2937 Wawrak von der zweiten Gallerie des
580 2921 1311 2969 Abgeordnetenhauses auf den Justiz=Mi¬
572 2957 1322 3028 nister schoß, begegnete ich einem jungen
576 2991 1320 3053 Russen. Seine dünnen Lippen verzogen
578 3033 1315 3092 sich zu so was wie einem Lächeln, und
578 3073 1323 3134 sein grüngelber Teint röthete sich für
567 3101 1328 3160 einen Moment. Er sagte spitz: „Ihr
569 3131 1320 3196 habt gehofft, daß Rußland sich euro¬
1180 3182 1321 3234 russi¬
574 3186 1117 3237 päisirt, hehehe, inzwischen
571 3201 1324 3277 fizirt Ihr Euch!“ Der stille Hohn ging
576 3260 1317 3316 auf die Nerven. Ich setzte mich hin
571 3298 1308 3350 und erklärte dem Manne mit den dün¬
569 3317 1318 3374 nen Lippen: „Sehen Sie denn nicht,
576 3370 1311 3423 wie falsch Ihr scharfes Auge sieht! Da
575 3403 1320 3454 kommt ein junger Serbe aus seinem
568 3442 1309 3494 dalmatinischen Nest herauf. Er versteht
577 3483 1322 3538 fast kein Wort Deutsch, er bringt noch
574 3520 1312 3560 den raschen Handgriff zur Waffe mit,
565 3551 1313 3606 wie das schon so üblich ist im Balkan¬
574 3586 1309 3643 gebirge, er hat kurz vorher sein Land¬
572 3626 1315 3673 gut um ein paar tausend Kronen ver¬
564 3655 1319 3722 kauft, ist die Tage über in Schenken
575 3689 1320 3757 umd Freudenhäusern gelegen, hat noch
572 3729 1316 3787 ein paar hundert Kronen in der Rock¬
561 3773 1316 3840 tasche. Ein Balkanheld im Katzenjam¬
565 3810 724 3859 mer!
851 3815 1317 3869 So sehen doch nicht die
1057 3848 1308 3898 Aber mein
571 3838 1027 3891 Elendsrevolteure aus!“
574 3880 1320 3941 Russe behielt das schiefe Maul, denn
575 3916 1308 3972 eben iene Einmischung der gar nicht
570 3954 1313 4005 Betroffenen, die Mitwirkung der Dé¬
571 4004 1310 4048 generés, berührte ihn heimathlich. Ich
564 4033 1317 4075 mußte an diesem Abend zu einer Ope¬
573 4076 1311 4133 rettenpremiere, das stimmt ja immer
571 4104 1315 4159 trist, aber diesmal sah ich auch noch
572 4139 1300 4202 das grün=bleiche Gesicht meines Russen,
571 4179 1298 4246 vor mir und hörte seinen stillen Hohn:
