3436 4320
764 130 819 189 W
352 122 1312 243 24. Das 1te Land
1451 144 1908 238 box 29/7
1242 559 2129 645 CASINOS IN OSTERREICH
1340 620 2024 695 Baden SalzburgSemmering
1232 669 2118 740 Roulette — Baccara — Chemin de fer
1239 732 2108 815 Osterreichische Casino A. G.
1235 774 2105 853 Wien III, Schwarzenbergplatz Sa
1216 890 1731 980 „OBSERVER“
1476 971 2096 1031 I. österr. behördlich konzessioniertes
1467 1013 2092 1075 Unternehmen für Zeitungs-Ausschnitte
1457 1048 2100 1105 Wien I, Wollzeile 11, Telephon R-23-0-43
1409 1122 1592 1224 ATIS
1208 1198 1994 1326 Ausschnitt ausauiea Wiener Tashe
1409 1341 1997 1463 23.FEB. 1936
1222 1420 1362 1481 vom:
1395 1474 1583 1573 □
1682 1499 1732 1567 2
1666 1552 1869 1643 W
1117 1648 2332 1745 Und dann kam eines Tages Alfred v. Berger und holte
1080 1698 2306 1777 die Künstlerin als Burgtheater. Sie startet am 14. Oktober
1072 1767 2304 1830 1911 in Schnitzlers „Weitem Land“ als Genia und hat auch
1082 1785 2316 1888 hier Erfolg. War sie am Volkstheater die Schauspielerin der
1069 1849 2309 1935 Bahr=, Schnitzler= Molnar=, Shaw=, und Schönherr=Stücke
1064 1884 2305 1988 gewesen, so wird sie nun an der Burg die Hedda Gabler, die
1076 1951 2297 2018 Elga, die Leonore Sanvitale, die Pompadour in Brachvogels
1064 1982 2292 2086 „Narziß", die Zarin Elisabeth in der „Kleinen Katharina“
1066 2047 2292 2133 und noch vieles andre, sogar die Potiphar in der „Josephs¬
1069 2079 1688 2165 legende“ von Richard Strauß.
1108 2147 2313 2247 Unvergeßlich von mehreren Unvergeßlichkeiten ist vor allem
1060 2187 2297 2284 ihre Zarin Elisabeth: wie sie als Gespenst ihrer selbst er¬
1067 2230 2303 2321 scheint, leichenfahl, schon halb drüben, und doch noch start
1059 2293 2348 2384 im Irdischen verankert — das gehört zu den Spitzenleistungen, 2#
1061 2345 2294 2439 die auch Spitzenleister nur selten, nur in Augenblicken des
1051 2398 2307 2479 Sich=Ueberwachens leisten, obwohl eben dieses Sich=selbst=über¬
1051 2437 2323 2532 steigern=Können zur großen Kraft der wirklichen Begabung 6
1060 2480 1231 2544 gehört.
1088 2533 2325 2623 Keine Schauspielerin spielt indes alles, was sie kann, es ist s
1050 2587 2341 2675 denn auch „ihr ewig Weh und Ach“ und erzeugt die Gefühle 13
1054 2634 2305 2724 des Vernachlässigtseins, des Sichnichterfüllthabens samt den
1048 2684 2282 2756 dazugehörigen Klagen. Für den Schauspieler gibt es kein Er¬
1039 2726 2289 2827 ledigen einer Aufgabe, es gibt nur ein sisyphushaftes Empor¬
1043 2789 2285 2878 wälzen des Felsblocks, eigentlich jeden Abend, an dem er spielt.
1044 2832 2269 2925 Und es gibt auch noch nicht den Direktor mit der Zauberhand,
1040 2879 2277 2971 aus der für alle seine Mitglieder alle Rollen herausfallen, die
1038 2915 2264 3022 sie spielen können oder könnten. Vielleicht wäre es eine Er¬
1042 2976 2277 3069 weiterung ihres Kunstgebietes geworden, wenn sie nach dem
1039 3035 2264 3117 Rat des Obersthofmeisters Fürsten Montenuovo klassische
1033 3083 2259 3172 Rollen bevorzugt hätte; wie dem sei: was Lili Marberg spielt,
1042 3127 2264 3224 hat eine vornehme Aura. Es ist die Vornehmheit der eigenen
1042 3188 2265 3274 Natur, die sich ihren Figuren mitteilt, und das Wertvolle daran
1028 3234 1894 3312 ist, daß diese Vornehmheit natürlich klingt.
1073 3284 2274 3355 Fündundzwanzig Jahre Burgtheater! Es war ein Stück
1035 3317 2260 3420 Leben, in dem sich Glanz, Erfolg, Triumph, Enttäuschung,
1026 3372 2265 3469 Leid und Arbeit, Gnade und Last prächtig mischten, wie es
1035 3427 2262 3513 schon jedem echten Künstler verhängt ist. Und dann, an einem
1026 3474 2261 3542 markanten Punkt der Laufbahn, vor den Vorhang treten und
1021 3531 2261 3631 eine große Generalquittung von Dank empfangen zu können,
1024 3583 2251 3668 ist auch eine schöne Einrichtung, man könnte sagen: ein
1028 3629 2051 3703 Privilegium, das den olympischen Kranz vertritt.
1051 3676 2253 3769 Nun, sie fing als liebes Mädchen in Dresden an, machte als
1018 3734 2248 3815 Lola Montez die Münchner rebellisch, sie gehört heute zu den
1028 3778 2260 3859 liebenswürdigsten Meisterinnen der Burgtheaterkunst, sie blieb
1018 3822 2255 3900 demnach ihrem Zeichen L. M. immer treu. So hat Lili Marberg
1028 3866 2257 3974 Ursache, dem großen Direktor, der die Schicksale im irdischen
1020 3918 2015 4009 Possenspiel lenkt, ganz aufrichtig dankbar zu sein.
1827 3980 2211 4068 Ernst Deesey.
2297 1942 2338 1998 2
