3344 4448
1317 186 1776 292 box 28/2
207 201 735 309 24. Das we
468 216 1180 322 as weite Land
296 1135 2828 1262 ihr nicht verdenken, wenn ihm seine Untreue von demselben Lebensfürwitz, der ja schließlich auch das Motiv der
296 1209 2820 1315 ihr vergolten würde. Er hat einen russischen Pianisten zum mehr genäschigen als verliebten Erna ist. Herr Hofreiter entdeckt
298 1308 2811 1357 Freund, oder besser gesagt, er hält sich einen russischen Pianisten das, fordert den Fähnrich zum Duell und erschießt ihn. Warum
298 1314 2811 1402 als Freund, und mit diesem hat er seine Frau in Verdacht. Der eigentlich? Hat er sich belogen, wenn er sonst so gleichgültig und
303 1353 2819 1454 Russe erschießt sich, wodurch jener Verdacht wächst. Herr Hofreiter über das eheliche Vorurteil erhaben schien? Oder weil er doch in
297 1451 2828 1499 ist noch immer nicht eifersüchtig, es interessiert ihn nur, als irgendeinem letzten Winkel seine Frau noch liebt? Oder bricht
294 1479 2867 1560 psychologisches Problem, er will wissen, wie das eigentlich war; das Tier aus ihm hervor? Nein. Sondern er ist einfach schlechtsh
1543 1486 2872 1586 aufgelegt und will sich Luft machen. Er hat eben noch, als er esn
301 1525 1554 1589 er will, wie er sich ausdrückt, wenn er auch ein Ehemann ist,
1553 1544 2866 1630 erfuhr, ganz ruhig darüber gesprochen. Es schmerzt ihn gar nicht, sh
298 1570 1551 1649 ja kein Trottel sein. Seine Frau gesteht, daß der Russe sich getötet
1549 1583 2873 1672 es ärgert ihn nicht einmal. „Im Gegenteil. Es ist mir eher
297 1617 1564 1698 hat, weil sie ihn nicht erhört hat; sein letzter Brief beweist es.
298 1683 2833 1744 Wieder ein psychologisches Problem für Herrn Hofreiter: Hat wie eine innere Befriedigung. Ich gehe nicht mehr als
309 1684 2825 1793 seine Frau rechtgetau, durch ihre Tugend einen Menschen in den Schuldiger in diesem Hause herum. Ich atme wieder auf. Ess
1551 1716 3085 1817 ist gewissermassen, als hätte sie Sühne getan für den Tod Im Gegentei
295 1768 1564 1837 Tod zu treiben? Es ist ihm „einfach unheimlich“. Im Grunde
1551 1773 3047 1864 Korsakows, und zwar in einer höchst vernünftigen und aber teuer!
298 1815 1562 1890 nimmt er es ihr eigentlich übel. Was ist Tugend? „Etwas, das
1553 1830 3073 1911 schmerzlosen Weise. Sie fängt an, mir wieder menschlich nah zu gehören hier
295 1862 1560 1935 doch in Wirklichkeit gar nicht ist — ein Schemen, ein Phantom,
1553 1875 3069 1968 sein. Wir leben wieder sozusagen — auf demselben Stern.“ Nein, immer höher
302 1913 1567 1992 ein Nichts, wenigstens einem so furchtbaren Ding gegenüber,
1552 1925 3075 2012 er ist zunächst keineswegs verstimmt. Aber da begibt es sich, daß zahlung un
301 1942 1566 2036 einem so irreparablen wie der Tod!“ Er kann es nicht verstehen.
1549 1966 3077 2054 eine Zeitung eine dumme Notiz über ihn bringt, als wäre jener Russe Standesehre.
302 2009 1562 2082 Gar da ihr der Tote doch sehr gut gefallen hat, da sie fast „ein
301 2031 3046 2127 bissel verliebt“ in ihn war und zur ehelichen Treue doch wahr= das Opfer eines amerikanischen Duells mit ihm geworden. Das Staate
2892 2068 3033 2133 Wir
303 2084 2816 2172 haftig keinen Anlaß hatte! Es macht ihn ganz nervös. So nervös, verdrießt ihn, er vermutet den Mann einer Frau, mit der er
315 2092 3067 2221 daß er jedenfalls für eine Zeit von ihr weg will, und zwar in damals geliebelt hat, hinter der Notiz, will ihn stellen und Basis. Es
316 2147 3080 2285 seiner Nervosität gerade in das Alpenhotel, wohin eben kommt ihm nicht bei. Das verdrießt ihn noch mehr und so, Quinquennia
308 2213 3084 2327 auch die Leine Erna geht, ein vorwitziges junges Mädchen, wie man zu sagen pflegt, schießt ihm das Blut in den in den Feldz
307 2271 3075 2379 das er nun auf einmal reizender findet, als er bisher Kopf. Der Fähnrich ist nur der Blitzableiter seiner üblen gezeichnet ha
2244 2300 3080 2401 „Warum also? Wenn lebenslänglie
1755 2328 2237 2411 Seine Frau fragt:
1698 2343 1779 2389 000
304 2333 1721 2417 bemerkt hat. Dieses Alpenhotel wird uns nun in Funktion ge= Laune.
2672 2353 2824 2431 wenn
2894 2362 3151 2438 Es wir—
317 2368 2597 2477 zeigt, im dritten Akt, der, ein Prachtstück guter Laune, jedem dir an mir noch das geringste läge..
2800 2384 3339 2480 Stand durch die Teuerung
2176 2399 2703 2487 . Eifersucht ... Liebe
1993 2424 2178 2489 Wut
1562 2428 2003 2509 es Haß wäre
323 2439 1572 2511 Theaterdirektor wieder einen Seufzer aus dem gepreßten Herzen
314 2445 3335 2553 holen wird, warum denn Schnitzler noch immer nicht endlich ein Er erwidert: „Na ja, von all dem verspür' ich allerdings ver¬ artikel getroffen wird. Wi
324 2511 3329 2617 Lastspiel schreibt. Das Hotel wird von einem Herrn Doktor dammt wenig. Aber man will doch nicht der Hopf sein.“ Um nicht an. die Fleischteuerun
321 2563 3323 2658 o. Aigner geführt, der nebenher ein berühmter Bergsteiger, nicht der Hopf zu sein, fordert er den Fähnrich. Es ist wohl Tabakfabrikate, nicht an 1
1561 2603 3341 2688 zunächst bloß eine Formalität. Aber als ihm der dann gegenüber erinnern. Wir sind nicht 9
324 2610 1574 2710 Landtagsabgeordneter und zahlreicher Vater ist, aber freilich auf
324 2652 3359 2763 jeden, der das Original gekannt hat, etwas schattenhaft wirkt, steht „mit seinem frechen jungen Blick“, da zielt er und trifft der Arbeit. Die Arbeit ist
313 2697 3359 2809 was vielleicht Schnitzlers Absicht war, weil dieser volle Sinnen= ihn. Er behauptet, weil sonst der ihn erschossen hätte. Doch das Arbeit außerhalb unseres je
2794 2733 3340 2819 Teuerung erschwert, ja un
325 2755 2819 2846 mensch in ganzer Gegenwart ja die sämtlichen anderen Zerebral=wird's wohl kaum gewesen sein, sondern eher, weil ihn des
329 2804 3353 2902 wesen des Stückes erdrückt hätte. Wir sind in diesem Akt Fähnrichs „freches kaltes Auge“ irritiert hat. Ob er nun wirklich, Qualität der Leistungen leih
995 2850 3308 2936 Meer, womit motiviert wie er voraussagt, „nächstens doch zusammenschnappt?" Es sähe Beispiel aus der Praxis:
330 2880 1020 2958 zweitausend Meter über dem
2903 2865 3358 2951 Einer der bekannteste
587 2898 2829 2978 Herr Hofreiter plötzlich an den empfäng= ihm ähnlicher, sich jetzt gar noch für eine tragische Gestalt zu
327 2936 610 3004 wird, daß
2808 2922 3362 3019 Kassen hatte das hiesige In
1572 2960 2403 3037 halten und das mit Behagen zu genießen.
1282 2966 1575 3039 Erna sinkt:
327 2966 1238 3043 lichen Busen der naseweisen kleinen
1675 2982 3353 3057 Korff nimmt den Hofreiter ernster, schwerer, auch sagen verlassen, nachdem er sich
334 3009 1586 3093 Höhenrausch! (Ich meine das keineswegs ironisch, sondern Herr
1568 3036 3358 3126 wir: deutscher, als er wohl ist, und schmeichelt damit allen Hof= Behörden sieben Jahre lang
338 3062 1584 3142 Hofreiter besteht eben darin, daß er bloß durch Veränderungen
2802 3081 3337 3158 seine Abeitstätigkeit eine
1564 3103 2809 3167 reitern im Parkett; aber, rein schauspielerisch genommen, ist er
334 3112 1576 3187 der Blutbewegung allein psychisch bestimmt wird.) Als er im
2803 3115 3342 3194 Stunde. Er verfügte daher
332 3189 2811 3245 vierten Akt heimkehrt, ist inzwischen seine Frau die Geliebte eines vortrefflich, er ist noch nie zuvor so weit gekommen wie hier im
2815 3182 3350 3255 zweihunsert Kronen, als er
331 3186 2810 3286 Marinefähnrichs geworden. Man hat nicht den Eindruck, daß ihr letzten Akt. In einer Episode von zwanzig Sätzen interessiert
330 3224 3362 3324 Gefühl für diesen Otto stärker ist als einst das für jenen Russen.[Heine mehr als alle übrigen zusammen, die sich, in einem darau ging, sich eine neu
2815 3277 3361 3362 malige Tätigkeit wieder auf
335 3288 2807 3376 Keineswegs. Aber da sie damals nein gesagt hat, sagt sies unerträglich langsamen Tempo, vor Wichtigtuerei nicht von der
2902 3321 3335 3397 Wie verändert fand e
1572 3349 2817 3399 Stelle bringen. Daß das Stück auch in diesem monotonen Trauer¬
345 3338 1590 3425 jetzt zur Abwechslung einmal ja, vielleicht um, nachdem
341 3365 3353 3467 sie die Tugend gekostet hat, nan auch einmal das andere schritt dennoch stark gewirkt hat, beweist seine große theatralische und ale anderen auslän
2788 3421 3350 3510 zeuge waren dank un
342 3447 1855 3544 kennen zu lernen; wahrscheinlich im Grund aus eben Schlagkraft.
