<?xml version="1.0" encoding="UTF-8" standalone="yes"?>
<PcGts xmlns="http://schema.primaresearch.org/PAGE/gts/pagecontent/2013-07-15" xmlns:xsi="http://www.w3.org/2001/XMLSchema-instance" xsi:schemaLocation="http://schema.primaresearch.org/PAGE/gts/pagecontent/2013-07-15 http://schema.primaresearch.org/PAGE/gts/pagecontent/2013-07-15/pagecontent.xsd">
    <Metadata>
        <Creator>prov=University of Rostock/Institute of Mathematics/CITlab/Gundram Leifert/gundram.leifert@uni-rostock.de:name=ONB_Newseye_GT_M1+(htr_id=10810)::::v=2.4.2
prov=University of Rostock/Institute of Mathematics/CITlab/Tobias Gruening/tobias.gruening@uni-rostock.de:name=de.uros.citlab.module.baseline2polygon.B2PSeamMultiOriented:v=2.4.2
prov=University of Rostock/Institute of Mathematics/CITlab/Tobias Gruening/tobias.gruening@uni-rostock.de:name=/mnt/transkribus/LA/DEA/URO/LA_news_onb_att.pb:de.uros.citlab.segmentation.CITlab_LA_ML:v=2.4.2
Transkribus</Creator>
        <Created>2019-10-07T11:14:39.091+02:00</Created>
        <LastChange>2019-10-08T04:41:34.877+02:00</LastChange>
        <TranskribusMetadata docId="223964" pageId="9497272" pageNr="541" tsid="16501196" status="IN_PROGRESS" userId="40391" imgUrl="https://files.transkribus.eu/Get?id=TEQXKHIZRYNHJXVLDONFCVKE&amp;fileType=view" xmlUrl="https://files.transkribus.eu/Get?id=KNCSHKHONDEHZPOXGDVVLKJD" imageId="6187499"/>
    </Metadata>
    <Page imageFilename="223964_0541.jpeg" imageWidth="3392" imageHeight="4352">
        <ReadingOrder>
            <OrderedGroup id="ro_1711441896932" caption="Regions reading order">
                <RegionRefIndexed index="0" regionRef="r1"/>
            </OrderedGroup>
        </ReadingOrder>
        <TextRegion orientation="0.0" id="r1" custom="readingOrder {index:0;}">
            <Coords points="48,217 48,3740 3184,3740 3184,217"/>
            <TextLine id="r1l1" custom="readingOrder {index:0;}">
                <Coords points="203,267 806,314 839,286 1054,316 1181,292 1163,201 845,222 767,186 607,227 465,183 367,215 321,174 206,184"/>
                <Baseline points="222,241 269,247 316,252 363,257 410,261 457,264 504,266 551,268 598,270 645,272 692,273 739,274 786,275 833,276 880,277 927,277 974,278 1021,279 1068,280 1115,282 1162,283"/>
                <TextEquiv>
                    <Unicode>24. Das weite Land</Unicode>
                </TextEquiv>
            </TextLine>
            <TextLine id="r1l2" custom="readingOrder {index:1;}">
                <Coords points="1318,291 1451,280 1472,295 1527,267 1559,297 1695,314 1789,288 1791,209 1701,210 1665,231 1622,208 1561,221 1511,195 1409,232 1320,197"/>
                <Baseline points="1336,268 1361,268 1387,269 1412,269 1438,270 1463,270 1489,271 1514,272 1540,273 1565,274 1591,275 1616,275 1642,276 1667,276 1693,277 1718,277 1744,276 1770,276"/>
                <TextEquiv>
                    <Unicode>box 29/2</Unicode>
                </TextEquiv>
            </TextLine>
            <TextLine id="r1l3" custom="readingOrder {index:2;}">
                <Coords points="307,580 398,601 437,579 549,593 567,574 588,592 700,577 768,598 768,515 656,527 602,502 465,529 444,514 307,526"/>
                <Baseline points="327,569 353,569 379,569 406,569 432,569 458,568 485,568 511,568 538,568 564,567 590,567 617,567 643,567 669,566 696,566 722,566 749,566"/>
                <TextEquiv>
                    <Unicode>Ausschnitt aus:</Unicode>
                </TextEquiv>
            </TextLine>
            <TextLine id="r1l4" custom="readingOrder {index:3;}">
                <Coords points="1129,659 1173,646 1255,650 1287,666 1381,655 1405,681 1457,658 1510,671 1514,581 1133,569"/>
                <Baseline points="1146,639 1172,640 1199,642 1226,643 1253,645 1279,647 1306,648 1333,650 1360,650 1386,651 1413,652 1440,652 1467,652 1494,652"/>
                <TextEquiv>
                    <Unicode>3839 SiGe</Unicode>
                </TextEquiv>
            </TextLine>
            <TextLine id="r1l5" custom="readingOrder {index:4;}">
                <Coords points="500,661 547,679 821,674 839,692 885,670 886,606 839,587 781,598 702,587 652,615 605,597 562,615 547,604 501,611"/>
                <Baseline points="520,670 546,667 573,665 600,664 626,663 653,663 680,663 706,663 733,664 760,665 786,666 813,667 840,668 867,669"/>
                <TextEquiv>
                    <Unicode>12 J Sie</Unicode>
                </TextEquiv>
            </TextLine>
            <TextLine id="r1l6" custom="readingOrder {index:5;}">
                <Coords points="318,686 386,695 469,689 483,681 516,688 515,648 497,649 471,635 461,646 446,636 411,655 374,634 356,638 342,631 335,639 317,639"/>
                <Baseline points="336,688 363,687 390,686 417,685 444,684 471,684 498,684"/>
                <TextEquiv>
                    <Unicode>vom:</Unicode>
                </TextEquiv>
            </TextLine>
            <TextLine id="r1l7" custom="readingOrder {index:6;}">
                <Coords points="469,720 487,723 490,727 518,731 531,642 481,635"/>
                <Baseline points="489,700 504,702"/>
                <TextEquiv>
                    <Unicode>—</Unicode>
                </TextEquiv>
            </TextLine>
            <TextLine id="r1l8" custom="readingOrder {index:7;}">
                <Coords points="326,851 369,876 409,854 438,872 798,858 797,801 768,794 679,820 657,805 603,820 545,795 499,828 423,796 326,811"/>
                <Baseline points="345,855 370,855 396,855 421,855 447,855 473,855 498,855 524,855 550,855 575,854 601,854 627,854 652,854 678,854 704,853 729,853 755,852 781,852"/>
                <TextEquiv>
                    <Unicode>1 ——— —</Unicode>
                </TextEquiv>
            </TextLine>
            <TextLine id="r1l9" custom="readingOrder {index:8;}">
                <Coords points="479,900 1325,931 1534,900 1520,831 1243,873 1146,829 1088,861 480,860"/>
                <Baseline points="499,903 549,903 600,904 651,904 702,904 753,905 803,905 854,905 905,906 956,906 1007,906 1057,906 1108,907 1159,907 1210,908 1261,908 1311,908 1362,909 1413,910 1464,910 1515,911"/>
                <TextEquiv>
                    <Unicode>Artur Schnipters jüngstes Drama „Das weite</Unicode>
                </TextEquiv>
            </TextLine>
            <TextLine id="r1l10" custom="readingOrder {index:9;}">
                <Coords points="326,951 1535,957 1535,899 326,889"/>
                <Baseline points="345,950 403,950 462,949 520,949 579,948 637,948 696,948 754,947 813,947 871,947 930,947 989,948 1047,948 1106,948 1164,949 1223,949 1281,949 1340,950 1398,951 1457,952 1516,952"/>
                <TextEquiv>
                    <Unicode>Land“ soll, wie die „Berliner Morgenpost“ berichtet, an der</Unicode>
                </TextEquiv>
            </TextLine>
            <TextLine id="r1l11" custom="readingOrder {index:10;}">
                <Coords points="329,995 1531,988 1531,948 329,948"/>
                <Baseline points="348,992 406,991 464,991 522,990 580,990 639,990 697,990 755,990 813,990 871,990 930,990 988,991 1046,991 1104,992 1162,993 1221,993 1279,994 1337,995 1395,996 1453,997 1512,998"/>
                <TextEquiv>
                    <Unicode>Pariser Comédie Française aufgeführt werden. Herr</Unicode>
                </TextEquiv>
            </TextLine>
            <TextLine id="r1l12" custom="readingOrder {index:11;}">
                <Coords points="331,1029 1530,1038 1530,987 332,993"/>
                <Baseline points="349,1034 407,1032 465,1031 523,1030 581,1030 639,1030 697,1031 755,1032 813,1033 871,1034 930,1035 988,1036 1046,1037 1104,1038 1162,1039 1220,1040 1278,1040 1336,1040 1394,1040 1452,1039 1511,1038"/>
                <TextEquiv>
                    <Unicode>Le Bargy, der sich kürzere Zeit in Wien aufhielt, ver¬</Unicode>
                </TextEquiv>
            </TextLine>
            <TextLine id="r1l13" custom="readingOrder {index:12;}">
                <Coords points="332,1073 994,1121 1473,1095 1535,1038 333,1030"/>
                <Baseline points="350,1076 408,1074 466,1074 524,1073 583,1073 641,1074 699,1074 758,1075 816,1076 874,1078 933,1079 991,1080 1049,1081 1107,1083 1166,1084 1224,1084 1282,1085 1341,1085 1399,1085 1457,1084 1516,1082"/>
                <TextEquiv>
                    <Unicode>handelt mit Schnitzler wegen der Uebersetzung und der</Unicode>
                </TextEquiv>
            </TextLine>
            <TextLine id="r1l14" custom="readingOrder {index:13;}">
                <Coords points="318,1158 494,1141 599,1158 638,1136 735,1135 734,1091 684,1092 637,1071 507,1062 490,1077 400,1089 317,1061"/>
                <Baseline points="334,1124 359,1123 384,1122 410,1122 435,1121 461,1120 486,1119 512,1118 537,1117 563,1117 588,1117 614,1117 639,1117 665,1119 690,1119 716,1122"/>
                <TextEquiv>
                    <Unicode>Aufführungsrechte.</Unicode>
                </TextEquiv>
            </TextLine>
            <TextLine id="r1l15" custom="readingOrder {index:14;}">
                <Coords points="2910,1968 2946,1971 2949,1975 2953,1971 2963,1976 2985,1970 2999,1978 3007,1972 3032,1973 3037,1912 3011,1914 3004,1910 2968,1915 2951,1903 2943,1906 2933,1898 2915,1896"/>
                <Baseline points="2929,1940 2958,1942 2987,1942 3017,1948"/>
                <TextEquiv>
                    <Unicode>S</Unicode>
                </TextEquiv>
            </TextLine>
            <TextLine id="r1l16" custom="readingOrder {index:15;}">
                <Coords points="2195,1974 2213,1974 2216,1970 2231,1977 2234,1973 2256,1976 2263,1983 2270,1975 2292,1974 2290,1913 2268,1914 2257,1904 2246,1904 2222,1927 2218,1923 2193,1924"/>
                <Baseline points="2214,1962 2244,1961 2274,1960"/>
                <TextEquiv>
                    <Unicode></Unicode>
                </TextEquiv>
            </TextLine>
            <TextLine id="r1l17" custom="readingOrder {index:16;}">
                <Coords points="2194,2016 2543,2044 2989,2035 3032,2006 3202,2035 3201,1966 2194,1969"/>
                <Baseline points="2212,2025 2260,2024 2309,2023 2357,2022 2406,2022 2455,2022 2503,2021 2552,2021 2600,2021 2649,2021 2698,2021 2746,2021 2795,2021 2843,2021 2892,2021 2941,2021 2989,2021 3038,2021 3086,2021 3135,2020 3184,2020"/>
                <TextEquiv>
                    <Unicode>bruch entspringt der Rache, und Rache folgt“</Unicode>
                </TextEquiv>
            </TextLine>
            <TextLine id="r1l18" custom="readingOrder {index:17;}">
                <Coords points="343,2053 2189,2027 2198,1933 342,2002"/>
                <Baseline points="359,2041 450,2040 541,2039 632,2038 723,2037 815,2036 906,2034 997,2032 1088,2030 1179,2028 1271,2026 1362,2024 1453,2022 1544,2020 1635,2019 1727,2017 1818,2016 1909,2014 2000,2013 2091,2013 2183,2012"/>
                <TextEquiv>
                    <Unicode>Denn hier gibt Schnitzler der von ihrem Held — (es ist für diese Auseinander etzung</Unicode>
                </TextEquiv>
            </TextLine>
            <TextLine id="r1l19" custom="readingOrder {index:18;}">
                <Coords points="67,2066 104,2062 128,2075 147,2062 190,2061 208,2070 223,2064 233,2075 252,2059 270,2060 274,2006 200,1986 188,1996 159,1998 124,1980 74,1980"/>
                <Baseline points="88,2044 115,2044 142,2046 169,2048 196,2051 223,2053 251,2055"/>
                <TextEquiv>
                    <Unicode>Muust</Unicode>
                </TextEquiv>
            </TextLine>
            <TextLine id="r1l20" custom="readingOrder {index:19;}">
                <Coords points="1240,2090 1725,2087 1772,2058 1812,2086 2002,2062 2089,2086 2207,2070 2207,2020 1239,2032"/>
                <Baseline points="1257,2079 1303,2077 1350,2075 1396,2073 1443,2072 1490,2071 1536,2070 1583,2070 1629,2069 1676,2069 1723,2069 1769,2068 1816,2068 1862,2068 1909,2068 1956,2067 2002,2067 2049,2066 2095,2065 2142,2064 2189,2062"/>
                <TextEquiv>
                    <Unicode>geichgültig, daß er ein Fabrikant Hofreiter</Unicode>
                </TextEquiv>
            </TextLine>
            <TextLine id="r1l21" custom="readingOrder {index:20;}">
                <Coords points="2198,2077 2982,2094 3180,2074 3180,2017 2928,2044 2888,2019 2197,2030"/>
                <Baseline points="2216,2077 2263,2076 2310,2076 2358,2075 2405,2075 2452,2074 2500,2074 2547,2074 2594,2074 2642,2074 2689,2074 2736,2073 2784,2073 2831,2073 2878,2073 2926,2072 2973,2072 3020,2071 3068,2071 3115,2070 3163,2069"/>
                <TextEquiv>
                    <Unicode>dem. Treubruche. Rache um Rache. Und keine</Unicode>
                </TextEquiv>
            </TextLine>
            <TextLine id="r1l22" custom="readingOrder {index:21;}">
                <Coords points="249,2108 1102,2105 1238,2077 1237,2034 367,2056 247,2019"/>
                <Baseline points="266,2092 313,2092 361,2092 409,2092 456,2092 504,2092 552,2091 599,2090 647,2089 695,2088 743,2088 790,2086 838,2085 886,2084 933,2083 981,2082 1029,2081 1076,2080 1124,2079 1172,2079 1220,2078"/>
                <TextEquiv>
                    <Unicode> Manne betrogenen Frau, die sich einem Ge¬</Unicode>
                </TextEquiv>
            </TextLine>
            <TextLine id="r1l23" custom="readingOrder {index:22;}">
                <Coords points="1402,2141 2190,2132 2215,2128 2214,2056 1401,2083"/>
                <Baseline points="1419,2126 1457,2125 1496,2124 1535,2123 1574,2122 1613,2122 1652,2122 1691,2121 1730,2121 1769,2121 1808,2121 1846,2121 1885,2121 1924,2121 1963,2120 2002,2120 2041,2119 2080,2118 2119,2117 2158,2115 2197,2113"/>
                <TextEquiv>
                    <Unicode>hintergeht seine Frau. Sie ahnt oder</Unicode>
                </TextEquiv>
            </TextLine>
            <TextLine id="r1l24" custom="readingOrder {index:23;}">
                <Coords points="2204,2129 3190,2130 3190,2091 3035,2070 2204,2082"/>
                <Baseline points="2220,2125 2267,2125 2315,2125 2362,2125 2410,2126 2458,2126 2505,2126 2553,2126 2600,2125 2648,2125 2696,2125 2743,2125 2791,2125 2838,2124 2886,2124 2934,2123 2981,2122 3029,2122 3076,2121 3124,2120 3172,2119"/>
                <TextEquiv>
                    <Unicode>Erlösung. Wenn auf diesem düsteren Grunde</Unicode>
                </TextEquiv>
            </TextLine>
            <TextLine id="r1l25" custom="readingOrder {index:24;}">
                <Coords points="1234,2131 1252,2132 1255,2136 1259,2132 1273,2144 1287,2145 1291,2141 1295,2145 1339,2125 1364,2127 1365,2101 1347,2101 1323,2081 1312,2081 1305,2088 1287,2083 1272,2097 1236,2095"/>
                <Baseline points="1253,2128 1283,2127 1314,2129 1345,2132"/>
                <TextEquiv>
                    <Unicode>ist,)</Unicode>
                </TextEquiv>
            </TextLine>
            <TextLine id="r1l26" custom="readingOrder {index:25;}">
                <Coords points="59,2141 736,2167 1146,2136 1254,2176 1254,2068 401,2104 59,2065"/>
                <Baseline points="76,2118 134,2126 192,2133 250,2138 308,2142 366,2144 424,2146 482,2146 540,2146 598,2145 656,2144 714,2142 772,2140 830,2138 888,2136 946,2134 1004,2132 1062,2131 1120,2130 1178,2130 1236,2131"/>
                <TextEquiv>
                    <Unicode>####  liebten an den Hals wirft, ebenso recht, wie</Unicode>
                </TextEquiv>
            </TextLine>
            <TextLine id="r1l27" custom="readingOrder {index:26;}">
                <Coords points="1237,2187 2015,2191 2198,2178 2198,2124 1237,2133"/>
                <Baseline points="1255,2176 1301,2176 1347,2176 1393,2177 1440,2177 1486,2176 1532,2176 1579,2176 1625,2176 1671,2175 1718,2174 1764,2173 1810,2173 1856,2172 1903,2171 1949,2170 1995,2169 2042,2168 2088,2167 2134,2166 2181,2165"/>
                <TextEquiv>
                    <Unicode>weiß es. Aber sie ist noch das Weib aus</Unicode>
                </TextEquiv>
            </TextLine>
            <TextLine id="r1l28" custom="readingOrder {index:27;}">
                <Coords points="2191,2181 3076,2194 3181,2161 3155,2121 2191,2127"/>
                <Baseline points="2210,2179 2257,2178 2305,2178 2352,2177 2400,2177 2448,2177 2495,2177 2543,2177 2590,2177 2638,2177 2686,2177 2733,2176 2781,2176 2828,2176 2876,2176 2924,2175 2971,2175 3019,2174 3066,2173 3114,2171 3162,2170"/>
                <TextEquiv>
                    <Unicode>nicht die glitzernden Einfälle der Schnitzler¬</Unicode>
                </TextEquiv>
            </TextLine>
            <TextLine id="r1l29" custom="readingOrder {index:28;}">
                <Coords points="57,2198 1209,2200 1241,2131 57,2144"/>
                <Baseline points="75,2184 132,2188 189,2191 247,2193 304,2195 361,2196 419,2196 476,2196 533,2196 591,2195 648,2194 705,2193 763,2191 820,2190 877,2188 935,2187 992,2186 1049,2185 1107,2184 1164,2184 1222,2184"/>
                <TextEquiv>
                    <Unicode>Schnihler, dem betrügenden und also betrogenen Gatten,</Unicode>
                </TextEquiv>
            </TextLine>
            <TextLine id="r1l30" custom="readingOrder {index:29;}">
                <Coords points="1243,2235 2186,2234 2207,2173 1243,2185"/>
                <Baseline points="1262,2228 1308,2228 1354,2228 1401,2228 1447,2227 1493,2227 1540,2227 1586,2226 1632,2226 1679,2225 1725,2225 1771,2225 1818,2224 1864,2224 1910,2223 1957,2223 2003,2222 2049,2222 2096,2222 2142,2221 2189,2220"/>
                <TextEquiv>
                    <Unicode>Schnitzlers „Weihnachtseinkäufen“, zu schwach,</Unicode>
                </TextEquiv>
            </TextLine>
            <TextLine id="r1l31" custom="readingOrder {index:30;}">
                <Coords points="2191,2250 3141,2234 3181,2216 3181,2173 2191,2185"/>
                <Baseline points="2209,2230 2256,2228 2304,2228 2352,2227 2399,2227 2447,2227 2495,2227 2542,2227 2590,2228 2638,2228 2686,2229 2733,2229 2781,2230 2829,2230 2876,2230 2924,2229 2972,2229 3019,2228 3067,2226 3115,2224 3163,2221"/>
                <TextEquiv>
                    <Unicode>schen Eigenart verstreut lägen, jene vielen und</Unicode>
                </TextEquiv>
            </TextLine>
            <TextLine id="r1l32" custom="readingOrder {index:31;}">
                <Coords points="85,2242 107,2243 121,2236 153,2252 190,2239 197,2246 218,2247 226,2240 240,2244 251,2233 269,2234 270,2205 248,2208 220,2196 205,2200 191,2195 173,2202 141,2194 134,2186 87,2192"/>
                <Baseline points="104,2231 133,2230 162,2230 191,2232 220,2233 250,2235"/>
                <TextEquiv>
                    <Unicode>wieder</Unicode>
                </TextEquiv>
            </TextLine>
            <TextLine id="r1l33" custom="readingOrder {index:32;}">
                <Coords points="267,2257 1243,2255 1217,2187 267,2203"/>
                <Baseline points="285,2247 331,2247 378,2247 425,2246 472,2246 519,2246 566,2246 613,2245 660,2245 707,2244 754,2244 800,2243 847,2243 894,2242 941,2241 988,2240 1035,2239 1082,2238 1129,2237 1176,2235 1223,2234"/>
                <TextEquiv>
                    <Unicode>der den Geliebten dann über den Hausen</Unicode>
                </TextEquiv>
            </TextLine>
            <TextLine id="r1l34" custom="readingOrder {index:33;}">
                <Coords points="1252,2297 2202,2277 2201,2223 1251,2235"/>
                <Baseline points="1270,2285 1315,2284 1361,2283 1406,2282 1452,2281 1498,2281 1543,2280 1589,2280 1635,2279 1680,2278 1726,2278 1772,2277 1817,2276 1863,2276 1909,2275 1954,2274 2000,2273 2046,2272 2091,2270 2137,2269 2183,2267"/>
                <TextEquiv>
                    <Unicode>sich für das in der Ebe gebrochene Liebes¬</Unicode>
                </TextEquiv>
            </TextLine>
            <TextLine id="r1l35" custom="readingOrder {index:34;}">
                <Coords points="2200,2281 3064,2295 3186,2283 3186,2211 2754,2249 2200,2231"/>
                <Baseline points="2217,2279 2264,2280 2312,2280 2359,2280 2407,2281 2454,2281 2502,2281 2549,2281 2597,2281 2644,2281 2692,2281 2740,2281 2787,2280 2835,2280 2882,2279 2930,2279 2977,2278 3025,2277 3072,2276 3120,2275 3168,2274"/>
                <TextEquiv>
                    <Unicode>typischen Bonmotes, durch die der Dichter, wie</Unicode>
                </TextEquiv>
            </TextLine>
            <TextLine id="r1l36" custom="readingOrder {index:35;}">
                <Coords points="85,2295 110,2296 124,2308 146,2287 165,2284 175,2292 193,2289 200,2297 269,2293 271,2235 250,2234 238,2245 224,2240 217,2247 178,2238 144,2251 117,2228 88,2227"/>
                <Baseline points="102,2283 131,2283 161,2283 191,2284 221,2287 251,2290"/>
                <TextEquiv>
                    <Unicode>es uns</Unicode>
                </TextEquiv>
            </TextLine>
            <TextLine id="r1l37" custom="readingOrder {index:36;}">
                <Coords points="275,2307 1077,2306 1250,2278 1227,2232 274,2256"/>
                <Baseline points="294,2298 340,2299 387,2299 434,2299 481,2299 528,2299 575,2299 621,2298 668,2297 715,2297 762,2296 809,2295 856,2294 903,2293 949,2292 996,2291 1043,2290 1090,2289 1137,2288 1184,2288 1231,2287"/>
                <TextEquiv>
                    <Unicode>schießt. Er stellt sich ebenso auf die Seite der</Unicode>
                </TextEquiv>
            </TextLine>
            <TextLine id="r1l38" custom="readingOrder {index:37;}">
                <Coords points="1248,2344 2072,2349 2115,2315 2198,2339 2197,2275 1247,2297"/>
                <Baseline points="1267,2335 1312,2334 1358,2334 1403,2334 1449,2333 1495,2333 1540,2332 1586,2331 1632,2331 1677,2330 1723,2329 1769,2328 1814,2327 1860,2326 1906,2325 1951,2324 1997,2324 2043,2323 2088,2322 2134,2322 2180,2321"/>
                <TextEquiv>
                    <Unicode>glück durch einen Geliebten entschädigen zu</Unicode>
                </TextEquiv>
            </TextLine>
            <TextLine id="r1l39" custom="readingOrder {index:38;}">
                <Coords points="2199,2332 3188,2345 3156,2284 2199,2282"/>
                <Baseline points="2215,2331 2262,2331 2310,2331 2358,2331 2406,2331 2453,2331 2501,2331 2549,2331 2597,2331 2644,2330 2692,2330 2740,2330 2788,2330 2835,2329 2883,2329 2931,2329 2979,2330 3026,2330 3074,2330 3122,2331 3170,2331"/>
                <TextEquiv>
                    <Unicode>im halb verträumten Tone, Dinge ausspricht,</Unicode>
                </TextEquiv>
            </TextLine>
            <TextLine id="r1l40" custom="readingOrder {index:39;}">
                <Coords points="57,2345 115,2343 144,2351 151,2344 201,2349 223,2342 270,2351 271,2289 253,2289 242,2300 206,2299 163,2283 113,2293 59,2280"/>
                <Baseline points="74,2337 99,2337 124,2337 150,2338 175,2339 201,2340 226,2340 252,2341"/>
                <TextEquiv>
                    <Unicode>n. Man</Unicode>
                </TextEquiv>
            </TextLine>
            <TextLine id="r1l41" custom="readingOrder {index:40;}">
                <Coords points="266,2364 1237,2342 1236,2288 265,2306"/>
                <Baseline points="285,2353 331,2352 378,2352 424,2352 471,2351 518,2351 564,2350 611,2349 658,2349 704,2348 751,2347 798,2346 844,2345 891,2344 938,2343 984,2342 1031,2341 1078,2340 1124,2339 1171,2337 1218,2336"/>
                <TextEquiv>
                    <Unicode>Frau, die ieren Mann verläßt, nachdem sie</Unicode>
                </TextEquiv>
            </TextLine>
            <TextLine id="r1l42" custom="readingOrder {index:41;}">
                <Coords points="1244,2392 2201,2383 2200,2332 2114,2312 1243,2338"/>
                <Baseline points="1261,2381 1307,2382 1353,2382 1399,2382 1445,2382 1491,2382 1537,2381 1583,2381 1629,2380 1675,2379 1722,2379 1768,2378 1814,2377 1860,2376 1906,2376 1952,2375 1998,2374 2044,2373 2090,2373 2136,2372 2183,2371"/>
                <TextEquiv>
                    <Unicode>lasen. Erst allmählich reist in ihr der Ent¬</Unicode>
                </TextEquiv>
            </TextLine>
            <TextLine id="r1l43" custom="readingOrder {index:42;}">
                <Coords points="2202,2386 3185,2387 3185,2340 3062,2333 2202,2336"/>
                <Baseline points="2219,2381 2266,2381 2313,2381 2361,2382 2408,2382 2455,2382 2503,2381 2550,2381 2597,2381 2645,2381 2692,2381 2739,2381 2787,2380 2834,2380 2881,2380 2929,2380 2976,2380 3023,2379 3071,2379 3118,2379 3166,2379"/>
                <TextEquiv>
                    <Unicode>von denen wir sofort empfinden, daß sie Wahr¬</Unicode>
                </TextEquiv>
            </TextLine>
            <TextLine id="r1l44" custom="readingOrder {index:43;}">
                <Coords points="71,2386 89,2387 106,2399 139,2393 164,2402 182,2395 228,2405 247,2392 268,2397 271,2350 238,2352 232,2344 217,2343 199,2350 149,2343 138,2350 127,2342 73,2339"/>
                <Baseline points="90,2385 116,2386 143,2386 170,2387 196,2388 223,2391 250,2395"/>
                <TextEquiv>
                    <Unicode>beobach¬</Unicode>
                </TextEquiv>
            </TextLine>
            <TextLine id="r1l45" custom="readingOrder {index:44;}">
                <Coords points="262,2414 1233,2401 1232,2340 260,2346"/>
                <Baseline points="281,2401 327,2402 374,2403 421,2403 467,2403 514,2403 561,2402 607,2402 654,2401 701,2400 748,2399 794,2397 841,2396 888,2395 934,2394 981,2392 1028,2391 1074,2391 1121,2390 1168,2390 1215,2390"/>
                <TextEquiv>
                    <Unicode>von diesem hintergangen worden war, wie auf</Unicode>
                </TextEquiv>
            </TextLine>
            <TextLine id="r1l46" custom="readingOrder {index:45;}">
                <Coords points="1239,2446 2200,2438 2200,2376 1239,2389"/>
                <Baseline points="1257,2436 1303,2436 1349,2435 1395,2434 1442,2433 1488,2433 1534,2432 1581,2432 1627,2431 1673,2431 1720,2431 1766,2430 1812,2430 1858,2429 1905,2429 1951,2429 1997,2428 2044,2428 2090,2428 2136,2428 2183,2427"/>
                <TextEquiv>
                    <Unicode>schluß beran, — nicht, Ersatz zu suchen, son¬</Unicode>
                </TextEquiv>
            </TextLine>
            <TextLine id="r1l47" custom="readingOrder {index:46;}">
                <Coords points="2203,2444 3182,2451 3181,2382 3145,2379 3077,2404 2202,2387"/>
                <Baseline points="2221,2435 2268,2435 2315,2435 2362,2435 2409,2435 2456,2435 2503,2435 2551,2435 2598,2434 2645,2434 2692,2434 2739,2434 2786,2434 2833,2433 2881,2433 2928,2433 2975,2432 3022,2432 3069,2432 3116,2431 3164,2431"/>
                <TextEquiv>
                    <Unicode>heiten sind und aus tiefster Beobachtung ge¬</Unicode>
                </TextEquiv>
            </TextLine>
            <TextLine id="r1l48" custom="readingOrder {index:47;}">
                <Coords points="67,2452 113,2457 124,2447 171,2449 179,2442 211,2458 251,2445 272,2449 274,2406 235,2397 213,2404 206,2396 177,2406 138,2390 69,2387"/>
                <Baseline points="85,2438 113,2437 142,2438 170,2441 199,2443 227,2443 256,2441"/>
                <TextEquiv>
                    <Unicode>fühlen zu</Unicode>
                </TextEquiv>
            </TextLine>
            <TextLine id="r1l49" custom="readingOrder {index:48;}">
                <Coords points="272,2460 913,2469 1247,2434 1246,2391 271,2410"/>
                <Baseline points="290,2455 336,2455 383,2455 430,2455 477,2454 524,2454 571,2453 617,2452 664,2451 711,2450 758,2449 805,2448 852,2447 899,2445 945,2444 992,2443 1039,2442 1086,2441 1133,2441 1180,2440 1227,2439"/>
                <TextEquiv>
                    <Unicode>die Seite des Mannes, der seine Untreue mit</Unicode>
                </TextEquiv>
            </TextLine>
            <TextLine id="r1l50" custom="readingOrder {index:49;}">
                <Coords points="1238,2505 2120,2495 2199,2486 2199,2429 1238,2444"/>
                <Baseline points="1255,2488 1301,2487 1347,2486 1393,2486 1440,2485 1486,2485 1532,2484 1579,2484 1625,2483 1671,2483 1718,2482 1764,2482 1810,2481 1856,2481 1903,2480 1949,2480 1995,2479 2042,2478 2088,2478 2134,2477 2181,2476"/>
                <TextEquiv>
                    <Unicode>dern, sich zu revanchieren. Der Entschluß wird</Unicode>
                </TextEquiv>
            </TextLine>
            <TextLine id="r1l51" custom="readingOrder {index:50;}">
                <Coords points="2205,2496 3065,2508 3187,2500 3187,2439 2204,2442"/>
                <Baseline points="2222,2488 2269,2488 2316,2487 2364,2487 2411,2486 2459,2486 2506,2486 2553,2486 2601,2487 2648,2487 2696,2487 2743,2487 2790,2487 2838,2487 2885,2487 2933,2486 2980,2486 3027,2485 3075,2484 3122,2482 3170,2481"/>
                <TextEquiv>
                    <Unicode>sehen wurden, — dann würde uns das eigent¬</Unicode>
                </TextEquiv>
            </TextLine>
            <TextLine id="r1l52" custom="readingOrder {index:51;}">
                <Coords points="59,2521 84,2522 117,2501 131,2509 156,2498 178,2499 188,2510 214,2500 224,2507 271,2505 273,2451 183,2441 132,2444 114,2458 103,2450 60,2449"/>
                <Baseline points="78,2489 103,2489 128,2489 153,2490 178,2490 203,2491 228,2492 254,2493"/>
                <TextEquiv>
                    <Unicode>er Dichter</Unicode>
                </TextEquiv>
            </TextLine>
            <TextLine id="r1l53" custom="readingOrder {index:52;}">
                <Coords points="271,2515 1246,2494 1245,2451 1133,2439 270,2461"/>
                <Baseline points="288,2508 334,2507 381,2506 428,2505 475,2504 522,2503 569,2502 616,2501 663,2500 710,2499 757,2499 803,2498 850,2497 897,2496 944,2496 991,2495 1038,2494 1085,2494 1132,2493 1179,2492 1226,2491"/>
                <TextEquiv>
                    <Unicode>den Gründen eines inneren und äußeren</Unicode>
                </TextEquiv>
            </TextLine>
            <TextLine id="r1l54" custom="readingOrder {index:53;}">
                <Coords points="1241,2553 1935,2551 2046,2517 2176,2547 2205,2540 2204,2486 1240,2506"/>
                <Baseline points="1257,2543 1303,2542 1350,2540 1396,2539 1443,2538 1489,2537 1536,2536 1582,2536 1629,2535 1675,2534 1722,2534 1768,2533 1815,2533 1861,2533 1908,2532 1954,2532 2001,2531 2047,2531 2094,2530 2140,2529 2187,2528"/>
                <TextEquiv>
                    <Unicode>zur Tat, und es berührt förmlich ein wenig</Unicode>
                </TextEquiv>
            </TextLine>
            <TextLine id="r1l55" custom="readingOrder {index:54;}">
                <Coords points="2207,2544 3150,2554 3189,2547 3189,2489 2207,2497"/>
                <Baseline points="2225,2536 2272,2537 2319,2537 2367,2537 2414,2538 2461,2538 2509,2538 2556,2538 2603,2538 2651,2539 2698,2539 2745,2539 2793,2539 2840,2539 2887,2538 2935,2538 2982,2538 3029,2537 3077,2537 3124,2536 3172,2535"/>
                <TextEquiv>
                    <Unicode>liche Wesen des Stückes viel mehr augenfällig</Unicode>
                </TextEquiv>
            </TextLine>
            <TextLine id="r1l56" custom="readingOrder {index:55;}">
                <Coords points="67,2543 121,2555 157,2541 171,2556 182,2545 265,2561 266,2507 237,2507 227,2499 187,2506 173,2498 154,2512 144,2501 129,2508 115,2497 68,2500"/>
                <Baseline points="86,2541 113,2542 140,2543 167,2543 194,2544 221,2544 248,2545"/>
                <TextEquiv>
                    <Unicode>er em</Unicode>
                </TextEquiv>
            </TextLine>
            <TextLine id="r1l57" custom="readingOrder {index:56;}">
                <Coords points="270,2569 1234,2551 1233,2501 1046,2486 269,2511"/>
                <Baseline points="286,2556 332,2556 379,2556 425,2556 472,2556 518,2555 565,2554 611,2553 658,2552 704,2551 751,2550 798,2549 844,2548 891,2547 937,2545 984,2545 1030,2544 1077,2543 1123,2543 1170,2543 1217,2543"/>
                <TextEquiv>
                    <Unicode>Zwanges entschuldigt. Hier eine Markierung,</Unicode>
                </TextEquiv>
            </TextLine>
            <TextLine id="r1l58" custom="readingOrder {index:57;}">
                <Coords points="1238,2598 2210,2593 2209,2532 2047,2517 1238,2540"/>
                <Baseline points="1255,2593 1301,2592 1348,2591 1395,2590 1442,2589 1489,2589 1536,2588 1583,2587 1630,2586 1677,2586 1724,2585 1770,2584 1817,2584 1864,2583 1911,2582 1958,2582 2005,2581 2052,2580 2099,2579 2146,2579 2193,2578"/>
                <TextEquiv>
                    <Unicode>fatalistisch, daß der Geliebte der betrogenen</Unicode>
                </TextEquiv>
            </TextLine>
            <TextLine id="r1l59" custom="readingOrder {index:58;}">
                <Coords points="2195,2600 3177,2590 3177,2543 3131,2536 2195,2535"/>
                <Baseline points="2213,2588 2260,2589 2307,2590 2355,2590 2402,2590 2449,2590 2497,2590 2544,2590 2591,2590 2639,2589 2686,2589 2733,2589 2781,2588 2828,2588 2875,2588 2923,2587 2970,2587 3017,2588 3065,2588 3112,2588 3160,2589"/>
                <TextEquiv>
                    <Unicode>werden: die Konstruktion. Auch in seiner</Unicode>
                </TextEquiv>
            </TextLine>
            <TextLine id="r1l60" custom="readingOrder {index:59;}">
                <Coords points="92,2603 135,2602 145,2610 168,2597 185,2606 204,2600 214,2611 228,2612 255,2592 276,2598 278,2558 257,2557 250,2549 193,2549 186,2541 171,2554 157,2543 120,2555 95,2553"/>
                <Baseline points="110,2587 139,2589 168,2590 198,2592 227,2594 257,2598"/>
                <TextEquiv>
                    <Unicode>Solche</Unicode>
                </TextEquiv>
            </TextLine>
            <TextLine id="r1l61" custom="readingOrder {index:60;}">
                <Coords points="262,2610 1238,2619 1237,2551 262,2582"/>
                <Baseline points="282,2607 328,2607 375,2606 422,2606 469,2605 516,2604 563,2604 610,2603 657,2602 704,2602 751,2601 797,2600 844,2600 891,2600 938,2599 985,2599 1032,2599 1079,2599 1126,2599 1173,2600 1220,2600"/>
                <TextEquiv>
                    <Unicode>und da wieder eine, — aber den Weg sieht</Unicode>
                </TextEquiv>
            </TextLine>
            <TextLine id="r1l62" custom="readingOrder {index:61;}">
                <Coords points="1239,2660 2027,2629 2092,2658 2211,2627 2210,2595 1886,2577 1239,2599"/>
                <Baseline points="1259,2645 1305,2643 1352,2642 1398,2640 1445,2639 1492,2638 1538,2638 1585,2637 1631,2637 1678,2637 1725,2637 1771,2637 1818,2636 1864,2636 1911,2636 1958,2635 2004,2635 2051,2634 2097,2633 2144,2631 2191,2629"/>
                <TextEquiv>
                    <Unicode>Frau das Kind einer Ele ist, die in Brüche</Unicode>
                </TextEquiv>
            </TextLine>
            <TextLine id="r1l63" custom="readingOrder {index:62;}">
                <Coords points="2199,2642 3113,2652 3174,2638 3174,2605 2943,2580 2198,2596"/>
                <Baseline points="2216,2638 2263,2639 2310,2640 2357,2640 2404,2641 2451,2641 2498,2642 2545,2642 2592,2642 2639,2642 2686,2642 2733,2642 2780,2642 2827,2642 2874,2641 2921,2641 2968,2640 3015,2639 3062,2639 3109,2638 3156,2637"/>
                <TextEquiv>
                    <Unicode>Technik löst es nicht jene bedeutenden Wir¬</Unicode>
                </TextEquiv>
            </TextLine>
            <TextLine id="r1l64" custom="readingOrder {index:63;}">
                <Coords points="48,2658 81,2651 127,2656 138,2649 199,2658 218,2651 242,2666 261,2648 279,2649 280,2591 262,2591 222,2612 204,2600 104,2602 75,2576 50,2575"/>
                <Baseline points="68,2645 95,2645 123,2645 150,2645 178,2645 205,2647 233,2648 261,2650"/>
                <TextEquiv>
                    <Unicode>end sein</Unicode>
                </TextEquiv>
            </TextLine>
            <TextLine id="r1l65" custom="readingOrder {index:64;}">
                <Coords points="263,2675 1155,2672 1241,2650 1241,2603 511,2629 262,2606"/>
                <Baseline points="280,2654 327,2655 374,2656 421,2657 468,2657 515,2657 562,2657 609,2656 656,2656 703,2655 751,2654 798,2653 845,2653 892,2652 939,2651 986,2650 1033,2649 1080,2649 1127,2648 1174,2648 1222,2648"/>
                <TextEquiv>
                    <Unicode>man nicht, der auf die Höhe führen sollte.</Unicode>
                </TextEquiv>
            </TextLine>
            <TextLine id="r1l66" custom="readingOrder {index:65;}">
                <Coords points="52,2697 149,2702 199,2696 210,2707 271,2708 269,2636 247,2636 233,2650 193,2649 164,2660 153,2649 53,2639"/>
                <Baseline points="71,2686 97,2687 123,2687 149,2688 175,2688 201,2689 227,2689 253,2690"/>
                <TextEquiv>
                    <Unicode>Ein Künst¬</Unicode>
                </TextEquiv>
            </TextLine>
            <TextLine id="r1l67" custom="readingOrder {index:66;}">
                <Coords points="1234,2707 2202,2698 2201,2640 2028,2629 1233,2650"/>
                <Baseline points="1253,2698 1299,2697 1346,2696 1392,2695 1439,2694 1486,2693 1532,2692 1579,2691 1625,2690 1672,2689 1719,2688 1765,2687 1812,2687 1858,2686 1905,2685 1952,2685 1998,2684 2045,2684 2091,2683 2138,2683 2185,2683"/>
                <TextEquiv>
                    <Unicode>gegangen, als sie an einem Treubruche des</Unicode>
                </TextEquiv>
            </TextLine>
            <TextLine id="r1l68" custom="readingOrder {index:67;}">
                <Coords points="2205,2701 3144,2703 3180,2696 3180,2631 2205,2643"/>
                <Baseline points="2223,2690 2269,2691 2316,2692 2363,2693 2410,2693 2457,2694 2504,2694 2551,2693 2598,2693 2645,2693 2692,2692 2738,2692 2785,2692 2832,2691 2879,2691 2926,2691 2973,2691 3020,2691 3067,2692 3114,2693 3161,2693"/>
                <TextEquiv>
                    <Unicode>kungen aus, die es zu einer Immortelle des</Unicode>
                </TextEquiv>
            </TextLine>
            <TextLine id="r1l69" custom="readingOrder {index:68;}">
                <Coords points="274,2724 1217,2720 1227,2655 273,2681"/>
                <Baseline points="291,2708 339,2709 387,2709 436,2709 484,2709 532,2709 581,2708 629,2708 677,2707 726,2706 774,2705 823,2704 871,2703 919,2702 968,2701 1016,2700 1064,2698 1113,2697 1161,2697 1210,2696"/>
                <TextEquiv>
                    <Unicode>„So vieles hat zugleich Raum in uns —!</Unicode>
                </TextEquiv>
            </TextLine>
            <TextLine id="r1l70" custom="readingOrder {index:69;}">
                <Coords points="1234,2742 2141,2753 2206,2745 2206,2699 1479,2700 1446,2675 1417,2704 1234,2706"/>
                <Baseline points="1253,2744 1299,2744 1346,2744 1393,2743 1439,2743 1486,2743 1533,2742 1579,2742 1626,2742 1673,2741 1720,2741 1766,2740 1813,2740 1860,2739 1906,2739 1953,2738 2000,2737 2046,2736 2093,2735 2140,2733 2187,2732"/>
                <TextEquiv>
                    <Unicode>Mannes zerschellte. Der betrogene Mann ent¬</Unicode>
                </TextEquiv>
            </TextLine>
            <TextLine id="r1l71" custom="readingOrder {index:70;}">
                <Coords points="56,2765 81,2765 106,2748 150,2741 189,2760 261,2754 262,2703 233,2703 215,2688 201,2699 158,2698 147,2705 57,2697"/>
                <Baseline points="74,2739 102,2740 130,2741 158,2741 186,2741 214,2741 242,2743"/>
                <TextEquiv>
                    <Unicode>bei ähn¬</Unicode>
                </TextEquiv>
            </TextLine>
            <TextLine id="r1l72" custom="readingOrder {index:71;}">
                <Coords points="2192,2745 3181,2754 3181,2696 2192,2702"/>
                <Baseline points="2209,2741 2256,2741 2304,2742 2352,2743 2400,2743 2447,2743 2495,2744 2543,2744 2591,2744 2638,2744 2686,2744 2734,2744 2782,2744 2829,2744 2877,2744 2925,2744 2973,2744 3020,2743 3068,2743 3116,2743 3164,2742"/>
                <TextEquiv>
                    <Unicode>Bühnenrepertoires werden lassen könnten. Der</Unicode>
                </TextEquiv>
            </TextLine>
            <TextLine id="r1l73" custom="readingOrder {index:72;}">
                <Coords points="662,2764 863,2774 895,2756 939,2770 1014,2755 1129,2780 1237,2761 1237,2715 1122,2701 1075,2719 1028,2698 1010,2716 791,2706 766,2731 661,2728"/>
                <Baseline points="678,2755 705,2756 732,2756 759,2756 786,2756 813,2755 840,2755 867,2755 894,2754 921,2753 949,2753 976,2752 1003,2752 1030,2752 1057,2752 1084,2752 1111,2752 1138,2753 1165,2754 1192,2756 1220,2757"/>
                <TextEquiv>
                    <Unicode>.. Treue und Treulosig¬</Unicode>
                </TextEquiv>
            </TextLine>
            <TextLine id="r1l74" custom="readingOrder {index:73;}">
                <Coords points="261,2779 294,2765 384,2776 405,2758 434,2776 499,2758 607,2777 657,2770 657,2734 607,2715 402,2722 373,2707 261,2718"/>
                <Baseline points="279,2758 304,2758 330,2758 356,2758 381,2758 407,2758 433,2758 459,2758 484,2758 510,2758 536,2758 561,2759 587,2759 613,2759 639,2759"/>
                <TextEquiv>
                    <Unicode>Liebe und Trug</Unicode>
                </TextEquiv>
            </TextLine>
            <TextLine id="r1l75" custom="readingOrder {index:74;}">
                <Coords points="1235,2817 1774,2788 2206,2807 2206,2739 1439,2729 1234,2756"/>
                <Baseline points="1251,2796 1297,2795 1344,2794 1391,2794 1438,2793 1485,2793 1531,2793 1578,2793 1625,2792 1672,2792 1719,2792 1765,2792 1812,2792 1859,2792 1906,2792 1953,2791 1999,2791 2046,2790 2093,2789 2140,2788 2187,2787"/>
                <TextEquiv>
                    <Unicode>deckte die Revanche seiner Frau, erschießt ihren</Unicode>
                </TextEquiv>
            </TextLine>
            <TextLine id="r1l76" custom="readingOrder {index:75;}">
                <Coords points="2193,2805 3187,2820 3187,2726 3129,2751 2193,2747"/>
                <Baseline points="2211,2796 2258,2795 2306,2794 2354,2793 2402,2793 2450,2792 2498,2792 2545,2792 2593,2793 2641,2793 2689,2793 2737,2794 2785,2794 2833,2795 2880,2795 2928,2795 2976,2795 3024,2794 3072,2794 3120,2793 3168,2792"/>
                <TextEquiv>
                    <Unicode>ziemlich breit geratenen Exposition der ersten</Unicode>
                </TextEquiv>
            </TextLine>
            <TextLine id="r1l77" custom="readingOrder {index:76;}">
                <Coords points="67,2784 85,2784 110,2803 171,2800 178,2808 196,2808 211,2801 265,2802 266,2755 212,2754 187,2746 169,2753 140,2753 133,2745 68,2751"/>
                <Baseline points="84,2798 111,2792 138,2791 166,2792 193,2794 220,2796 248,2797"/>
                <TextEquiv>
                    <Unicode>Betoner</Unicode>
                </TextEquiv>
            </TextLine>
            <TextLine id="r1l78" custom="readingOrder {index:77;}">
                <Coords points="268,2813 1204,2820 1240,2809 1240,2762 268,2766"/>
                <Baseline points="286,2812 332,2811 379,2810 426,2810 473,2810 520,2809 567,2809 613,2809 660,2809 707,2809 754,2809 801,2809 848,2809 895,2809 941,2809 988,2808 1035,2808 1082,2807 1129,2807 1176,2806 1223,2805"/>
                <TextEquiv>
                    <Unicode>keit ... Anbetung für die eine (Frau) und</Unicode>
                </TextEquiv>
            </TextLine>
            <TextLine id="r1l79" custom="readingOrder {index:78;}">
                <Coords points="1236,2845 1394,2868 2171,2851 2197,2847 2196,2793 1235,2806"/>
                <Baseline points="1255,2848 1301,2847 1347,2847 1393,2846 1439,2846 1486,2845 1532,2844 1578,2844 1624,2843 1670,2842 1717,2842 1763,2841 1809,2840 1855,2840 1901,2839 1948,2838 1994,2838 2040,2838 2086,2837 2132,2837 2179,2837"/>
                <TextEquiv>
                    <Unicode>Geliebten, verläßt die Geliebte und die</Unicode>
                </TextEquiv>
            </TextLine>
            <TextLine id="r1l80" custom="readingOrder {index:79;}">
                <Coords points="2195,2872 2321,2836 2354,2865 3189,2868 3189,2799 2195,2797"/>
                <Baseline points="2215,2849 2262,2847 2310,2846 2358,2846 2406,2845 2453,2845 2501,2845 2549,2846 2597,2846 2644,2846 2692,2847 2740,2847 2788,2847 2835,2847 2883,2847 2931,2847 2979,2847 3026,2846 3074,2845 3122,2843 3170,2842"/>
                <TextEquiv>
                    <Unicode>zwei Akte folgt ein driter Aufzug, der tauto¬</Unicode>
                </TextEquiv>
            </TextLine>
            <TextLine id="r1l81" custom="readingOrder {index:80;}">
                <Coords points="58,2860 86,2860 101,2870 122,2852 147,2851 155,2858 169,2851 205,2857 266,2853 265,2802 110,2802 85,2784 56,2788"/>
                <Baseline points="77,2853 105,2850 133,2848 162,2847 190,2847 218,2848 247,2849"/>
                <TextEquiv>
                    <Unicode>(„Moral“</Unicode>
                </TextEquiv>
            </TextLine>
            <TextLine id="r1l82" custom="readingOrder {index:81;}">
                <Coords points="260,2864 1235,2870 1235,2812 1109,2798 260,2807"/>
                <Baseline points="279,2858 326,2858 373,2859 420,2859 467,2860 514,2860 561,2860 608,2861 655,2861 702,2861 749,2860 796,2860 843,2860 890,2860 937,2859 984,2859 1031,2859 1078,2858 1125,2858 1172,2857 1219,2857"/>
                <TextEquiv>
                    <Unicode>Verlangen nach einer anderen oder mehreren.</Unicode>
                </TextEquiv>
            </TextLine>
            <TextLine id="r1l83" custom="readingOrder {index:82;}">
                <Coords points="1245,2908 2156,2905 2195,2897 2194,2843 1244,2857"/>
                <Baseline points="1262,2901 1307,2900 1353,2899 1399,2897 1445,2896 1490,2895 1536,2894 1582,2893 1628,2892 1673,2891 1719,2890 1765,2889 1811,2889 1856,2888 1902,2888 1948,2888 1994,2888 2039,2888 2085,2888 2131,2888 2177,2888"/>
                <TextEquiv>
                    <Unicode>Gattin, formt so aus dem alten Chaos ein neues,</Unicode>
                </TextEquiv>
            </TextLine>
            <TextLine id="r1l84" custom="readingOrder {index:83;}">
                <Coords points="70,2918 92,2918 103,2908 120,2915 135,2908 156,2912 186,2899 236,2911 254,2893 272,2894 273,2850 233,2857 169,2852 158,2858 136,2851 100,2868 71,2864"/>
                <Baseline points="89,2894 116,2894 144,2894 171,2894 199,2895 226,2896 254,2899"/>
                <TextEquiv>
                    <Unicode>r Bedeu¬</Unicode>
                </TextEquiv>
            </TextLine>
            <TextLine id="r1l85" custom="readingOrder {index:84;}">
                <Coords points="2189,2904 3190,2902 3190,2866 3132,2848 3049,2874 2931,2827 2567,2871 2319,2839 2189,2861"/>
                <Baseline points="2207,2899 2255,2898 2303,2898 2351,2897 2400,2897 2448,2897 2496,2897 2544,2897 2593,2897 2641,2898 2689,2898 2737,2898 2786,2898 2834,2899 2882,2898 2930,2898 2979,2898 3027,2897 3075,2896 3123,2895 3172,2892"/>
                <TextEquiv>
                    <Unicode>logisch anmutet. Dann erst, im vierten und</Unicode>
                </TextEquiv>
            </TextLine>
            <TextLine id="r1l86" custom="readingOrder {index:85;}">
                <Coords points="272,2921 1240,2912 1218,2858 271,2867"/>
                <Baseline points="290,2912 336,2913 383,2913 429,2914 476,2914 523,2914 569,2914 616,2914 662,2914 709,2913 756,2913 802,2913 849,2912 895,2912 942,2911 989,2911 1035,2910 1082,2910 1128,2909 1175,2909 1222,2909"/>
                <TextEquiv>
                    <Unicode>Wir versuchen wohl, Ordnung in uns zu</Unicode>
                </TextEquiv>
            </TextLine>
            <TextLine id="r1l87" custom="readingOrder {index:86;}">
                <Coords points="1236,2969 2121,2966 2200,2951 2200,2897 1235,2908"/>
                <Baseline points="1253,2952 1299,2952 1346,2951 1392,2951 1439,2951 1485,2950 1532,2950 1578,2950 1625,2949 1671,2949 1718,2949 1764,2948 1811,2948 1857,2947 1904,2947 1950,2946 1997,2945 2043,2944 2090,2943 2136,2941 2183,2939"/>
                <TextEquiv>
                    <Unicode>in das plötzlich der so oft gehörte Schrei des</Unicode>
                </TextEquiv>
            </TextLine>
            <TextLine id="r1l88" custom="readingOrder {index:87;}">
                <Coords points="2207,2961 3193,2950 3193,2903 3161,2896 2207,2903"/>
                <Baseline points="2227,2947 2274,2948 2321,2948 2369,2949 2416,2949 2463,2950 2511,2950 2558,2950 2605,2950 2653,2950 2700,2951 2747,2951 2795,2950 2842,2950 2889,2950 2937,2950 2984,2949 3031,2949 3079,2948 3126,2947 3174,2946"/>
                <TextEquiv>
                    <Unicode>fünten Akte, kommt in die Materie, die sich</Unicode>
                </TextEquiv>
            </TextLine>
            <TextLine id="r1l89" custom="readingOrder {index:88;}">
                <Coords points="72,2971 112,2972 130,2954 148,2962 166,2958 191,2973 242,2963 267,2967 268,2913 203,2901 131,2911 99,2899 74,2899"/>
                <Baseline points="91,2950 117,2950 144,2950 170,2950 197,2951 223,2952 250,2953"/>
                <TextEquiv>
                    <Unicode>gewisen</Unicode>
                </TextEquiv>
            </TextLine>
            <TextLine id="r1l90" custom="readingOrder {index:89;}">
                <Coords points="262,2978 770,2977 806,2944 989,2986 1245,2969 1244,2912 262,2920"/>
                <Baseline points="282,2964 329,2965 376,2966 423,2966 470,2966 518,2966 565,2965 612,2965 659,2964 706,2963 754,2962 801,2961 848,2960 895,2960 942,2959 990,2959 1037,2959 1084,2959 1131,2960 1178,2961 1226,2963"/>
                <TextEquiv>
                    <Unicode>schaffen, so gut es gebt, aber diese Ordnung</Unicode>
                </TextEquiv>
            </TextLine>
            <TextLine id="r1l91" custom="readingOrder {index:90;}">
                <Coords points="1240,3013 1718,2997 1790,3021 1963,2990 2136,3017 2208,3009 2207,2948 1239,2959"/>
                <Baseline points="1256,3004 1302,3003 1349,3002 1395,3000 1442,2999 1489,2998 1535,2998 1582,2997 1629,2996 1675,2996 1722,2995 1769,2995 1815,2994 1862,2994 1909,2994 1955,2994 2002,2993 2049,2993 2095,2993 2142,2993 2189,2993"/>
                <TextEquiv>
                    <Unicode>Kindes hineinklingt — man weiß nicht, ob</Unicode>
                </TextEquiv>
            </TextLine>
            <TextLine id="r1l92" custom="readingOrder {index:91;}">
                <Coords points="2206,3011 3102,3012 3188,2998 3188,2940 2205,2960"/>
                <Baseline points="2222,3000 2269,3000 2316,3001 2364,3001 2411,3002 2459,3002 2506,3003 2553,3003 2601,3003 2648,3003 2696,3003 2743,3003 2790,3003 2838,3003 2885,3002 2933,3002 2980,3001 3027,3000 3075,2999 3122,2998 3170,2996"/>
                <TextEquiv>
                    <Unicode>bisher mit lavaartiger Saumseligkeit fortbe¬</Unicode>
                </TextEquiv>
            </TextLine>
            <TextLine id="r1l93" custom="readingOrder {index:92;}">
                <Coords points="1026,3031 1055,3028 1066,3017 1113,3014 1149,3032 1170,3018 1188,3018 1224,3036 1246,3036 1246,2968 1188,2974 1131,2967 1116,2978 1095,2967 1066,2985 1026,2984"/>
                <Baseline points="1043,3009 1069,3010 1095,3011 1121,3010 1147,3010 1173,3010 1199,3010 1226,3012"/>
                <TextEquiv>
                    <Unicode>.. Das</Unicode>
                </TextEquiv>
            </TextLine>
            <TextLine id="r1l94" custom="readingOrder {index:93;}">
                <Coords points="276,3021 931,3033 1028,3014 1028,2981 275,2974"/>
                <Baseline points="292,3018 327,3018 363,3018 399,3018 435,3018 471,3017 507,3017 543,3016 579,3015 615,3015 651,3014 686,3014 722,3013 758,3012 794,3012 830,3012 866,3012 902,3013 938,3013 974,3014 1010,3016"/>
                <TextEquiv>
                    <Unicode>ist doch nur etwas Künstliches ...</Unicode>
                </TextEquiv>
            </TextLine>
            <TextLine id="r1l95" custom="readingOrder {index:94;}">
                <Coords points="1232,3055 2125,3059 2124,3008 1962,2989 1232,3015"/>
                <Baseline points="1251,3054 1293,3053 1336,3052 1379,3051 1422,3051 1465,3050 1507,3050 1550,3050 1593,3049 1636,3049 1679,3049 1721,3049 1764,3048 1807,3048 1850,3047 1893,3047 1935,3046 1978,3045 2021,3043 2064,3042 2107,3040"/>
                <TextEquiv>
                    <Unicode>wie die Verkündung eines neuen Lebens.</Unicode>
                </TextEquiv>
            </TextLine>
            <TextLine id="r1l96" custom="readingOrder {index:95;}">
                <Coords points="53,3050 75,3051 88,3063 132,3058 156,3074 186,3058 222,3056 243,3068 279,3071 283,3006 200,3005 162,2970 123,2967 115,2974 58,2964"/>
                <Baseline points="72,3049 98,3047 125,3047 152,3048 179,3049 206,3052 233,3056 260,3059"/>
                <TextEquiv>
                    <Unicode>der Seite</Unicode>
                </TextEquiv>
            </TextLine>
            <TextLine id="r1l97" custom="readingOrder {index:96;}">
                <Coords points="2199,3064 2328,3068 2364,3039 2580,3080 2731,3051 3174,3077 3174,3013 3145,3005 2199,3007"/>
                <Baseline points="2215,3051 2262,3052 2309,3052 2356,3053 2403,3053 2450,3053 2497,3053 2544,3053 2591,3053 2638,3053 2686,3053 2733,3053 2780,3053 2827,3053 2874,3053 2921,3053 2968,3053 3015,3054 3062,3054 3109,3055 3157,3056"/>
                <TextEquiv>
                    <Unicode>wegte, Bewegung und dramatischer Fluß.</Unicode>
                </TextEquiv>
            </TextLine>
            <TextLine id="r1l98" custom="readingOrder {index:97;}">
                <Coords points="271,3079 1095,3080 1134,3054 1210,3079 1239,3072 1239,3018 270,3021"/>
                <Baseline points="290,3072 336,3070 383,3069 429,3067 476,3066 523,3065 569,3064 616,3064 662,3063 709,3063 756,3063 802,3062 849,3062 895,3062 942,3062 989,3062 1035,3063 1082,3063 1128,3063 1175,3063 1222,3064"/>
                <TextEquiv>
                    <Unicode>Natürliche ist das Chaos. Die Seele ist ein</Unicode>
                </TextEquiv>
            </TextLine>
            <TextLine id="r1l99" custom="readingOrder {index:98;}">
                <Coords points="1232,3106 2208,3100 2185,3013 2110,3051 1232,3052"/>
                <Baseline points="1251,3107 1300,3106 1349,3105 1399,3104 1448,3102 1498,3101 1547,3101 1596,3100 1646,3099 1695,3098 1745,3097 1794,3097 1844,3096 1893,3096 1942,3095 1992,3095 2041,3094 2091,3094 2140,3094 2190,3094"/>
                <TextEquiv>
                    <Unicode>Denn das C aotische der Menschenseele wurde</Unicode>
                </TextEquiv>
            </TextLine>
            <TextLine id="r1l100" custom="readingOrder {index:99;}">
                <Coords points="2207,3107 2804,3129 3045,3095 3110,3123 3178,3108 3178,3044 2206,3057"/>
                <Baseline points="2226,3101 2272,3103 2319,3104 2366,3105 2413,3106 2460,3106 2506,3106 2553,3106 2600,3106 2647,3105 2694,3105 2740,3104 2787,3103 2834,3103 2881,3102 2928,3101 2974,3101 3021,3100 3068,3100 3115,3100 3162,3100"/>
                <TextEquiv>
                    <Unicode>Ganz fortgerissen werden wir niemals und</Unicode>
                </TextEquiv>
            </TextLine>
            <TextLine id="r1l101" custom="readingOrder {index:100;}">
                <Coords points="57,3116 93,3110 122,3119 140,3112 154,3120 173,3109 201,3114 209,3107 274,3105 275,3077 246,3072 232,3057 160,3059 153,3051 146,3058 106,3060 59,3055"/>
                <Baseline points="77,3101 102,3102 127,3102 153,3102 178,3102 204,3104 229,3105 255,3109"/>
                <TextEquiv>
                    <Unicode>st so rich¬</Unicode>
                </TextEquiv>
            </TextLine>
            <TextLine id="r1l102" custom="readingOrder {index:101;}">
                <Coords points="627,3131 818,3132 847,3114 1027,3139 1113,3117 1217,3128 1242,3121 1243,3064 627,3070"/>
                <Baseline points="645,3113 674,3113 703,3112 732,3112 761,3112 790,3112 819,3112 848,3113 877,3113 906,3113 935,3113 964,3113 993,3114 1022,3114 1051,3114 1080,3114 1109,3113 1138,3113 1167,3112 1196,3112 1225,3111"/>
                <TextEquiv>
                    <Unicode>.“ Sollte es Schnitzler um</Unicode>
                </TextEquiv>
            </TextLine>
            <TextLine id="r1l103" custom="readingOrder {index:102;}">
                <Coords points="264,3124 293,3134 315,3124 394,3131 416,3116 430,3131 473,3123 527,3131 560,3102 578,3102 577,3073 264,3070"/>
                <Baseline points="281,3118 306,3119 331,3120 356,3121 382,3121 407,3121 432,3121 457,3120 483,3120 508,3120 533,3119 559,3119"/>
                <TextEquiv>
                    <Unicode>weites Land</Unicode>
                </TextEquiv>
            </TextLine>
            <TextLine id="r1l104" custom="readingOrder {index:103;}">
                <Coords points="1241,3165 2036,3172 2097,3139 2198,3170 2198,3109 1240,3115"/>
                <Baseline points="1259,3155 1305,3154 1351,3154 1397,3154 1443,3154 1489,3153 1535,3153 1581,3153 1627,3152 1673,3152 1719,3151 1765,3151 1811,3150 1857,3150 1903,3149 1949,3149 1995,3148 2041,3147 2087,3147 2133,3146 2180,3146"/>
                <TextEquiv>
                    <Unicode>in dem Stücke viel zu oft und viel zu ein¬</Unicode>
                </TextEquiv>
            </TextLine>
            <TextLine id="r1l105" custom="readingOrder {index:104;}">
                <Coords points="41,3158 69,3167 102,3161 112,3173 153,3157 188,3169 221,3160 246,3176 275,3174 278,3109 213,3106 151,3121 94,3100 44,3108"/>
                <Baseline points="58,3151 86,3151 114,3152 142,3153 171,3154 199,3156 227,3158 256,3161"/>
                <TextEquiv>
                    <Unicode>an weiß</Unicode>
                </TextEquiv>
            </TextLine>
            <TextLine id="r1l106" custom="readingOrder {index:105;}">
                <Coords points="2205,3168 3184,3157 3184,3110 3047,3096 2706,3125 2205,3104"/>
                <Baseline points="2223,3154 2270,3155 2317,3155 2364,3157 2411,3157 2458,3158 2505,3158 2552,3159 2599,3159 2646,3159 2694,3159 2741,3159 2788,3159 2835,3158 2882,3158 2929,3157 2976,3157 3023,3156 3070,3155 3117,3154 3165,3153"/>
                <TextEquiv>
                    <Unicode>fühlen nur immer, wie arm, wie drückend und</Unicode>
                </TextEquiv>
            </TextLine>
            <TextLine id="r1l107" custom="readingOrder {index:106;}">
                <Coords points="278,3177 1131,3184 1235,3170 1235,3116 278,3126"/>
                <Baseline points="294,3169 340,3168 386,3168 432,3168 478,3168 525,3167 571,3167 617,3167 663,3167 709,3167 756,3167 802,3167 848,3167 894,3167 940,3166 987,3166 1033,3166 1079,3166 1125,3165 1171,3165 1218,3164"/>
                <TextEquiv>
                    <Unicode>nichts anderes zu tun gewesen sein, als dieses</Unicode>
                </TextEquiv>
            </TextLine>
            <TextLine id="r1l108" custom="readingOrder {index:107;}">
                <Coords points="1233,3231 2197,3211 2196,3150 2092,3136 1232,3163"/>
                <Baseline points="1251,3209 1297,3208 1343,3207 1390,3206 1436,3205 1483,3205 1529,3205 1575,3205 1622,3204 1668,3205 1715,3205 1761,3205 1807,3204 1854,3204 1900,3204 1947,3203 1993,3202 2039,3201 2086,3200 2132,3197 2179,3195"/>
                <TextEquiv>
                    <Unicode>dringlich betont, als daß man hoffen könnte,</Unicode>
                </TextEquiv>
            </TextLine>
            <TextLine id="r1l109" custom="readingOrder {index:108;}">
                <Coords points="43,3217 76,3210 111,3222 144,3213 165,3228 180,3214 202,3214 219,3226 234,3215 252,3227 273,3227 275,3163 196,3160 181,3167 160,3155 138,3166 45,3159"/>
                <Baseline points="62,3203 89,3205 116,3206 144,3206 171,3206 199,3207 226,3209 254,3211"/>
                <TextEquiv>
                    <Unicode>wie sonst,</Unicode>
                </TextEquiv>
            </TextLine>
            <TextLine id="r1l110" custom="readingOrder {index:109;}">
                <Coords points="2194,3205 2461,3234 3177,3214 3177,3161 3148,3157 2194,3158"/>
                <Baseline points="2211,3208 2258,3208 2305,3208 2353,3208 2400,3208 2448,3208 2495,3208 2542,3209 2590,3209 2637,3210 2685,3210 2732,3210 2779,3211 2827,3211 2874,3211 2922,3211 2969,3211 3016,3210 3064,3210 3111,3208 3159,3207"/>
                <TextEquiv>
                    <Unicode>wie eigentlich so wenig lebenswert das Stück</Unicode>
                </TextEquiv>
            </TextLine>
            <TextLine id="r1l111" custom="readingOrder {index:110;}">
                <Coords points="265,3231 1244,3233 1222,3165 265,3177"/>
                <Baseline points="283,3221 330,3220 377,3220 424,3219 471,3219 518,3219 565,3219 612,3219 659,3219 706,3219 754,3219 801,3219 848,3219 895,3219 942,3219 989,3219 1036,3219 1083,3219 1130,3218 1177,3218 1225,3217"/>
                <TextEquiv>
                    <Unicode>weite Land, dieses Chaos unseres Naturelles</Unicode>
                </TextEquiv>
            </TextLine>
            <TextLine id="r1l112" custom="readingOrder {index:111;}">
                <Coords points="1239,3265 2204,3264 2203,3203 1238,3211"/>
                <Baseline points="1258,3264 1304,3262 1350,3261 1397,3260 1443,3259 1490,3258 1536,3258 1583,3257 1629,3257 1676,3257 1722,3256 1768,3256 1815,3256 1861,3256 1908,3255 1954,3255 2001,3254 2047,3253 2094,3252 2140,3251 2187,3250"/>
                <TextEquiv>
                    <Unicode>es schließe mit dem Hinweise auf einen Zu¬</Unicode>
                </TextEquiv>
            </TextLine>
            <TextLine id="r1l113" custom="readingOrder {index:112;}">
                <Coords points="50,3272 87,3266 101,3278 115,3278 130,3268 155,3273 166,3262 173,3270 180,3263 216,3264 248,3276 274,3274 276,3216 240,3219 143,3207 125,3214 53,3211"/>
                <Baseline points="69,3258 95,3257 122,3257 149,3258 175,3259 202,3261 229,3262 256,3265"/>
                <TextEquiv>
                    <Unicode>sagen hat,</Unicode>
                </TextEquiv>
            </TextLine>
            <TextLine id="r1l114" custom="readingOrder {index:113;}">
                <Coords points="2211,3263 2402,3285 2567,3249 2693,3285 3121,3292 3186,3263 3186,3205 2211,3216"/>
                <Baseline points="2228,3255 2277,3258 2326,3259 2376,3260 2425,3261 2475,3261 2524,3261 2573,3261 2623,3261 2672,3260 2722,3260 2771,3259 2821,3259 2870,3258 2919,3258 2969,3258 3018,3258 3068,3259 3117,3260 3167,3262"/>
                <TextEquiv>
                    <Unicode>Lebens ist, vor dem der Autor hier den</Unicode>
                </TextEquiv>
            </TextLine>
            <TextLine id="r1l115" custom="readingOrder {index:114;}">
                <Coords points="268,3313 304,3312 332,3289 368,3295 389,3276 425,3278 436,3289 490,3276 562,3280 560,3233 521,3235 509,3224 265,3234"/>
                <Baseline points="285,3279 310,3278 336,3277 362,3275 387,3273 413,3271 439,3269 464,3268 490,3269 516,3270 542,3273"/>
                <TextEquiv>
                    <Unicode>zu zeigen? —</Unicode>
                </TextEquiv>
            </TextLine>
            <TextLine id="r1l116" custom="readingOrder {index:115;}">
                <Coords points="1248,3319 2162,3321 2205,3310 2205,3253 1247,3269"/>
                <Baseline points="1266,3311 1312,3310 1358,3310 1404,3309 1450,3309 1496,3309 1542,3309 1588,3310 1634,3310 1680,3310 1726,3311 1772,3311 1818,3311 1864,3311 1910,3310 1956,3310 2002,3309 2048,3307 2094,3305 2140,3303 2186,3300"/>
                <TextEquiv>
                    <Unicode>kunftsmenschen, der Licht und harmonische</Unicode>
                </TextEquiv>
            </TextLine>
            <TextLine id="r1l117" custom="readingOrder {index:116;}">
                <Coords points="2198,3316 2263,3321 2284,3339 2443,3330 2475,3345 2605,3318 2644,3347 2669,3344 2670,3275 2630,3268 2447,3262 2400,3283 2386,3268 2199,3266"/>
                <Baseline points="2216,3305 2241,3307 2267,3308 2293,3309 2318,3309 2344,3310 2370,3310 2395,3310 2421,3309 2447,3309 2473,3309 2498,3309 2524,3310 2550,3310 2575,3311 2601,3312 2627,3313 2653,3316"/>
                <TextEquiv>
                    <Unicode>Vorhang herunterzog.</Unicode>
                </TextEquiv>
            </TextLine>
            <TextLine id="r1l118" custom="readingOrder {index:117;}">
                <Coords points="54,3327 79,3327 94,3313 101,3317 119,3306 137,3321 169,3321 176,3314 274,3316 274,3269 163,3264 130,3267 120,3277 102,3259 95,3266 55,3262"/>
                <Baseline points="73,3306 99,3309 125,3312 151,3312 178,3312 204,3311 230,3311 257,3312"/>
                <TextEquiv>
                    <Unicode>nwollte.</Unicode>
                </TextEquiv>
            </TextLine>
            <TextLine id="r1l119" custom="readingOrder {index:118;}">
                <Coords points="350,3336 1247,3323 1246,3262 1135,3244 350,3271"/>
                <Baseline points="369,3321 414,3321 459,3320 504,3320 549,3320 595,3320 640,3320 685,3320 730,3320 775,3320 821,3320 866,3320 911,3320 956,3320 1001,3320 1047,3320 1092,3320 1137,3319 1182,3319 1228,3318"/>
                <TextEquiv>
                    <Unicode>Wenn es ihm tatsächlich darum zu tun</Unicode>
                </TextEquiv>
            </TextLine>
            <TextLine id="r1l120" custom="readingOrder {index:119;}">
                <Coords points="1246,3374 1764,3359 1969,3393 2088,3363 2207,3390 2206,3311 2123,3301 1245,3320"/>
                <Baseline points="1262,3362 1308,3362 1354,3361 1401,3361 1447,3360 1493,3360 1540,3359 1586,3359 1632,3359 1679,3358 1725,3358 1771,3358 1818,3357 1864,3357 1910,3356 1957,3356 2003,3355 2049,3354 2096,3354 2142,3353 2189,3353"/>
                <TextEquiv>
                    <Unicode>Neugestaltungen in das Chaos zu bringen</Unicode>
                </TextEquiv>
            </TextLine>
            <TextLine id="r1l121" custom="readingOrder {index:120;}">
                <Coords points="38,3370 81,3370 99,3389 121,3389 143,3368 279,3373 280,3312 136,3321 118,3306 79,3327 39,3326"/>
                <Baseline points="57,3362 82,3360 108,3360 133,3359 159,3360 184,3360 210,3362 235,3363 261,3364"/>
                <TextEquiv>
                    <Unicode>n handeln</Unicode>
                </TextEquiv>
            </TextLine>
            <TextLine id="r1l122" custom="readingOrder {index:121;}">
                <Coords points="267,3386 1243,3383 1242,3326 267,3325"/>
                <Baseline points="286,3371 335,3373 384,3374 434,3375 483,3375 533,3375 582,3375 631,3375 681,3375 730,3374 780,3374 829,3373 879,3373 928,3372 977,3372 1027,3372 1076,3372 1126,3372 1175,3373 1225,3374"/>
                <TextEquiv>
                    <Unicode>war, dann muß man in dieses Stück wie in</Unicode>
                </TextEquiv>
            </TextLine>
            <TextLine id="r1l123" custom="readingOrder {index:122;}">
                <Coords points="1242,3425 1263,3421 1292,3439 1350,3424 1371,3423 1393,3437 1415,3423 1436,3433 1447,3426 1454,3433 1476,3429 1475,3375 1367,3366 1360,3359 1281,3378 1241,3371"/>
                <Baseline points="1258,3412 1286,3411 1314,3410 1342,3410 1371,3409 1399,3409 1427,3409 1456,3410"/>
                <TextEquiv>
                    <Unicode>vermöchte.</Unicode>
                </TextEquiv>
            </TextLine>
            <TextLine id="r1l124" custom="readingOrder {index:123;}">
                <Coords points="30,3410 80,3426 95,3415 130,3427 141,3417 156,3424 177,3414 213,3419 227,3430 253,3423 281,3431 283,3370 128,3370 92,3361 63,3375 31,3367"/>
                <Baseline points="48,3407 74,3409 101,3410 128,3411 155,3411 181,3411 208,3412 235,3413 262,3415"/>
                <TextEquiv>
                    <Unicode> Genre</Unicode>
                </TextEquiv>
            </TextLine>
            <TextLine id="r1l125" custom="readingOrder {index:124;}">
                <Coords points="2290,3422 3153,3438 3189,3427 3190,3377 3085,3380 3010,3340 2823,3375 2690,3338 2621,3370 2290,3357"/>
                <Baseline points="2306,3413 2349,3414 2392,3415 2436,3416 2479,3416 2522,3417 2566,3417 2609,3417 2652,3417 2696,3417 2739,3417 2782,3417 2826,3417 2869,3418 2912,3418 2956,3418 2999,3418 3042,3419 3086,3419 3129,3420 3173,3422"/>
                <TextEquiv>
                    <Unicode>Das Werk hat bei seiner Erstaufführustg</Unicode>
                </TextEquiv>
            </TextLine>
            <TextLine id="r1l126" custom="readingOrder {index:125;}">
                <Coords points="269,3429 1248,3447 1248,3368 269,3378"/>
                <Baseline points="288,3426 335,3426 382,3425 429,3425 476,3425 523,3425 570,3425 618,3425 665,3425 712,3425 759,3425 806,3425 853,3425 900,3425 948,3425 995,3424 1042,3424 1089,3424 1136,3423 1183,3422 1231,3421"/>
                <TextEquiv>
                    <Unicode>ein gewaltiges Stück der ganzen Trostlosigkeit</Unicode>
                </TextEquiv>
            </TextLine>
            <TextLine id="r1l127" custom="readingOrder {index:126;}">
                <Coords points="40,3480 61,3484 94,3466 119,3474 144,3460 166,3471 213,3475 278,3468 278,3418 217,3424 170,3417 148,3427 138,3420 116,3427 98,3416 40,3416"/>
                <Baseline points="57,3460 82,3461 107,3461 133,3461 158,3461 183,3461 209,3461 234,3462 260,3463"/>
                <TextEquiv>
                    <Unicode>nan. Man</Unicode>
                </TextEquiv>
            </TextLine>
            <TextLine id="r1l128" custom="readingOrder {index:127;}">
                <Coords points="2210,3475 2699,3493 2742,3465 3023,3465 3192,3494 3192,3422 3156,3418 2210,3414"/>
                <Baseline points="2228,3469 2275,3468 2322,3467 2370,3466 2417,3466 2465,3466 2512,3466 2559,3467 2607,3467 2654,3468 2702,3468 2749,3469 2796,3469 2844,3469 2891,3470 2939,3469 2986,3469 3033,3468 3081,3467 3128,3466 3176,3464"/>
                <TextEquiv>
                    <Unicode>am Samstdg in Olmütz eine ziemlich gedan¬</Unicode>
                </TextEquiv>
            </TextLine>
            <TextLine id="r1l129" custom="readingOrder {index:128;}">
                <Coords points="1318,3478 2016,3497 2210,3466 2210,3412 1318,3428"/>
                <Baseline points="1335,3469 1377,3471 1420,3472 1463,3472 1506,3473 1549,3473 1592,3473 1634,3472 1677,3472 1720,3471 1763,3470 1806,3469 1849,3468 1892,3468 1934,3467 1977,3466 2020,3466 2063,3466 2106,3466 2149,3466 2192,3466"/>
                <TextEquiv>
                    <Unicode>Das Stück atmet erdrückenden Pessimis¬</Unicode>
                </TextEquiv>
            </TextLine>
            <TextLine id="r1l130" custom="readingOrder {index:129;}">
                <Coords points="272,3491 1250,3490 1229,3425 272,3429"/>
                <Baseline points="290,3473 337,3474 384,3474 431,3474 478,3475 525,3475 572,3475 619,3475 666,3475 713,3474 760,3474 807,3474 854,3474 901,3474 948,3474 995,3474 1042,3474 1089,3474 1136,3474 1183,3474 1231,3474"/>
                <TextEquiv>
                    <Unicode>des Lebens blicken. Es gibt hier keinen, aber</Unicode>
                </TextEquiv>
            </TextLine>
            <TextLine id="r1l131" custom="readingOrder {index:130;}">
                <Coords points="53,3517 93,3526 110,3518 140,3531 190,3522 215,3531 226,3520 262,3518 259,3464 205,3471 147,3463 122,3471 50,3471"/>
                <Baseline points="70,3510 98,3510 127,3510 156,3510 184,3509 213,3505 242,3500"/>
                <TextEquiv>
                    <Unicode>Geschicht“</Unicode>
                </TextEquiv>
            </TextLine>
            <TextLine id="r1l132" custom="readingOrder {index:131;}">
                <Coords points="281,3533 3095,3539 3185,3460 281,3482"/>
                <Baseline points="298,3527 441,3528 585,3528 728,3528 872,3528 1015,3527 1159,3527 1302,3526 1446,3525 1589,3524 1733,3523 1876,3523 2020,3522 2163,3521 2307,3520 2450,3520 2594,3519 2737,3519 2881,3519 3024,3519 3168,3519"/>
                <TextEquiv>
                    <Unicode>auch nicht einen Menschen, der kein Chaos, mus. Der Geist der Rache wandelt drohend kenvolle Interpretation und warme Hinge¬</Unicode>
                </TextEquiv>
            </TextLine>
            <TextLine id="r1l133" custom="readingOrder {index:132;}">
                <Coords points="37,3586 73,3576 116,3584 130,3573 220,3583 231,3572 282,3577 283,3519 150,3520 135,3509 92,3526 60,3507 38,3507"/>
                <Baseline points="54,3563 80,3564 106,3564 132,3563 159,3564 185,3564 211,3565 237,3567 264,3569"/>
                <TextEquiv>
                    <Unicode>Dichter, wie</Unicode>
                </TextEquiv>
            </TextLine>
            <TextLine id="r1l134" custom="readingOrder {index:133;}">
                <Coords points="274,3594 3164,3601 3185,3522 273,3540"/>
                <Baseline points="290,3588 433,3587 577,3585 721,3584 865,3583 1009,3582 1153,3580 1297,3579 1441,3578 1585,3577 1729,3576 1872,3575 2016,3575 2160,3574 2304,3573 2448,3573 2592,3572 2736,3572 2880,3571 3024,3571 3168,3571"/>
                <TextEquiv>
                    <Unicode>sondern eine harmonische Natur wäre. Der durch seine geistigen Wandelgänge. Der Treu= bung gefunden. Vielleicht gebrach es nur an</Unicode>
                </TextEquiv>
            </TextLine>
            <TextLine id="r1l135" custom="readingOrder {index:134;}">
                <Coords points="44,3631 137,3628 148,3635 159,3624 289,3624 289,3574 231,3574 224,3581 184,3570 102,3581 91,3574 76,3581 44,3577"/>
                <Baseline points="63,3619 89,3617 115,3615 141,3614 167,3614 193,3614 219,3616 245,3617 271,3619"/>
                <TextEquiv>
                    <Unicode>zu irgend</Unicode>
                </TextEquiv>
            </TextLine>
            <TextLine id="r1l136" custom="readingOrder {index:135;}">
                <Coords points="39,3677 107,3690 143,3669 179,3681 237,3676 275,3709 293,3710 296,3623 191,3628 174,3616 152,3634 123,3636 40,3623"/>
                <Baseline points="58,3664 85,3668 112,3670 140,3671 167,3671 194,3671 222,3671 249,3672 277,3675"/>
                <TextEquiv>
                    <Unicode>int, stalt,</Unicode>
                </TextEquiv>
            </TextLine>
            <TextLine id="r1l137" custom="readingOrder {index:136;}">
                <Coords points="33,3754 141,3751 156,3759 196,3738 220,3757 253,3751 292,3760 295,3699 266,3698 234,3675 216,3682 137,3671 115,3685 94,3673 37,3668"/>
                <Baseline points="54,3717 81,3720 109,3722 137,3723 165,3723 193,3724 221,3725 249,3726 277,3728"/>
                <TextEquiv>
                    <Unicode>em Stücke</Unicode>
                </TextEquiv>
            </TextLine>
            <TextEquiv>
                <Unicode>24. Das weite Land
box 29/2
Ausschnitt aus:
3839 SiGe
12 J Sie
vom:
—
1 ——— —
Artur Schnipters jüngstes Drama „Das weite
Land“ soll, wie die „Berliner Morgenpost“ berichtet, an der
Pariser Comédie Française aufgeführt werden. Herr
Le Bargy, der sich kürzere Zeit in Wien aufhielt, ver¬
handelt mit Schnitzler wegen der Uebersetzung und der
Aufführungsrechte.
S

bruch entspringt der Rache, und Rache folgt“
Denn hier gibt Schnitzler der von ihrem Held — (es ist für diese Auseinander etzung
Muust
geichgültig, daß er ein Fabrikant Hofreiter
dem. Treubruche. Rache um Rache. Und keine
 Manne betrogenen Frau, die sich einem Ge¬
hintergeht seine Frau. Sie ahnt oder
Erlösung. Wenn auf diesem düsteren Grunde
ist,)
####  liebten an den Hals wirft, ebenso recht, wie
weiß es. Aber sie ist noch das Weib aus
nicht die glitzernden Einfälle der Schnitzler¬
Schnihler, dem betrügenden und also betrogenen Gatten,
Schnitzlers „Weihnachtseinkäufen“, zu schwach,
schen Eigenart verstreut lägen, jene vielen und
wieder
der den Geliebten dann über den Hausen
sich für das in der Ebe gebrochene Liebes¬
typischen Bonmotes, durch die der Dichter, wie
es uns
schießt. Er stellt sich ebenso auf die Seite der
glück durch einen Geliebten entschädigen zu
im halb verträumten Tone, Dinge ausspricht,
n. Man
Frau, die ieren Mann verläßt, nachdem sie
lasen. Erst allmählich reist in ihr der Ent¬
von denen wir sofort empfinden, daß sie Wahr¬
beobach¬
von diesem hintergangen worden war, wie auf
schluß beran, — nicht, Ersatz zu suchen, son¬
heiten sind und aus tiefster Beobachtung ge¬
fühlen zu
die Seite des Mannes, der seine Untreue mit
dern, sich zu revanchieren. Der Entschluß wird
sehen wurden, — dann würde uns das eigent¬
er Dichter
den Gründen eines inneren und äußeren
zur Tat, und es berührt förmlich ein wenig
liche Wesen des Stückes viel mehr augenfällig
er em
Zwanges entschuldigt. Hier eine Markierung,
fatalistisch, daß der Geliebte der betrogenen
werden: die Konstruktion. Auch in seiner
Solche
und da wieder eine, — aber den Weg sieht
Frau das Kind einer Ele ist, die in Brüche
Technik löst es nicht jene bedeutenden Wir¬
end sein
man nicht, der auf die Höhe führen sollte.
Ein Künst¬
gegangen, als sie an einem Treubruche des
kungen aus, die es zu einer Immortelle des
„So vieles hat zugleich Raum in uns —!
Mannes zerschellte. Der betrogene Mann ent¬
bei ähn¬
Bühnenrepertoires werden lassen könnten. Der
.. Treue und Treulosig¬
Liebe und Trug
deckte die Revanche seiner Frau, erschießt ihren
ziemlich breit geratenen Exposition der ersten
Betoner
keit ... Anbetung für die eine (Frau) und
Geliebten, verläßt die Geliebte und die
zwei Akte folgt ein driter Aufzug, der tauto¬
(„Moral“
Verlangen nach einer anderen oder mehreren.
Gattin, formt so aus dem alten Chaos ein neues,
r Bedeu¬
logisch anmutet. Dann erst, im vierten und
Wir versuchen wohl, Ordnung in uns zu
in das plötzlich der so oft gehörte Schrei des
fünten Akte, kommt in die Materie, die sich
gewisen
schaffen, so gut es gebt, aber diese Ordnung
Kindes hineinklingt — man weiß nicht, ob
bisher mit lavaartiger Saumseligkeit fortbe¬
.. Das
ist doch nur etwas Künstliches ...
wie die Verkündung eines neuen Lebens.
der Seite
wegte, Bewegung und dramatischer Fluß.
Natürliche ist das Chaos. Die Seele ist ein
Denn das C aotische der Menschenseele wurde
Ganz fortgerissen werden wir niemals und
st so rich¬
.“ Sollte es Schnitzler um
weites Land
in dem Stücke viel zu oft und viel zu ein¬
an weiß
fühlen nur immer, wie arm, wie drückend und
nichts anderes zu tun gewesen sein, als dieses
dringlich betont, als daß man hoffen könnte,
wie sonst,
wie eigentlich so wenig lebenswert das Stück
weite Land, dieses Chaos unseres Naturelles
es schließe mit dem Hinweise auf einen Zu¬
sagen hat,
Lebens ist, vor dem der Autor hier den
zu zeigen? —
kunftsmenschen, der Licht und harmonische
Vorhang herunterzog.
nwollte.
Wenn es ihm tatsächlich darum zu tun
Neugestaltungen in das Chaos zu bringen
n handeln
war, dann muß man in dieses Stück wie in
vermöchte.
 Genre
Das Werk hat bei seiner Erstaufführustg
ein gewaltiges Stück der ganzen Trostlosigkeit
nan. Man
am Samstdg in Olmütz eine ziemlich gedan¬
Das Stück atmet erdrückenden Pessimis¬
des Lebens blicken. Es gibt hier keinen, aber
Geschicht“
auch nicht einen Menschen, der kein Chaos, mus. Der Geist der Rache wandelt drohend kenvolle Interpretation und warme Hinge¬
Dichter, wie
sondern eine harmonische Natur wäre. Der durch seine geistigen Wandelgänge. Der Treu= bung gefunden. Vielleicht gebrach es nur an
zu irgend
int, stalt,
em Stücke</Unicode>
            </TextEquiv>
        </TextRegion>
    </Page>
</PcGts>
