3296 4320
1298 142 1743 238 box 29/1
605 163 710 222 WE
913 154 1108 220 Land
186 151 378 245 24.
375 164 1137 261 Das
775 430 1126 545 115 10. 1911
540 613 1273 703 Deutsches Schauspielhaus.
345 682 1547 748 Hamburg hatte gestern gleichzeitig mit Wien, Berlin, Leipzig
274 753 1549 815 und einem Dutzend anderer Städte die Ur=Aufführung des neuesten
273 793 1544 846 Stückes von Arthur Schnitzler, der Tragikomödie Das
279 833 1540 885 weite Land. Der Erfolg war sehr stark und der Beifall so
271 884 1538 938 anhaltend, daß mit den Darstellern auch Dr. Hagemann, der
270 935 1555 986 die Regie besorgt hatte, wiederholt vor der Rampe erscheinen
279 967 1550 1021 mußte. Ob freilich dieser Beifall nicht mehr den ausgezeichneten
281 1016 1541 1063 schauspielerischen Leistungen von Fräulein Elsinger, Herrn
284 1061 1546 1120 Nhil und den übrigen Mitwirkenden galt, als dem Stück selbst,
279 1106 1553 1167 diese Frage darf wohl aufgeworfen werden. Schnitzler hat hier
287 1154 1555 1220 griffen. Es scheint aber, als ob deren Behandlung besser in
287 1199 1550 1257 Roman als im Drama erfolgt wäre. Jedenfalls weist der Dialog
294 1239 1560 1309 trotz einiger Kürzungen, die die Regie vorgenommen hatte, er¬
292 1282 1551 1352 müdende Längen auf, durch die der Zuschauer nur schwer der
294 1325 1557 1385 Weg zum Verständnis der Absichten des Dichters findet. Da die
294 1368 1563 1446 Vorstellung erst gegen Mitternacht ihr Ende fand, muß die ein¬
286 1419 1431 1481 gehende Besprechung auf Montag vorbehalten bleiben.
1293 1463 1505 1519 C. M.=R.
1059 1700 1448 1775 Telephon 12.801.
500 1838 1272 1949 „ODSENVEN
338 1930 1446 1995 I. österr. beh. konz. Unternehmen für Zeitunge¬
573 1975 1246 2044 Ausschnitte und Bibliographie.
540 2027 1308 2114 Wien, I., Conoordiaplatz 4.
756 2098 1078 2159 Vertretungen
357 2137 1465 2207 in Berlin, Brüssel, Budapest, Chicago, Cleveland, Christiania,
361 2187 1467 2241 Geni, Kopenhagen, London, Madrid, Mailand, Minneapolls,
353 2226 1457 2282 New-Vork, Paris, Rom, San Francisco, Stockholm, St. Peters¬
771 2272 1074 2324 burg, Toronto.
717 2312 1111 2372 (Quallenangabe chne Gewahr.)
368 2354 1520 2506 Ausschnitt aus Liiefarisckes Centralbläft, Leipzig
681 2429 901 2497 11 1911
373 2498 549 2560 vom:
458 2530 1387 2620 See i uie anf Konte des Verfassers zu jeden is.
528 2602 1599 2663 Am gleichen Abend mit Berlin, Wien, München, Leipzig und
437 2635 1585 2702 Anderwärts fand auch im deutschen Schauspielhaus zu Hamburg die
430 2678 1595 2738 „Uraufführung von Arthur Schnitzlers Tragikomödie „Das weiten
453 2708 1594 2776 Land“, das oben Sp. 410 #rech stalt und vermochte danks
452 2749 1584 2826 der prachtvollen Verkörperung der beiden Hauptrolien durch Robert Nhil
437 2786 1585 2842 und Marie Elsinger das Publikum zu starkem Beifall hinzureißen. —
437 2833 1599 2889 Große Wirkung erzielte auch hier Mar Dautbendeys Schauspiel“
446 2884 1598 2932 „Die Spielereien einer Kaiserin“ bei der Aufführung im Thalia¬
439 2911 1597 2970 Theater am 16. September d. J. Das Stück wurde im lauf. Jahrg., ##
442 2948 1586 2994 Nr. 18, Sp. 320 fg. d. Bl. von anderer Seite eingebend besprochen.
434 2981 1592 3047 Es enthält zwei außerordentlich dankbare Rollen, von denen die der
431 3024 1602 3085 Katbarina, von Frau Franck=Witt dargestellt, dominierte, wodurch deren—
445 3057 1583 3110 Abhängigkeit von Menschikeff verdeckt wurde. Mit dem plebejischen
432 3093 1588 3172 Fürsten mühte sich Herr Forecht wacker ab, ohne jene Ueberzeugungskraßt
435 3144 1420 3206 zu besitzen, über die dieser treffliche Darsteller sonst verfügt.
1258 3153 1541 3239 Hans Frandf.
462 3354 1167 3449 Tägliehe Rundschau, Beris
724 3567 1059 3667 15 10 1911
331 3754 1465 3823 * Hamburg, 14. Oktober. (Eigener Drahtbericht.) Bei der
260 3795 1467 3873 heutigen Erstaufführung von Schnitzlers „Das weite
268 3862 1468 3911 Land“ im Schauspielhaus interessierte das Werk durch die vor¬
254 3909 1456 3966 zügliche Darstellung und die feinsinnige Regie. Das Ergebnis
257 3949 1190 4023 war ein Achtungserfolg. (Vergl. unter Kunstleben.)
1771 827 2758 951 Zeitung: Hamburger Nachrichten
1761 932 2369 1080 mnt 15.0kt 1911
2965 1047 3256 1136 jammerzuständ
2957 1117 3249 1172 anderes als d
1892 1108 2771 1219 Schnitzler: „Das weite Land“.
2972 1160 3261 1224 verehrte Leser
2958 1203 3264 1259 sie immer ein
1906 1219 2767 1315 Uraufführung im Deutschen Schauspielhause.
2961 1239 3257 1303 hoffentlich nu
2084 1283 2120 1327 14
2960 1287 3260 1356 als der Urtrie
1800 1304 2950 1388 Schnitzlers fünfaktige Tragikomödie behandelt ein Motiv
3037 1335 3257 1390 Ein „fait
1724 1368 2940 1434 aus dem Gesellschaftsleben. Das Wort „Gesellschaft“ klingt
2959 1362 3238 1435 Nerven als
1716 1413 2938 1466 sehr gewichtig. Franz Blei machte dazu gelegentlich die
2959 1421 3259 1480 zugrunde: Der
1726 1464 2936 1517 witzige Randbemerkung: „Es ist unsere Ideologie, daß wir
2957 1464 3259 1525 kant Hofreiter
1720 1509 2936 1563 noch immer eine Gesellschaft denken, wo es nichts als sehr
2954 1504 3260 1565 Frau, ist aber
1719 1550 2925 1602 viele Leute gibt.“ Sie ist jedoch mehr als witzig, sie ist
2960 1553 3264 1609 nicht abgeneigt
1721 1588 2936 1638 auch richtig. Die mechanische zersetzende Entpersönlichung,
2951 1591 3259 1653 liebt, gerät nun
1715 1624 2946 1682 die Enteignung des Einzelwillens in der Gegenwart hat alle
2955 1639 3257 1698 Russe erschossen
1715 1683 2932 1730 Rangunterschiede der früheren Zeit in brutale Geldunter¬
2945 1681 3256 1743 tion der Zunei
1716 1721 2939 1784 schiede verwandelt. Der Mensch ist heute nur soviel wert,
2944 1721 3257 1788 Welt nicht auf
1719 1766 2938 1825 als er zahlen kann; unsere Plutokratie ist ein schlechter
2941 1762 3243 1827 wohl sie ihm
1709 1800 2943 1858 Bastard von Aristokratie und Demokratie. Armer Dichter,
2950 1808 3269 1867 Um seine Unrch
1714 1857 2941 1911 wie willst du einer so disparat gemischten Gesellschaft gerecht
2944 1855 3263 1913 mit einer jun
1711 1893 2939 1938 werden? Die Tragödie ist ihr zu angreifend, die Komödie
2941 1895 3262 1957 sie ihm nur di
1710 1940 2927 1990 unter Umständen zu verletzend. Sie macht doch immer noch
2942 1939 3259 2002 einer unerfahr
1720 1982 2941 2031 Ansprüche darauf, ernst genommen zu werden, denn in der
2945 1986 3263 2048 erstenmal seine
1720 2023 2939 2091 Regel ist sie völlig humorlos. Und das um so mehr, als sie
2944 2029 3254 2086 sich selber, daß
1716 2067 2856 2123 über sich keine Mächte — mit Ausschluß der „Obrigkeit“
2941 2073 3118 2129 brennt
1714 2094 2945 2171 anerkennt. Der Himmel ist entgöttert, die letzten Mythen hat
2950 2110 3262 2170 Land“. Doch
1718 2153 2935 2215 Richard Wagner wie in einem Ramschbazar aufgekauft. Aber
2933 2156 3243 2215 den Verdacht,
1716 2202 2923 2257 da ist noch die Zeitung mit ihren Rubriken: „Verschiedenes“
2947 2203 3259 2259 zu unterhalten.
1709 2237 2926 2300 „Aus der Gesellschaft" und „Polizeibericht". Diese Dinge
2953 2244 3261 2300 Eitelkeit (denn
1717 2286 2928 2338 sind außerdem ja viel „interessanter". Und diese Rubriken
2941 2281 3263 2350 trotz ihrer Wei
1715 2333 2926 2377 gaben Schnitzler denn auch die Anregung, in sein „Sehr viele
2946 2332 3252 2389 den jungen Da
1708 2376 2935 2429 Leute"=Milien Leben und Bewegung, Tragik plus Komik
2952 2375 3262 2435 Der Zynismus
1708 2423 2924 2474 plus Tragik zu bringen. Die Bastardform der heutigen Ge¬
2942 2418 3256 2477 selber und den
1713 2451 2930 2518 sellschaft erlaubt auch nur eine Bastardform der Dramatik.
2952 2457 3241 2518 Grauenhaftes.
1712 2504 2927 2564 Alle Kunstbegrenzungen sind heute verwischt. Noch Lessing
2937 2503 3256 2564 Leben der Gege
1700 2553 2942 2604 verwarf zwar die Mischspiele und machte den Begriff der
2941 2546 3260 2606 komödie an die
1701 2575 2928 2645 Tragikomödie mit der Bezeichnung Hilarotragödie lächerlich,
2943 2588 3253 2650 cholisch dazu u
1704 2637 2923 2687 da es nur zwei dramatische Stile gäbe, den tragischen und den
2940 2631 3249 2694 konventionelle
2947 2675 3261 2732 ist. Aber was
1701 2676 2934 2732 komischen. Aber heute, wo Mischung und Zermischung Trumpf
1699 2723 2930 2760 geworden sind, haben sich mit mancherlei anderen Auffassungen
2948 2715 3260 2771 wie schwerfällig
1708 2765 2929 2835 auch die Stilbegriffe zu Tode „differenziert“, um dies beliebte
2944 2762 3265 2833 ist sie! Wirklic
1708 2807 2249 2864 Modewort zu gebrauchen.
3030 2807 3251 2869 Solchen D
1788 2845 2932 2907 Schnitzler fühlt sich jedoch — bei aller Ehrlichkeit, die
2937 2843 3255 2907 die Nerven zu
1709 2897 2890 2954 ihn denn auch die Bezeichnung Tragikomödie wählen ließ —
2935 2894 3251 2954 Hilfe kommen.
1709 2930 2923 2995 ganz und nicht ohne Unbehagen als Kind seiner Zeit und
2929 2938 3212 2994 wirken nur
1705 2978 2914 3037 Dichter ihrer Bühne. Was ihr an Größe abgeht, wird durch
2942 2975 3253 3040 merkenswert ist
2933 3024 3201 3082 Dramatik —
1694 3026 2930 3066 psychologische Feinheit ersetzt; an die Stelle der Idee tritt
1707 3069 2926 3113 das Problem, meistens das Eheproblem; die Liebe schwindet,
2944 3067 3259 3127 vollkommener T
1702 3113 2916 3161 aber es bleibt die Erotik; die Ehe wird nicht mehr ernst ge¬
2941 3111 3262 3169 als einer besche
1702 3151 2923 3193 nommen, wohl aber der Ehebruch, die Ehescheidung, der heim¬
2930 3157 3251 3212 tionalismus des
2937 3199 3241 3257 das Drama an
1707 3195 2914 3251 liche und öffentliche Skandal. Auch in dieser Tragikomödie
1707 3243 3264 3330 fungiert Schnitzler als Spezialarzt für erotische Katzen= lust stetig gewa
