3296 4320
214 1516 280 1595 4
1291 98 1750 189 box 29/1
606 109 743 174 WO
914 105 1090 174 Lan
189 116 1158 206 24. Das #., I  un ar
1744 1176 2953 1232 Schluß fehlte. Auch die Aigners lieben sich sehr. Trotzdem
2954 1188 3267 1243 währten Darstel
1742 1225 2954 1280 nippte der Doktor v. Aigner an jedem Blümlein, das ihm Liebes¬
2951 1214 3267 1278 eine lebensvolle
719 1174 1569 1292 Theater und Musik.
1745 1246 2964 1315 lust bot. Frau Anna freilich verstand nicht zu resignieren. Sie
2955 1259 3261 1320 Frl. Elsinge
1746 1288 2965 1351 schied sich vom Gatten, schaffte sich ihren Beruf und erzog ihren
2953 1297 3272 1361 ans Problemha
853 1291 1439 1366 Deutsches Schauspielhaus.
1748 1338 2964 1397 Buben. Freilich um den Buben, just als sie am stolzesten auf ihn
2964 1342 3267 1402 und doch feinen
590 1343 1751 1412 Die Seele ist ein weites Land. Wer weiß was in ihr wohnt?
1752 1364 2968 1440 war und sein konnte, den Fährnissen der Erotik, die in den
2965 1383 3276 1438 Figur des Stück
512 1379 1752 1455 Wer kennt die Möglichkeiten ihrer Erscheinungen? Friedrich
1753 1404 2959 1465 weiten Herzen dieser Gesellschaftstypen neben dem Tennis die
2963 1412 3275 1475 Ellmenreich
521 1440 1747 1490 Hofreiter liebt seine mollige und verständige Frau Genia. Und
351 1384 434 1497 *
1748 1452 2960 1503 Hauptrolle spielt, erliegen zu sehen. Er ist der unglückliche
2955 1454 3267 1517 die schwache Po
530 1475 1749 1529 sie liebt ihn. Doch so groß die Liebe ist, sie konzentriert sich
1755 1492 2964 1540 Glückliche, der Frau Genias Leib und Liebe gewann und vom in
2961 1488 3243 1557 Stückes gar ni
528 1512 1747 1569 nicht zur Treue. Friedrich Hofreiter liebt in der Runde wie der
2959 1532 3269 1587 von Aigner, der
521 1551 1750 1609 Schmetterling aus dem Kelch der Blüten nippt, deren leuchtende
1752 1576 2968 1624 Demivierge wieder der Gattin zutaumelte, niedergeknallt wird.
2958 1579 3271 1634 Frau, symphatisc
516 1582 1745 1649 Farben ihn locken. Seine Frau findet sich damit ab. Die Zu¬
1749 1603 2968 1668 Wie in einem Spiegel läßt Schnitzler das Schicksal der Hofreiters
2964 1612 3252 1670 Gebhardt
520 1636 1743 1688 neigung des Weibchens wird mählich zu mütterlicher Sorge.
1753 1655 2965 1701 auftreten im Schicksal der Aigners. Auch Frau Genia scheidet sich
2967 1654 3269 1718 symphatische Iu
517 1669 1750 1715 Und Frau Genia bangt nur immer, ob ihres Mannes Liebes¬
1748 1693 2967 1734 nun von ihrem Manne, der ihr jetzt Grauen einflößt. Und auch
2963 1702 3278 1757 Frau Otto=K
517 1705 1746 1770 affären gut für ihn ausgehen. Bisweilen spielt sie mit dem
1750 1731 2962 1779 die Hofreiters haben einen Buben. Jetzt ist er 13 Jahre alt
2960 1717 3266 1792 der mondainen
519 1752 1745 1800 Gedanken, sich zu revanchieren. Ehe sie sich über die Seiten¬
1752 1769 2968 1815 und faßt die Summe seiner Empfindungen, als er nach längerer
2960 1762 3279 1835 verdorbene Toch
520 1786 1753 1852 sprünge Friedrichs beruhigte, dachte sie gar daran, freiwillig aus
1753 1802 2965 1854 Abwesenheit ins Elternhaus heimkehrt, in die beiden Worte zu¬
2959 1819 3281 1883 vortrefflichst Ge
527 1824 1749 1890 dem Leben zu scheiden. Aber sie hat einen Buben, den sie lieb hat.
1746 1850 2969 1908 sammen: „Mutter, Vater!“ Aber es wird schon die Zeit kommen,
2965 1852 3280 1910 Toni Heydon
525 1864 1748 1925 Auch die Flucht aus der ehelichen Gemeinschaft hat sie aufgegeben,
1752 1887 2964 1936 wo seine Empfindungen und Stimmungen in dem weiten Land
2963 1890 3279 1959 Emil Stett
526 1894 1755 1966 eben weil sie von ganzem Herzen noch an ihrem Manne hängt.
1754 1929 2960 1980 seiner Seele gerade ebenso irregehen, wie die seiner Eltern,
2960 1931 3222 1991 Wagner,
522 1950 1752 2007 Und das hinderte sie auch an der Ausführung des Revanche¬
1746 1959 2968 2025 denn er entstammt ihrem Milieu und wird wahrscheinlich in ihm
2960 1976 3269 2031 ausgezeichnet wi
524 1994 1743 2036 gedankens. Ein junger Musiker hat sie erfolglos umworben, und
1752 1995 2642 2053 leben und sich in ihm und nach ihm entwickeln.
2948 2015 3277 2070 verdient Brah
528 2030 1747 2088 seine Leidenschaft war doch so groß, daß er sich erschoß, als er die
1819 2039 2956 2104 Fabel und Personen der Tragikomödie „Das weite
2962 2056 3274 2114 Ueberhaupt stand
525 2071 1755 2123 Hoffnungslosigkeit seiner Liebe erkannte. Die Seele dieser Frau
1744 2068 2957 2146 Land“ sind interessant, aber beide machen doch nicht recht warm.
2954 2085 3249 2147 auf besonderer
522 2106 1738 2162 ist wie das weite Land. Wer kennt sich in ihr aus. Nicht einmal
1753 2127 2962 2172 Bei dem vielen Dichterischen des Stückes, das vor allem im
2952 2129 3271 2187 nach und stärkte
525 2141 1744 2207 sie selbst. Denn schließlich erliegt sie doch dem Aerger über die
1742 2165 2968 2223 Nebenwerk steckt, fehlt es den Hauptpersonen und ihrem Schicksal
2952 2173 3275 2233 man am Schluß
521 2189 1740 2247 Nutzlosigkeit ihrer Treue. Und ein netter junger Fänt gewinnt in
1750 2197 2966 2253 an der Weihe durch den Dichter, die uns Menschenschicksale mit
2945 2216 3268 2280 mann immer
525 2234 1738 2299 nächtlichen heißen Stunden ihre Liebe und ihren Leib. Ein
1747 2245 2960 2296 innerster Anteilnahme wieder miterleben läßt. Dabei ist alles
514 2268 915 2322 komplizierter Fall.
1739 2284 2968 2328 gut motiviert. Nie hat man das Gefühl: Ja, weshalb geschieht
598 2292 1749 2357 Komplizierter aber noch ist die Erotik des Herrn Friedrich
1741 2329 2957 2384 das? oder, weshalb geschieht es gerade so? Das stimmt alles.
520 2336 1739 2398 Hofreiter. Er liebt, wie gesagt, seine Frau. Doch allen schwülen
3151 2347 3261 2424 Golt
1735 2357 2964 2418 Die Rechnung klappt. Aber es ist nur eine Rechnung, die in
515 2381 1738 2437 Weibchennaturen erliegt er auf Anhieb. Angefressene Bankiers¬
1744 2391 2963 2461 verschlungenen Ansätzen sich entwickelt bis zur richtigen Lösung.
3024 2397 3244 2469 Das Stadtt
521 2421 1734 2480 gattinnen genießt er und frühreife Mädel, und hat doch eine so
1736 2430 2952 2508 Nur fehlt das Hinreißende, das Aufwühlende, das Ergreifende
2951 2440 3049 2504 nach
3118 2459 3277 2509 en Jahre
520 2468 1742 2516 tiefe Leidenschaft im Herzen zu seiner Frau, daß er ihren Lieb¬
1742 2476 2958 2528 des Kunstwerks dabei. Freilich war es wohl kaum möglich, aus
3161 2486 3279 2544 ld nach
2947 2493 3029 2542 schri
521 2507 1730 2557 haber — nicht aus angeblich gekränktem Ehrgefühl oder einer
1744 2505 2953 2567 diesem zwischen Tennis und Flirt, zwischen Geldmachen und
3158 2529 3272 2589 stoffe
521 2544 1736 2607 ähnlich wertvollen Salonverpflichtung — aus tief empfundener
1745 2556 2957 2608 erotischem Tosen taumelnden Milieu solch ein Kunstwerk er¬
2948 2575 3009 2619 Bc
3154 2574 3264 2626 ie Lag
518 2571 1014 2641 Eifersucht niederschießt.
1744 2596 2094 2661 stehen zu lassen.
3142 2613 3256 2666 Schreibe
597 2616 1745 2685 Ein sonderbares Paar. Und doch wird es erklärt aus dem
1813 2634 2960 2696 Herr Dr. Hagemann hatte bei der Inszenierung der
2942 2653 3009 2701 za
3135 2651 3249 2698 einet
513 2656 1749 2730 vom Dichter mit all der Arthur Schnitzler eignenden
1739 2672 2958 2736 fünf Akte meines Erachtens eine sehr glückliche Hand in der
2969 2615 3049 2740 M
3112 2684 3253 2744 Titelblat
525 2709 1734 2762 Grazie und der Feinheit seiner Beobachtung und Detailgestaltung
1738 2714 2954 2776 Widerspiegelung des Hautgout dieser Gesellschaft mit dem
2951 2735 3263 2785 gewesen. Denn v
525 2742 1741 2813 gezeichneten Milien. Es ist das immer geschäftige, schlaffe, stark
1748 2753 2950 2817 speziellen Wiener Einschlag durch die Bühnenbilder. Sie
2963 2762 3282 2827 ill den Eigenschaft
517 2790 1736 2842 parfümierte Wienertum in der modernen Gesellschaft, die sich
1743 2800 2952 2859 atmeten ganz und gar den Geist des Milieus des Stückes. Ueppig
2947 2809 3283 2871 st nichts, aber au
517 2831 1736 2882 nicht langweilt. Und in diesem Milien sind Friedrich und Genia
1739 2845 2962 2894 parfümierter Prunk mit den nötigen Spritzern Benzin. Und
2946 2848 3272 2912 benn man sieht,
520 2869 1746 2921 Hofreiter keine Einzelmenschen, sondern Typen, wie man ihnen
1736 2879 2962 2938 die Darsteller fügten sich allesamt famos in diesen Kreis.
2943 2883 3272 2945 Der Stoff, den d
519 2909 1738 2965 vielfach begegnet. Schon in der Tragikomödie „Das weite
1744 2912 2953 2971 Glänzend in seiner flatternden Lebemännlichkeit und erotischen
2949 2926 3271 2980 und Liebe gestaltet
526 2933 1742 2999 Land“ selbst finden wir Pendants. Alles, das Genia und
1734 2957 2950 3020 Begehrlichkeit war der Hofreiter Nhils. Auch dem gemüts¬
2937 2966 3272 3017 merkbare Unwahrsc
516 2975 1742 3032 Friedrich Hofreiter in ihrer Ehe erleben, erlebten vorher schon
1727 2995 2946 3056 losen, grausamen Zug, der dem Manne anhaftet, und der am
2947 3010 3273 3061 enem elenden Oper
508 3038 3282 3112 der Herr von Aigner und Frau Anna. Nur der katastrophale! Ende doch Frau Genia sich von ihm scheiden läßt, wurde des be¬ heit, wie sie das 2
550 3147 2492 3338 N. 2½. Naurt, Zeh—
2442 3232 3030 3341 7
3182 3437 3267 3518 AE
