3344 4320
1364 140 1831 225 box 28/4
249 138 1233 238 24. Das weite Land
134 1181 537 1259 r Düsseldorf
662 1463 716 1527 1
298 1510 3161 1611 Die Grenzen seine: Persönlichkeit läßt der Dichter gestellten Gattin Lykons und Pflegevater von Lykons Bettler von Syrakus“ ist keine Arbeit, die Spot oder
256 1563 2182 1645 freilich auch hier, gerade hier erkennen, indem er seinen adelig geratenen zwei Kindern. Nichtsdestoweniger hat
126 1565 265 1650 kann
271 1590 1230 1661 Feldherrn viel vom Sieg im mehr oder minder äußeren
2176 1601 3155 1656 scharfe Zurückweisung herausfordert. Im Gegenkeil, sie
1224 1615 1766 1680 Arratos — töricht=raffiniert!
1809 1628 2185 1688 jede Nennung von
268 1622 1216 1699 Sinn reden, jedoch wenig von innerer Fülle offenbaren
2174 1638 3161 1690 darf Respekt fordern. Sudermann hat nochnie höher
1224 1656 2173 1731 Lykons Namen strengstens verboten! Da, gerade am
132 1652 256 1734 raht¬
264 1665 1215 1739 läßt. Ja, das Werk ist geradezu aufgebaut auf heißer
2177 1683 3154 1745 gestanden, als hier. Und dennoch kann leider kein echter
1224 1696 2182 1763 zehnten Jahrestag jenes angeblich von Arratos errun¬
125 1696 226 1763 Kn.
251 1703 1213 1774 Sehnsucht nach weltlichem Erfolg, auf heftiger Angst vor
2178 1706 3161 1773 Sieg gemeldet werden. Aus dem einfachen Grund, weil
1220 1738 2178 1802 genen Siegs, der gleichbedeutend ist mit des Arratos
138 1750 262 1799 nt an
255 1742 1221 1812 dem Vergessenwerden, Sudermann erfindet im ersten
2172 1755 3155 1818 die Seelen seiner Theatergestalten nicht in dem Maße
1220 1764 1575 1824 Regierungs=Antritt -
1578 1781 2176 1838 gerade da taucht in Syrakus ein
133 1782 255 1838 mann¬
255 1781 1214 1845 der sechs Akte, im „Vorspiel“ eine allegorische Flügel¬
2174 1795 3150 1866 interessieren, daß unsere Gleichgültigkeit gegen eine ferne
1220 1795 2168 1880 elender, geschundener, blinder Bettler auf, der da be¬
132 1823 263 1880 ende“
265 1819 1210 1892 gestalt, die mit der Keule auf schlafende Krieger hinweist
2168 1828 3148 1893 Fabelwelt überwunden und der kolossale Aufwand an Er¬
1216 1848 2182 1917 hauptet, Kunde zu bringen von Lykons letzten Schick¬
261 1848 1227 1940 und sich als einen bösartigen Bruder des Todes bekennt:
2166 1874 3143 1956 findung und szenischem Betrieb innerlich gerechtfertigt
1209 1888 2175 1968 salen. Der Bettler ist Lykon oder vielmehr sein schlechter¬
2172 1908 2410 1971 wurde..
240 1894 1219 1968 als den radikalsten Auslöscher menschlichen Lebens, als
1208 1924 1948 1992 dings nicht wiederzuerkennender Schatten.
138 1924 248 1994 dra¬
252 1940 1225 2015 den Bringer des Vergessenwerdens. Und der dramatisch¬
2214 1939 3141 2020 Kurz zuvor hatten wir hier, gleichzeitig mit soundso¬
1248 1952 2171 2028 Der blinde Bettler bringt nun mit ätzender Rede
127 1970 262 2036 terge¬
251 1979 1214 2049 theatralische Kampf der folgenden fünf Akte empfängt seine
2680 1986 2734 2039 7
2173 1981 3135 2060 viel anderen Städten, die Uraufführung von Schnitz¬
1218 1996 2173 2071 Leben ins politische Leben von Syrakus. Er gewinnt
135 2009 256 2078 echen¬
256 2019 1215 2094 Nahrung aus der Rache des Helden an dem, der ihn in
2616 2036 2694 2075 W7d
2172 2037 3141 2099 lers romanhafter Tragikomödie „Das weite Land“.
1217 2038 2173 2110 die Bettler, die eigenen Kinder (ohne daß sie den Vater
244 2049 609 2108 Vergessenheit stieß.
137 2060 212 2108 in,
2816 2076 2875 2111 24
2171 2076 3148 2138 Das Ergebnis war ebenfalls nur ein Achtungserfolg für
1203 2060 2171 2151 erkennen), die Bürger, die Söldner. Er verhindert den
132 2098 267 2151 oweit
300 2086 1202 2158 Welch bedenkliche überschätzung des armen fragwür¬
2166 2113 3145 2179 den wohleingeführten Autor. Da drängt sich denn die
1212 2103 2163 2188 drohenden überfall von Seiten der karthagischen Flotte.
145 2139 251 2192 dazu
248 2126 1207 2203 digen Dings, das man Nachrühm nennt! Das Untiefe
2171 2149 3141 2215 Beobachtung auf, daß nicht nur in der Wirkung der
1205 2138 2161 2224 Dabei wird er schwer verwundet, behält aber doch das
134 2172 248 2226 über¬
247 2155 1210 2235 dieses Grundgedankens muß auf das ganze Werk ver¬
2164 2188 3137 2257 beiden so verschiedene Stücke, sondern auch im Wollen
1210 2181 2162 2264 letzte Wort; der falsche Freund Arratos vergiftet sich,
134 2208 251 2268 rängt
252 2211 1200 2285 flachend wirken und etliche schiefe Konstruktion zur Folge
2162 2213 3145 2295 und Schaffen der beiden sehr unterschiedlichen Verfasser
1207 2240 2160 2303 und des Lykon Sohn wird die Herrschaft antreten. Sein
244 2244 1206 2319 haben. Doch soll dem Dichter nicht vergessen werden, daß
2165 2263 3138 2329 etwas Verwandtes zu finden sei. In Schnitzlers „Tra¬
1208 2269 2164 2341 anderes Kind aber, die kaum erblühte Jungfrau, ahnt
248 2269 1208 2354 er den Gedanken in seinem Helden entschlossen durch¬
2168 2305 3148 2374 giekomödie“ gibt es zwischen uferlosem psychologisieren¬
1206 2310 2168 2379 unmittelbar nach des Bettlers Tod: „Das kann nur Einer
120 2259 243 2382 15
242 2325 1204 2396 führt: sein Feldherr rächt sich für den Sturz ins große
2158 2341 3135 2406 dem Geplauder ein paar bewährte Theater=Effekte und
1202 2333 1544 2411 gewesen sein ...“
141 2372 244 2421 falle
245 2368 1207 2441 Dunkel, allein er selber tritt auch wirklich nicht mehr aus
2160 2389 3140 2445 einen Anlauf zu einem Hochtouristenschwank. Hätte der
1242 2394 2151 2457 Man sieht, Sudermann hat sichs nicht geringe Mühe
246 2399 731 2469 dem Vergessensein hervor.
2159 2418 3131 2482 Dichter sich an dieser Dramatik durchweg genügen lassen,
1197 2422 2166 2491 kosten lassen, eine Tragödie großen Stils zu ersinnen.
131 2414 253 2508 reiche
281 2439 1201 2519 Die Vorgeschichte ist etwas unklar. Soviel steht jeden¬
2153 2448 3133 2532 so wäre etwas Rundes, Lebensfähig=Bühnenfähiges ent¬
1195 2470 2158 2531 (Die gelegentliche Ahnlichkeit mit dem Motiv des heim¬
147 2478 247 2546 ver¬
243 2482 1202 2566 falls fest: der Held, Lykon, Feldherr der Syrakusaner,
2155 2492 3138 2575 standen. So aber hat sein literarischer Ehrgeiz, zu dem
1197 2503 2156 2574 kehrenden Odysseus kann ihm nicht zum Vorwurf gemacht
221 2520 1196 2600 hat einen falschen Freund mit Namen Arratos, der im
2146 2537 3125 2609 er nur als Novellist und Einakter=Dramatiker voll be¬
1191 2531 2161 2613 werden.) Er hat fast das gesamte Solistentum des König¬
123 2543 236 2614 eines¬
243 2559 1191 2642 verräterischen Bündnis mit dem Karthagerfeldhauptmann
2157 2575 3137 2648 rechtigt ist, ihn verlockt, das Ziel allzu hoch zu stecken.
1193 2564 2159 2663 lichen Schauspielhauses auf die Bühne gerufen, hat alle
121 2601 231 2651 des
231 2601 1198 2675 ihn bei einer Schlacht in der Quellenschlucht beseitigen
2151 2619 3134 2679 Ganz wie der handfeste dramatisierende Sudermann,
1192 2618 2161 2692 Mittel des Theaters zu Hilfe genommen: ergreifende
124 2637 230 2694 Beiten
234 2654 1189 2717 will, um selbst die Herrschaft über Syrakus zu ergreifen.
2151 2651 3139 2713 wenn er eine tiefsinnhafte Tragödie hohen Stiles unter¬
1189 2659 2158 2728 Zwiesprachen und wildbewegte Massenszenen, Symposion
116 2666 234 2732 Ader
231 2689 1196 2750 Der Plan gelingt nicht völlig. Durch des Lykon Helden¬
2153 2679 3136 2753 nimmt statt all die schöne Kraft auf ein gesundes Gesell¬
1187 2684 2156 2773 mit Hetärengelächter und Revolution mit frischem Blut¬
133 2720 238 2779 schie¬
238 2724 1187 2792 mut wird ein Sieg erfochten, wobei Lykon nicht getötet,
2147 2729 3135 2812 schaftsstück aus unserer gegenwärtigen Wirklichkeit zu
1192 2734 2155 2804 geruch. Und die Hauptrolle gibt Gelegenheit zu einer
135 2766 234 2812 t zu¬
2150 2766 2364 2824 verwenden.
229 2766 1184 2832 sondern bloß verwundet, von den Karthagern geblendet
1192 2760 2161 2847 großen schauspielerischen Leistung. Daß die Handlung
126 2800 237 2848 lg zu
236 2798 1187 2869 und eingekerkert wird. Dies ereignet sich zwischen dem
2195 2804 3123 2875 Schnitzler und Sudermann und noch ein paar Ver¬
1185 2811 2154 2880 noch durch die Verquickung mit völlig entbehrlichen
131 2835 226 2885 Paar
229 2841 1184 2907 Vorspiel und der eigentlichen Tragödie, die zehn Jahre
2149 2837 3118 2914 wandte verfallen wieder und wieder, in einem an sich un¬
1192 2850 2147 2919 karthagischen Geschichten verbreitert und verwirrt wurde,
129 2871 238 2930 vorte
227 2876 1189 2948 nach der verhängnisvollen Schlacht einsetzt. Allzu kunstvoll
2147 2886 3130 2942 zweifelhaft löblichen Streben nach dem Höchsten, dem
1179 2887 2145 2972 läßt sich wohl nur aus der Absicht erklären, daß das Bild
226 2914 1185 2982 in Brocken und Bröckchen verteilt, werden die entscheiden¬
2144 2930 3128 2984 Irrtum, daß sie die Vollendung außerhalb ihres natür¬
1185 2922 1971 3000 äußerst bunt und figurenreich werden sollte.
117 2920 223 3005 ar
229 2939 1195 3035 den Vorgänge von damals nun während der ersten Tra¬
2128 2960 3125 3026 lichen Bereichs suchen. Sie verkennen, daß auch Resig¬
1228 2974 2137 3046 Schaut aus solcherlei Zügen, wie auch namentlich aus
121 2994 219 3040 hier
231 2979 671 3051 gödienalte nachberichtet.
2151 2999 3139 3059 nation vornehm sein kann und daß der einzelne sein?
1171 3006 2136 3086 der unausgegorenen Fabulierung der Heldengattin und
131 3026 237 3087 Bzog,
263 3018 1187 3092 Der falsche „leishinwandelnde“ Arratos, ein wachs¬
2145 3030 3135 3113 Allerbestes nur dann zu schaffen vermag, wenn er seine
1182 3055 2141 3120 des verräterischen Leisetreters der Theatraliker deutlich
223 3070 1178 3137 weicher Tyrann und durchsichtiger Intrigant, ist nun seit
2146 3076 3122 3156 ureigensten Kräfte kennen und begrenzen lernt und
1180 3093 2130 3154 hervor, so fehlt es doch auf der anderen Seite diesmal
127 3100 219 3171 bliche
2142 3116 3016 3188 innerhalb dieser Grenzen nach Vollendung trachtet.
222 3112 1188 3175 zehn Jahren Herr von Syrakus und überraschender¬
1179 3127 2145 3197 nicht an ernstlichen Versuchen, gediegene Charakteristik
218 3158 2163 3236 weise auch Gemahl der im Vorspiel überaus ideal dar= zu geben und grobe Kulisseneffekte zu meiden. „Der
2883 3146 3093 3237 (Ro#
