3436 4320
1433 126 1782 207 box 29
306 131 1256 220 24. Das weite-Land
733 1126 1096 1195 Ausscimitl aur
833 1190 1032 1289 ANE
470 1065 720 1290 9e
1158 1187 1441 1296 ##u
788 1290 997 1387 #0
987 1361 1237 1451 10 00
464 1428 1652 1521 (ch Ein Mißerfolg Schnitzlers. Leipzig, 15. Okt. Zu den 14
412 1454 1647 1539 Bühnen, an denen Schnitzkers Tragikomödie „Das¬
414 1531 1635 1604 lweite Land“ am Sonnabend ihre Uraufführung erlebte, ge¬
412 1559 1629 1620 hörte auch das Leipziger Stadttheater. Solche gleich¬
412 1618 1629 1669 zeitigen Iraufführungen an mehreren Bühnen sind modern und
419 1653 1628 1717 vielleicht auch praktisch wie das Lotteriespiel bei verschiedenen
422 1684 1630 1759 Kollekteuren; wird hier eine Niete gezogen, dann gewinnt viel¬
411 1714 1636 1807 leicht dort ein änderes Los. In Leipzig jedenfalls hat Schnitz¬
420 1767 1635 1834 ler keinen großen Treffer gemacht. Die Aufnahme seines neuen
409 1813 1632 1877 Werkes war merklich kühl und der an den Aktschlüssen und
419 1858 1625 1896 am Ende gespendete spärliche Beifall galt im wesentlichen den
414 1892 1624 1957 heimischen Darstellern und der trefflichen Regie. Das „weite
417 1930 1630 1987 Land“ — so wird denen erklärt, die den Sinn des neuen Stückes
402 1962 1628 2050 nicht sofort aus der komplizierten Handlung zu erkennen ver¬
412 2016 1626 2087 mögen — soll sein, die Seele des Menschen, insbesondere
412 2045 1622 2108 die Mannesseele. Statt aber ein „weites Land“ zu zeigen, wo
420 2097 1628 2162 neben zerklüfteten Felsen, die „bisher niemand erstiegen“, auch
409 2144 1624 2196 friedliche Täler liegen, wo neben Disteln und Unkraut auch
405 2181 1618 2226 freundliche Blumen blühen, zeigt Schnitzler in der „weiten Seele“
400 2225 1625 2297 seines Helden, des Fabrikanten Friedrich Hofleiter dem Beschauer
394 2267 1620 2336 [nur ödes Brachland. Der Charakter dieses Mannes, der
397 2333 1603 2373 seine kluge, schöne Frau vor deren Augen betrügt, der selbst er¬
385 2370 1614 2428 klärt, ein unsagbares Gefühl der Erleichterung zu empfinden,
395 2407 1619 2451 wenn auch die Gattin sich „revanchieren“ würde, weil er dann
398 2453 1609 2503 selbst nicht mehr so schuldhaft vor ihr daßehe, muß nolgedrun¬
396 2485 1614 2541 gen auf den Beschauer höchst unsympathisch und befremdend wir¬
387 2514 1615 2583 ken. Die einzige Erklärung seines Charakters gibt Hofleiter
387 2551 1616 2619 selbst?: er „müsse“ so handeln. Er „muß“ auch den jungen
387 2603 1606 2661 Marinefähnrich töten, mit dem ihm seine Frau betrogen hat,
383 2639 1610 2702 während er selbst in den fernen Dolomiten, wo „reine Höhen¬
395 2685 1615 2755 luft“ weht, eine neue Liebschaft anknüpft. Das Stück selbst gibt
395 2729 1615 2791 keinen Aufschluß, warum Hofleiter so handeln muß und wirkt,
395 2768 1622 2814 schon darum bis zum Schlusse langweilig. „Die Seele ist ein,
377 2793 1606 2858 weites Land, so habe einmal ein Dichter gesagt, es könne übri¬
390 2847 1606 2900 gens auch ein Hoteldirektor gewesen sein. „Schade, daß sich
395 2883 1644 2969 Schnitzler mit seinem Stücke gleichfalls in dieser Philosophie..
389 2919 1107 2993 eines Hoteldirektors bekennen will.
2114 578 2589 692 Bresdner Jaurnal
2232 809 2538 910 1610. 1910
2007 956 3120 1022 Literatur. Aus Leipzig schreibt man uns: Das
1903 1016 3107 1084 tiefe Mißtrauen, das sich neuerdings gegen alles geltend
1929 1058 3095 1115 macht, was unter der zweifarbigen „Tragikomödie“=
1944 1082 3113 1181 Flagge die Fahrt durch die Klippen und Untiefen
1940 1146 3096 1192 des Theatermeeres wagt, hat durch die am 14. Ok¬
1906 1184 3107 1257 tober im Neuen Theater erfolgte Uraufführung des
1920 1218 3110 1304 neuesten dramatischen Werkes aus Arthur Schnitz¬
1917 1276 2233 1333 lers sonst
2305 1281 3114 1337 vorzüglich funktionierender drama¬
1937 1315 3095 1371 tischer Werkstatt „Das weite Land“ frische und
1934 1364 3102 1417 vollauf berechtigte Nahrung erhälten. Denn diese auf
1935 1410 3106 1479 fünf lange und zum geößten Teil auch langweilige Akte
1924 1458 3097 1511 verstreute Ehebruchskomödie ist durchaus nicht tragisch,
1926 1505 3104 1565 sondern nur gequält und quälend. Sowohl hinsichtlich
1932 1544 3094 1600 des gedanklichen Gehaltes, wie der dramatischen Form.
1937 1593 3101 1645 Das weite Land“ in das der Dichter seine Gäste mit
1915 1630 3113 1686 einer an ihm sonst ganz ungewohnten Ungeschicklichkeit
1919 1676 3109 1736 einführt, soll das Seelenleben des Fabrikantenehepaares
1915 1731 3110 1793 Hofreiter sein. Er: ein nervöser kluger Kopf, einer von
1925 1767 3114 1816 denen in Amors Reich, denen sich alle Frauen= und Mädchen¬
1915 1801 3111 1878 arme willig öffnen, füllt die Tage und Nächte mit allerhand
1920 1864 3108 1916 Liebesabenteuern aus. Sie: eine willensschwache Frau, weiß
1923 1897 3098 1942 darum, hat aber nicht den Mut, sich dagegen auf¬
1926 1946 3105 1998 zulehnen, zumal da die einstige Liebesglut noch immer!
1916 1983 3102 2046 nicht erloschen ist, sondern revanchiert sich dadurch, daß
1925 2027 3110 2103 sie selbst ihr Schlafzimmer einem blutjungen Bürschchen
1918 2085 3098 2138 öffnet. Lüge und Heuchelei, Betrug und Feigheit,
1921 2111 3108 2181 bilden die Pforten und zugleich die Grenzen des weiten
1927 2170 3102 2206 Landes, das der Dichter zu zeigen trachtet. Eine traurige
1918 2205 3104 2272 Welt. Aber tragisch? Nein! Nicht einmal interessant,
1925 2253 3101 2300 viel eher öde, weil all die mancherlei Wortgefechte, Re¬
1930 2289 3108 2363 flexionen und Bekenntnisse mit einem Ballast von über¬
1922 2341 3100 2418 flüssigen Phrasen, lediglich der Lust an koketter Geist¬
1912 2384 3102 2438 reichelei entsprungen, behängt sind die den ohnehin
1915 2427 3104 2480 zögernden Schritt des Dramas verschleiern und ver¬
1938 2476 3097 2536 schleppen. Lauer Silhonetten, aber keine Menschen, an
1928 2519 3093 2572 deren Tun und Lassen man Anteil nehmen könnte.
1922 2567 3107 2629 Neben dem Ehepaar Hofreiter, bei dessen Gestaltung sich
1927 2608 3103 2659 Schnitzler Ibsenscher Farben bediente, steht ein Kon¬
1918 2660 3114 2721 glomerat von Figuren, das nur durch den Mechanismus
1924 2710 3108 2753 verbotenen und erfüllten, versagten und resignierenden
1915 2722 3096 2803 Liebesgenusses bewegt und miteinander verbunden ist,
1920 2799 3105 2846 Puppen, die, sobald sie ihr Sprüchlein gesagt haben, sich
1927 2839 3120 2903 rasch in wesenloses Nichts auflösen. So auch das ganzes
1915 2870 3108 2932 Stück. — Die Aufführung der Novität unter Hrn. Re¬
1921 2926 3101 2977 gisseurs Huth umsichtiger Leitung war in bezug auf
1923 2965 3098 3039 Inszene und Zusammenspiel glänzend. Wollte man die
1921 3008 3091 3069 Einzelleistungen sezieren, so wäre wohl mancherlei aus¬
1927 3039 3104 3127 zusetzen, doch seien Hr. Walter und Frl. Nolewska
1919 3092 3112 3156 als Friedrich und Genia Hofreiter, Frl. Schippang
1915 3147 3114 3203 als durch das Leid geklärte Schauspielerin und Hr. Wendts
1926 3187 3104 3234 als Doktor Mauer — die einzige sympathische Gestalt in
1915 3225 3111 3292 dieser ganzen hysterischen Gesellschaft — mit besonderem
1928 3273 2228 3331 Lobe bedacht.
1995 3317 3089 3370 Das Werk wurde bekanntlich zu gleicher Zeit noch
1909 3374 3096 3418 tan 13 anderen Bühnen aufgeführt. Fast überall fand
1920 3408 3106 3463 es, im Gegensatz zu der Leipziger Vorstellung, lebhaften
1925 3448 3106 3497 Beifall, so im Berliner Lessingtheater, im Hamburger
1916 3491 3098 3556 Deutschen Schauspielhause, in der Schaubnig zu Han¬
1920 3542 3096 3590 nover, im Wiener Burgtheater, wo der Dichter nach
1903 3584 3115 3646 dem vierten Akt mehrfach gerufen wurde, und in Prag.]
