3392 4352
248 113 1227 246 24. Das weiteLand
1352 124 1826 232 box 29/2
413 913 2397 1029 Nordhausen, Rechte; A. Radomacher=Wolfenbüttek, abend hier vorgenommenen Wahl der Wahlmänner
410 949 567 1031 Mad.
2457 945 3117 1040 Grunden, antelnüstersten Haner
1424 984 2394 1065 für die nächste Landtagswahl wurden 16 Wahlmän¬
2398 986 3328 1094 Stunden beschränkt würde. Wer namentlich
465 1015 1410 1106 mc. Göttingen, 3. Nov. Der aus Andregsberg
1391 1008 2402 1100 ner der Partei Südekum und 14 der Partei v. Stutter¬
2397 1043 3289 1106 starkem Zudrange des Zuhörerpublikums
1389 1047 1687 1120 heim gewählt.
390 1044 1426 1137 l. H. geflüchtete „Bankier“ und Vertreter der
2393 1085 3355 1152 sauerstoffarme Heißluft im Schwurgerichtssag
2381 1120 3318 1193 so lange eingeatmet hat, für den ist gewiß d
389 1137 3348 1279 Leere des Unbefriedigtseins gähnt. Und wie das lers, der wieder mal bewiesen hat, daß er fürlernen; anfangs etwas schüchtern, wuchs die Ne#
392 1189 3353 1318 Zusammenspiel, so die Einzelleistung. Am leich= Moser und Schönthan eigentlich = zu gut istgierde aber sehr bald zu einem Höllenspektal
387 1223 1404 1296 testen hatten es die Darsteller der amüsanten, lInst¬
384 1254 1398 1332 spielartigen Episodenfiguren, des übergeschnapp¬
1392 1250 3349 1348 Ein Charatter voller Widersprüche und doch auf heran. Da plötzlich stürzt jemand in den Saal in
383 1298 1401 1366 ten Schriftstellers Albertus Rohn (Mesmer)
1386 1288 3282 1389 den Grundton des egozentrischen Genießers, des dem Ruse: „Der Herr Abbe kommt!“
1385 1337 2396 1409 vierzigjährigen Lebejünglings abgestimmt. Aeu¬
388 1328 1399 1410 in der Maske Wolzogens, nur daß ihm dessen
2376 1359 3350 1435 trat sofort Stille ein und wir erhoben uns vo
1399 1370 2391 1450 ßerlich suggestiv durch seine Flottheit wirkend,
385 1358 1392 1447 Embonpoint fehlte, der Tennisfer Paul Kreindl
2380 1393 3346 1472 den Sitzen. Da trat Franz Liszt in den Sag
1401 1407 2390 1490 die bald etwas bezaubernd Liebenswürdiges, bald
379 1413 1393 1487 (Robert Lanius), der dienstbeflissen=überlegene
2386 1438 3345 1517 Doch dies war kein Erscheinen wie gewöhnlich
384 1448 1403 1529 Portier (Heinemann), ein schnanzender Ton¬
1386 1442 2388 1534 etwas Dämonisches hat, und innerlich ach so arm,
2387 1473 3349 1545 einer Probe, das war ein theatralische
1445 1486 1580 1544 leer,
386 1489 1388 1572 rist (Albert Preuß) und die taube, ewig plap¬
1556 1498 2397 1584 so hohl — eine geradezu glänzende
2377 1512 3332 1584 Aufzug, dessen sich jeder tüchtige Regisseur rüh
1383 1523 1736 1603 Menschenstudie.
382 1529 1389 1604 pernde Frau Wahl (Sophie Kannée). Schwie¬
2379 1551 3349 1624 men konnte. Das scharfgeschnittene geistvolle An
381 1565 1392 1653 riger war schon die Aufgabe, die den Damen
2382 1589 3330 1667 litz des Meisters mit den forschenden große
377 1596 1381 1683 Byrans Scarla, Krizek und den Herren
1434 1609 2387 1683 Und der Erfolg des trotz allem auregenden
2372 1631 3343 1706 Augen, umrahmt von langen weißen Haarsträh
384 1649 1380 1723 Paris, Schlaeger, Gaedeke, Munkwitz
1378 1645 2372 1757 Abends? Er sei durch folgende Foyergespräche
2376 1669 3346 1742 nen, mit dem unnachahmlichen Ausdrucke vor
374 1685 1385 1762 und Oppermann zugefallen war. In aufstei¬
1384 1694 2309 1756 am Schlusse der Aufführung gekennzeichnet:
2379 1711 3345 1782 selbstbewußtem Stolze und religiöser Demu
377 1720 1381 1792 gender Klimax die Schwierigkeit der Rollen be¬
1439 1733 2380 1825 Eine langjährige Abonnentin: „Nau, das war
2374 1744 3340 1819 wirkte wahrhaft faszinierend. In eine schwarze
1382 1764 1586 1839 gäönix!“
373 1762 1384 1836 urteilt, käme der Marinefähnrich des Herrn
2370 1787 3274 1861 lange, enganschließende Soutane gekleidet,
375 1793 734 1870 Schneeweiß,
817 1806 1391 1887 ein rechter österreichischer
1436 1809 2355 1906 Ein Schalk: Und dann dauerte es auch so
2362 1823 3347 1899 welcher im Rücken eine lange, schmale, schwarz
1375 1827 1923 1906 lange nicht Gnädigste?“
371 1837 1382 1924 Offizier war, so ein wenig schlampig liebens¬
2377 1862 3347 1941 Falte herniederfiel, schritt er langsam einher, mi
377 1881 589 1937 würdig,
712 1888 1383 1964 bißl kokett, ein guter Sohn
1422 1883 2207 1969 Die Abonnentin: (ennuyiert): „Näd
2370 1899 3354 1977 seiner Rechten hoheitsvoll grüßend. Nach ihm kan
372 1923 1387 2008 und ein feuriger Liebhaber, dann Herr Ku¬
2361 1938 3350 2012 sein Hofstaat als Staffage, den Eindruck noch er
2090 1935 2350 2019 hr. Selß.
371 1953 573 2018 nath,
616 1971 1383 2036 er einzig anständige, graddenkende
2364 1978 3349 2054 höhend. Zwei hohe Kirchenfürsten traten
363 2004 1381 2082 Kerl in der ganzen Gesellschaft, dem Edmund
2362 2018 3344 2096 ein, gefolgt von den Trägern der stolzesten Na¬
367 2044 1378 2125 Kunath auf den Leib geschnitten: herzlich, bieder,
2359 2050 3351 2135 men der Kunst, Wissenschaft und Politik, aber das
1429 2002 2309 2154 Ein Zeitgenosse über Liszis
364 2085 1387 2165 ohne viel zu reden, ein treuer Freund, und als
2360 2097 3349 2171 Wirkungsvollste war ein bunter Schwarm den
370 2122 1377 2201 er um sein Glück betrogen wird, kein sentimen¬
2361 2139 3354 2216 holdesten Weiblichkeit in herrlichen
1572 2116 2172 2225 Absonderlichkeiten.
362 2172 1377 2245 tales Anklagen: nehmt alles nur in allem ein
2362 2175 3162 2246 Roben mit Blumensträußen
2363 2208 2608 2264 Händen.
2584 2208 2643 2251 —
356 2197 1363 2282 Mann, der wie ein Lichtblick wirkte in diesem
2621 2216 3354 2287 Der Zug wollte schier kein Ende
1421 2198 2370 2300 Ein Wiener Künstler, der Geiger Professor
357 2234 1371 2325 Gekribbel dunkler (nicht im kriminalistischen
2355 2248 3344 2330 nehmen, und schien gar nicht die Stimmung mit¬
1355 2239 2366 2319 Bachrich, der noch unter Liszts Direktion im
357 2283 1368 2361 Sinne) Existenzen, und Paula de Bruyn: Ein
2352 2297 3337 2368 zubringen, um sich an dem Rosenwunder der hei¬
1364 2285 2359 2364 Orchester mitgewirkt hat, erzählt in der „Neuen
358 2321 1369 2388 keckes Mädel, bei der sich natürliche Starkgeistig¬
2357 2332 3350 2416 ligen Elisabeth in Andacht zu erbauen. Aber auch
1355 2331 2324 2408 Freien Presse“, einige eigentümliche Züge ir
351 2355 1374 2441 keit mit wienerischer Sinnlichkeit, die begehrende
2355 2367 3344 2449 in der Probe kam nicht die richtige Stimmung.
1353 2375 2364 2466 Liszts Wesen, die eine recht willkommene Ergän¬
352 2398 1372 2486 Krast eines Weibes, das die Süßigkeit der Lust
2344 2402 3343 2486 Der Meister war an diesem Tage nicht sachlich ge¬
1355 2413 2353 2485 zung zu den vielen Verhimmelungs=Kantaten,
351 2448 1358 2536 gekostet hat, mit der feelischen und sinnlichen Un¬
2351 2431 3348 2529 nug; er hatte sehr sein zugesvitzte Bemerkungen,
1349 2456 2352 2545 bilden, welche die Jubiläumszeit hervorgebracht
356 2479 1134 2557 erfahrenheit eines Mädchens paart.
1351 2485 1729 2547 hat. Man höre:
2342 2486 3342 2559 poctische Gleichnisse, witzige Pointen, doch dies
2346 2523 3346 2592 alles war mehr für die Galerie bestimmt und
416 2517 1353 2604 Kommen wir zur obersten Stufe der Leiter,
1413 2525 3069 2636 „Es drang die Kunde nach Wien, daß Franz förderte eigentlich nicht das Werk.
352 2556 1360 2642 auf der das Ehepaar Hofreiter steht. Undankbare
1339 2562 2268 2643 Liszt eine „Legende der heiligen Elisabeth“
3152 2574 3345 2646 rief er
2342 2595 3342 2686 einmal einem Orchestermitglied pathetisch zu:
350 2600 1356 2679 Aufgaben, weil es keine in sich abgeschlossenen
1342 2593 2349 2687 [Budapest zur Aufführung bringen wolle. Eine
2340 2639 3347 2710 „Ach, lieber Herr“ — dabei blickte er zur Saal¬
1351 2646 2351 2728 kleine Schar Wiener Musiker, denen damals noch
348 2639 2341 2763 Cbaraktere sind, weil sie in ihrem Seelenleben so bei Nennung der Namen Liszt, Wagser und Ber¬
2345 2679 3356 2763 decke empor — „Sie müssen uns bei diesen Takten
345 2680 2348 2804 verzwickt, so verbogen, so verrenkt sind, und doch lioz ein bißchen wirbelig in den Köpfen wurde,
2343 2715 3299 2789 hier den blauen Himmel eröffnen
348 2728 1356 2786 wieder dankbar, wenn Kenner und Könner sich
2340 2760 3340 2822 Ihrer Flöte liegt der Schlüssel dazu.“ Und
1339 2765 2358 2845 war sofort entschlossen, dem Werberuf zu folgen,
2340 2798 3343 2880 bald darauf: „Teure Trompete, Ihre Stelle ent¬
346 2762 3343 2859 ihrer bemächtigen, wenn sich kluges Denken mit lund so zogen wir als Freischärler gen Budavest, hält grüne Bäume, bitte, blasen Sie grüne
341 2816 1345 2879 gefühlsmäßigem, instinktivem Erfassen eint, und
1338 2839 2353 2929 um bei diesem musikalischen Ereignis „mittun“ zu
346 2844 1355 2930 das war der Fall, sowohl bei Lotte Horst, die
2334 2873 3349 2951 [Bäume!“ Der Trompeter blickte verlegen ins
1334 2877 2356 2960 können. Wir saßen pünktlich auf unseren Plätzen¬
347 2884 1351 2963 erst eine liebende, gefolterte Gattin und dann ein
2331 2924 3346 2979 Freie, als wollte er Maß nehmen für die grünen
1340 2918 2348 2994 in dem großen prachtvollen Redoutensaale, den
338 2916 1357 3006 sich wegwersendes Weib ist, die sich nie vergessende
2327 2955 3338 3034 Bäume, die er blasen sollte. Diese Stelle hatte es
341 2961 1341 3041 Dame der „guten“ Gesellschaft und doch mit star¬
1347 2961 3338 3071 Meister zur Probe erwartend. Doch Meister Liszt überhaupt dem Meister angetan. Bei den folgen¬
1365 3002 1425 3044 —
342 2991 1339 3088 kem Gefühl begabt, das verhalten hervorquillt,
1393 3003 2851 3091 erschien nicht. Auch das akademische Viertel den Proben wiederholte
1342 3037 2271 3118 war schon längst vorüber, doch Meister Liszt
2920 3042 3339 3103 stets dasselbe
2331 3071 3334 3145 [Gleichnis und bei der Aufführung, als diese
338 3042 3331 3142 und wo sie sich natürlich geben kann, nicht larmo=erschien noch immer nicht. Nach und nach setzten] Stelle wirklich vorzüglich vorgetragen wurde,
332 3074 3328 3213 pant wird, und noch mehr bei Engen Mar=wir unsere Instrumente an, um aus den füberkam ihn ein solch ekstatisches Entzücken, daß
330 3124 2262 3246 low, eine der besten Leistungen dieses Kunst= aufliegenden Notenblättern einiges kennan.
