3344 4320
221 108 1183 203 24 DLand
1339 99 1791 191 box 28/4
2023 156 3013 280 Kere pen Sace
2166 260 2965 387 AS. A6. 1444
2185 433 2821 528 Vor den Kulissen.
2052 508 3032 595 Im Lessing=Theater und zu gleicher Stunde an
1986 556 3027 627 einem guten Dutzend anderer Bühnen ist gestern abend
1990 602 3027 673 Arthur Schnitzlers Tragikomödie in Szene ge¬
1991 636 3030 714 gangen — eine ganze, bunte Musterkarte von Erfolgs¬
1981 685 3018 750 berichten liegt heute dem glücklichen Verfasser
1983 726 3031 803 vor, der die ganze Skala der Autorfreuden
1986 761 3008 831 durchkosten kann, vom freudigen Triumph bis
1973 798 2661 867 zum lauwarmen Achtungserfolg.
2685 813 3017 872 Unter diesen
1980 851 3022 915 immerhin noch nicht unbehaglichen Temperaturgrad
1980 890 3026 947 wird die Aufnahme sicherlich nirgends sinken. Nicht
1978 930 3030 994 um des Werkes, aber doch um des Verfassers willen.
1981 975 3020 1045 Auch im Lessing=Theater hatten wir es gestern Abend
1974 1008 3021 1079 zuerst nicht mit einem Erfolg der Tragikomödie,
1975 1055 3017 1125 sondern mit einem Schnitzler=Erfolg zu tun. Der
1972 1094 3029 1147 Beifall galt zunächst nicht der Novität, sondern den
1980 1136 3019 1188 älteren Werken, galt nicht der neuen Dichtung sondern,
1980 1171 3017 1244 trotz der neuen Dichtung dem Verfasser und seinem
1972 1215 3027 1287 hoch in verdientem Ansehen stehenden bisherigen
1992 1256 3015 1325 Schaffen. Man klatschte Literaturgeschichte. Erst.
1974 1302 3018 1367 vom dritten Akte an brach die Teilnahme auch für
1967 1341 3022 1396 das neue Werk, für die Tragikomödie und ihre Helden
1965 1370 3007 1440 durch, und der Schlußbeifall, für den Doktor Brahm
1971 1425 3006 1489 mit wenigen Worten im Namen des Verfassers
1963 1476 3011 1523 dankte, galt schon gleichermaßen dem Verfasser, dem
1966 1505 2519 1562 Stück und der Aufführung.
2026 1552 3020 1620 Die Tragikomödie leidet zunächst stark unter ihrer
1965 1562 3014 1659 Fünfaktigkeit. Allem Anschein nach ursprünglich als
1971 1631 3012 1687 Roman, als Erzählung gedacht oder gar entworfen?
1966 1686 2945 1740 und später erst der dramatischen Form zugeführt,
1964 1719 2689 1767 dieses „weite Land“ ganz dazu
2701 1721 2950 1779 angetau,
2202 1752 2305 1809 sich
1966 1754 2193 1809 Besucher
2329 1761 2702 1815 verwirren und
2716 1766 2918 1822 verirren
1966 1794 2438 1851 kassen. Ein breit
2457 1803 2694 1860 angelegtes,
2730 1805 3015 1863 figurenreiches
1972 1842 3014 1918 Bild rollt Schnitzler hier vor uns auf, in
1973 1877 3009 1944 dem nur die Mittelgruppe lange zu fehlen¬
1978 1920 3017 1969 scheint, der Punkt, auf den die ganze Aufmerksamkeit
1975 1961 3004 2034 sich richten kann. Die Seele ist das weite Land,
1972 2008 3024 2069 durch das Schnitzler uns führt, aber zu vielerlei#
1962 2031 3004 2108 Seelen scheinen sich erschließen zu wollen, und so
1959 2082 3010 2159 können wir uns in keinem „weiten Land“ recht um¬
1959 2133 3006 2199 schauen. Ueberdies ist der Dichter mehr Erklärer als
1953 2157 2146 2216 Bildner,
2197 2164 3013 2236 sagt uns in allzuwortreichen Dialogen,
1962 2217 2696 2267 was er r s lebendig zeigen sollte.
2027 2255 3005 2317 In der milden Sonne, im Waldhauch von Baden
1961 2297 3007 2366 bei Wien spielt die tragische Geschichte. Friedrich
1960 2348 3013 2408 Hofreiter, der reiche Fabrikant, in dessen Park und
1952 2383 3008 2448 Villa die bewegte Handlung spielt, ist ein Herren¬
1963 2431 3007 2500 mensch, eine Art Röcknitz=Natur, der für sich jede reife,
1949 2474 3002 2531 lockende Frucht vom Lebensbaume pflückt, der aber
1958 2500 3006 2576 scharfen Anges wacht, daß niemand in seinens
1947 2545 2957 2611 Garten bricht. Ein russischer Klaviervirtuose is
1950 2591 3000 2644 gerade zu Grabe getragen worden, als die Hand¬
1956 2620 2244 2683 lung einsetzt.
2286 2635 2992 2693 Bald erfahren wir, daß er
1943 2664 2811 2719 sich selbst den Tod gab, weil er
2838 2661 3010 2735 Genia,
1942 2711 3006 2778 die Frau unseres Herrenmenschen, unglücklich liebtes
1944 2749 2999 2805 und später wird uns von fern die Möglichkeit oder?
1951 2793 2995 2859 Wahrscheinlichkeit gezeigt, daß Hofreiter, unser Groß¬
1946 2837 3001 2914 stadt=Rö#enitz, in einer Art von amerikanischem Duell
1956 2869 3003 2958 Anlaß## Selbstmordes war. Während er eben
1973 2921 3015 2991 die Liebesbeziehungen zur leichtlebigen Frau eines
1979 2972 3002 3046 Bankiers löst oder gar brutal durchschneidet und
1969 3004 2665 3077 schon im Begriffe steht, sich
2683 3022 3012 3084 das Mädchen
1970 3046 3019 3128 zu erstürmen, das sein Freund schüchtern liebt
1979 3103 3012 3151 und heiraten will, quält er sich noch mit der
1967 3130 3016 3203 posthumen Eifersucht und den überspitzten Tüfteleien
1979 3180 3011 3244 über den Anteil seiner Frau an diesem Selbstmord.
1973 3217 3013 3290 Während er selbst von einem Liebesabenteuer heim¬
1976 3259 2999 3313 kehrt, entdeckt er, daß seine Frau endlich sich zu einer
1970 3303 2999 3374 Art Liebesrevanche entschlossen und sie ins Werk
1968 3341 2266 3393 gesetzt hat. (
2292 3352 2998 3412 fordert den Begünstigten,
1968 3388 3015 3447 ohne daß Eifersucht, ohne daß Liebe oder
1965 3429 3007 3495 Haß im Spiele ist, fordert ihn, erschießt ihn. Ueber
1966 3461 3003 3534 die Frau hinweg, über die Geliebte hinweg, die sich
1960 3491 2993 3573 ihm eben geopfert und die er nun alschüttelt, will er
1965 3541 3007 3613 sich erst dem Richter stellen und danach von dannen
1956 3604 2987 3656 ziehen, in die neue Welt. Die Zärtlichkeit, mit der
1961 3635 2993 3679 er indes beim Schlußwort dem kleinen Sohn ent¬
1955 3669 2992 3739 gegeneilt, der eben aus England heimkehrt, läßt
1955 3726 2990 3795 fast die Vermutung zu, daß vielleicht doch noch
1958 3755 2987 3828 eine Vereinigung, eine Versöhnung möglich ist. Wer
1958 3790 2980 3866 will sich so sicher auskennen im weiten Land der
1960 3829 2982 3893 Menschenseele! Vollends sinds, wie gesagt, so viele
1957 3883 2976 3942 „weite Länder“ die mit gleichem Anspruch auf Durch¬
1949 3907 2976 3980 querung und Erforschung vor uns erscheinen. Da ist
1956 3954 2980 4020 neben dem überlegen=rücksichtslosen Helden die kompli¬
1959 3998 2986 4071 zierte und ungewöhnlich seinnervige Gattin, die zwischen
1957 4038 2965 4093 fortdauernder Liebe, Resignation, Stolz und Rache¬
1954 4084 2968 4138 gelüst oder wie sie lieber sagt, Revanchelust
