3344 4352
1308 139 1765 229 box 29/2
196 113 1199 241 24. Das weite Land
491 1496 1235 1612 Badische Presse, Karlsrik
706 1582 1027 1688 2# 3. 191.
1271 1735 1423 1822 S
1584 1732 1784 1823 —
367 1792 1472 1892 Großh. Hoftheater zu Karlsruhe.
1562 1796 3256 1887 betenden Marinefähnrich Otto Aigner, den Friedrich Hofreiter in dens folgendem, bis zur B
1556 1846 3260 1931 Nachtstunden das Zimmer seiner Frau verlassen sieht. Um nicht alsmenschlichen Beziehu
561 1865 1305 1938 Zum erstenmal: Das weite La#d.
1560 1893 3269 1988 der „Dummkopf“ zu gelten, fordert Hofreiter den jungen Menschen. auf Gewohnheit“. 5##
419 1902 1440 2018 Tragikomödie in fünf Akten von Arthur Schnitzler.
1569 1938 3258 2030 Noch hat er, der selbst der Betrüger mancher Ehemänner ist, nicht vor,wie er sie nun von #
1573 1979 2850 2055 ihn ernstlich anzuschießen, aber wie er sein junges Gesicht vor seiner
345 1987 1560 2060 Friedrich Hofreiter ist Fabrikant von Glühlichtern, ein kühner
2839 1999 3259 2068 Land der Seele läßt
1562 2025 2847 2104 Pistole sieht kommt über ihn die Wut über dieses Vorrecht des
268 2016 1564 2108 und erfolgreicher Industrieller, von dessen Tätigkeit wir allerdings
2834 2045 3258 2105 zu. „Ordnung“, som
1563 2064 2852 2142 Gegners, noch jung zu sein, und er schießt ihn zusammen. Frau
270 2064 1567 2148 auf diesem Gebiet weniger merken, weil er uns anscheinend nur in
2835 2075 3248 2148 und des Herzens die
1561 2108 2853 2176 Genia ist auf das Tiefste erschüttert. Sie hatte die Liebe zu dem
272 2122 1572 2186 seinen erotischen Erholungspausen vorgeführt wird. Denn derselbe
1565 2133 1622 2175 80
2833 2128 3260 2193 das Chaos das Natü#
1569 2153 3259 2239 Fähnrich wohl nicht anders betrachtet, als wie ihr Mann in seinenldenn auch in dieser
265 2162 1568 2229 Friedrich Hofreiter ist als Mann in den Vierzigern so voll jugendlicher
1565 2197 3255 2272 eigenen mannigfachen Beziehungen zu den Frauen es sie gelehrt: ein Schnitzlers. Denn w#
274 2203 1570 2284 Empfindung, daß er aus den Verhältnissen mit mehr oder weniger
1564 2237 2853 2313 köstlich Spiel, — „und, wenn man erst darauf gekommen ist, sehr lustig
268 2229 1564 2324 begehrenswerten Frauen einfach nicht herauskommt. Dabei besitzt er
2836 2258 3250 2321 der geschilderten Ere
1566 2282 2847 2359 anzusehen und mitzumachen“. Sie hat nach demselben Rezept nichts
271 2280 1564 2359 selbst in Genia eine Gattin von vornehmem Wesen, die ihm auch nach
2830 2303 3249 2367 just die Beiden, die
1553 2323 3239 2396 mehr von schweren Worten wissen wollen; es war ja auch die leicht= Frau Genia, wollen
263 2328 1555 2401 der erkannten Art ihres Mannes doch ihre Liebe und Treue bewahrt
1554 2366 3255 2453 herzige Anschauung des eigenen Gatten, die sie angenommen. Und selbst sie nicht genüge
271 2368 1566 2459 und für die er irgendwo in dem weiten Land seiner Seele in einer
1554 2410 2842 2475 dabei war, ebenfalls in Uebereinstimmung mit dem Seelenzustand
265 2419 1561 2490 Provinz seines Unterbewußtseins sicherlich auch seine Liebe bewahrte.
2832 2429 3252 2490 ein ve zu trivialer
1551 2451 2843 2526 ihres Mannes, die Liebe und das Zusammengehörigkeitsgefühl mit
274 2452 1555 2538 Ganz selbstverständlich ist Frau Genia ihrer Gattenpflicht, und so weist
2837 2455 3253 2535 unwiderstehliche Ero
1554 2496 2843 2572 ihm nicht erloschen und alles hätte gut werden können, wenn Hofreiter
270 2490 1559 2575 sie das Liebeswerben des jungen Musikers Korsakow zurück, der sich
2838 2501 3259 2575 Sieghaftigkeit mit d#
1563 2539 3256 2620 an diesem einen Vorgehen der Frau seine eigene Schuld erkannt und ist anderseits seine G#
268 2545 1560 2617 darauf den Tod gibt. Dem Manne ist das freilich unfaßbar und macht
1564 2581 3253 2665 sich wieder zu ihr zurückgefunden oder doch wenigstens auch ihre Selbst=dermaßen mit all ihr
273 2581 1562 2663 sie ihm als Todbringerin des jungen Freundes fast unheimlich. Denn
1562 2625 3240 2702 ständigkeit, die er so oft ihr zugesichert, respektiert hätte. Aber daß er sich selbst aufräumen
275 2629 1556 2697 er hielte es für begreiflich, wenn Genia sich für ihres Gemahls weit¬
1561 2671 3250 2754 in seinem eigenen Fall plötzlich den brutalen Egoismus und Neid desl zu eigen gibt, sonde
265 2673 1565 2744 herziges Liebesleben revanchiert hätte. Und wie er soeben die Be¬
1560 2710 2845 2791 älteren Mannes gegenüber dem begünstigteren jungen Geliebten bis
260 2721 1555 2785 ziehungen zur Frau des Bankiers Natter löst, so ruht sein Auge schon
2824 2731 3245 2799 degradiert, das paßt
1548 2759 2839 2825 zur Tötung des Letzteren walten ließ, das läßt für sie alles aus sein.
264 2759 1549 2832 mit Wohlgefallen auf der feschen Erna Wahl, einem echten Produkt
2830 2771 3247 2837 fach: Die Seele ist ei
1551 2795 3244 2873 Die Gatten werden nie wieder zusammenkommen. Hofreiter selbst stehen aller Vorgänge
270 2799 1566 2878 der modernen Gesellschaft. Mit ihr und seinem alten, ernsthafteren
1548 2842 3248 2911 gibt der Gattin dahin schuld, daß sie in Wirklichkeit nicht in ihn habe da hat er freilich all
267 2846 1548 2922 Freunde Dr. Mauer macht er in den Dolomiten die halsbrecherische Be¬
1546 2881 2842 2956 hineinschauen können, wie sie gemeint habe. Die Seele ist eben, wie
267 2891 1549 2972 steigung des Aignerturmes, wo dus Verlangen auch des Mädchens zu
2822 2896 3250 2967 richtigkeit in der Ch
1549 2926 2838 2998 auch der Titel des Stückes es wiedergibt, ein weites Land, in dem
268 2934 1553 3009 Hofreiter so deutlich wird, daß Dr. Maurer, der Erna schon einen
2824 2948 3249 3018 auch nicht das gering
1545 2969 2845 3053 tausend Möglichkeiten des Lebens sind. Mit Erna, der jüngsten seiner
275 2975 1556 3050 Heiratsantrag gemacht hatte, ernüchtert wieder davonfährt, während
2900 2995 3244 3060 Das tut er den
1549 3011 2830 3085 Geliebten, ist er trotzdem fertig. Er will auch do nicht gefesselt und
267 3019 1560 3106 Friedrich Hofreiter dort oben in dem Dolomiten=Hotel das Zimmer
2827 3024 3236 3104 Titel alle Einwände
1555 3056 2836 3132 beherrscht werden, sei es, wodurch es wolle. Er fühlt plötzlich die
257 3054 1538 3142 des heiß mit allen Sinnen — oder vielleicht nur mit allen Nerven —
2829 3086 3239 3153 Helden reden und ha
1547 3098 2836 3176 Einsamkeit eines Menschen, der für sich selbst ein Eigenes sein und
263 3107 1544 3169 nach ihm begehrenden Mädchens für sich offen findet. Des andern
2831 3130 3234 3192 Zitat vom „weiten
1547 3140 2821 3213 haben will. Aber als er den Ruf seines Knaben hört, der soeben aus
260 3147 1559 3217 Tags reist er wieder ab, da er fühlt, daß er sich und die Geliebte sonst
2827 3172 3239 3236 des Dichters Artur
1547 3184 2832 3280 der fernen englischen Pension in die Ferien nach Hause kommt, folgt er
251 3187 1558 3267 den Blicken der Andern verraten würde. Er trifft zur Nachtzeit bei
2813 3211 3248 3281 lichkeiten es der dich
1547 3230 2353 3296 ihm doch mit allen Zeichen der Sehnsucht.
265 3236 1550 3302 seiner Villa in Baden bei Wien wieder an und muß hier wahr¬
2802 3253 3241 3330 sso wenig wird er da
257 3273 1561 3346 nehmen, daß inzwischen seine Frau all ihre früheren strengen An¬
2797 3309 3240 3383 können, das letzte Ge
263 3320 1558 3400 schauungen über Bord warf und seinen eigenen Worten entsprechend,
1606 3331 3244 3409 Die Sehnsucht. Schnitzler läßt einmal seinen Fabrikanten Hof= Dichter ahnt, ergrün
262 3367 3243 3481 sich revanchiert. Und zwar mit dem jungen, schwärmerisch sie anskreiter in dem Stück darüber philolovbieren und kommt zu ungefähr nun einmal auch die
