3392 4320
279 133 1226 239 24. 043
426 1073 1350 1116 Leid sich, und hörbar wieder rinnt derg nie ver¬
421 1122 1350 1176 siegende Brunnen der Tränen mit leisem Klingen
417 1156 986 1212 durch Garten und Feld ....
453 1201 1346 1255 Kein Stück ist dies wie eine Kammer voll
415 1233 1344 1282 Puppen, die springen und laufen und andere Kurz¬
420 1281 1345 1327 weil vollführen um des Springens und Laufens
416 1324 1351 1371 und der Kurzweil willen. Nein, es sind Marionet¬
424 1353 1349 1403 ten von besonderer Art. Das Schwergewicht, das
424 1401 1337 1450 ihre Gelenke niederzieht und sie beschwingt zugleich,
424 1433 1354 1490 ist Blei nicht. Ein Metaphysikum macht ihren
409 1471 1349 1529 Kern aus und eine Sehnsucht ist's, die sie zu han¬
411 1512 1353 1555 deln zwingt. Verrat, Untreue spinnt hier ihre Fä¬
411 1559 1347 1600 den, Ehebruch geschieht, Haß quillt auf und Liebe,
417 1587 1351 1637 Lügen sprießen, Gefühle werden wach und welken.
415 1626 1347 1672 Aber es ist, als sähe man ein wenig in den Boden
417 1666 1343 1715 all dieser Dinge hinein, und zuweilen mutet's an,
422 1712 1347 1755 als höre man die Halme und die Gräser wachsen.
413 1747 1350 1792 Trotz dieses unterirdischen Getriebes aber stehen
419 1784 1346 1826 für jedes Auge erreichbar die sichtbaren Vorgänge
409 1820 1339 1873 dieser Geschehnisse fest und plastisch auf der Erde.
451 1866 1348 1912 Ort der Handlung: Veranda und Garten der
416 1897 1350 1935 Hofreiterschen Villa in Baden bei Wien. Haupt¬
421 1938 1340 1987 personen: Fabrikant Friedrich Hofreiter und Genia,
421 1975 1343 2013 seine Frau. Der Gatte, ein schlanker, eleganter
412 2019 1350 2064 Vierziger mit feinem, schmalem Gesicht und eng¬
410 2059 1346 2102 lisch gestutztem Schnurrbart. Mit Energie in den
422 2089 1342 2137 Bewegungen, aber grau meliertem Haar. Mit
415 2131 1341 2181 einem Worte, um seinen Typus anzudeuten: Casa¬
420 2176 1343 2214 nova, der sich älter werden fühlt. Frau Genia,
423 2207 1349 2251 einunddreißigjährig, einfach=vornehm gekleidet. Zur
420 2247 1347 2292 Dulderin begabt, aber mit Temperament gesegnet.
417 2282 1352 2327 Sie trägt kein Bedenken, der Abenteuer des Ge¬
415 2316 1332 2358 mahls ein wenig müde, zu Beginn des ersten Aktes
407 2373 1344 2409 dem ehrlichen Mauer gegenüber zu bekennen: „Es
421 2411 1340 2451 gab eine Zeit, in der ich das Rücksichtsloseste vor¬
409 2433 1348 2477 hatte, was eine Frau einem Mann, besonders einem
417 2471 1119 2533 eitlen, antun kann. Mich zu rächen.“
445 2515 1342 2565 Im vierten Akie ist es dennoch Tat geworden!
411 2569 1347 2614 Der Weg aber, den Genia an der Hand des Dich¬
418 2600 1345 2643 ters bis zu diesem Punkt zurücklegt, muß wohl mit
426 2637 1341 2692 als das Tiefste an diesem Drama angesprochen
414 2678 1340 2717 werden. Man braucht nur irgend ein Stück fran¬
414 2715 1352 2769 zösischer Herkunft zum Vergleich heranzuziehen, um
417 2757 1343 2805 deutlicher zu sehen, worin hier der Finger eines
424 2792 1340 2845 Dichters zu spüren ist. Dort allenthalben ein Auf¬
426 2838 1351 2884 wand an seifenglatter Dialektik, an Pseudo=Lei¬
416 2871 1351 2913 denschaft und Pfeudo=Angst, und als Ergebnis end¬
424 2908 1344 2951 lich eine zwar gerettete, aber in ihrem wirklichen
424 2949 1349 2991 Gehalt nicht übertrieben zu bewertende Tugend.
455 2987 1351 3030 Bei Schnitzler im Weiten Land ist alles furcht¬
413 3023 1348 3075 loses Geschehen bis in die letzte Konsequenz. Selbst¬
424 3063 1341 3112 verständlich, notwendig, ohne große Worte und an¬
425 3104 1337 3157 dere Beschwichtigungsgeräusche. Er greift auch
418 3140 1343 3190 nicht zur erprobten Laterna magica und wirft
419 3178 1347 3228 das Bildnis der Märtyrerin an die Wand oder
417 3215 1382 3267 ein Spruckband mit frommer Devise. Er läßt es
1401 150 1834 233 box 28/5
1373 1077 2291 1128 sich ereignen, wie ein Gewittersturm niedergeht,
1370 1122 2292 1165 und etwas von jener stillen Traurigkeit breitet sich
1357 1156 2291 1201 hin, die er in den Zeilen hat Form werden lassen,
1369 1197 2287 1232 wo die Rede ist von dem unendlich Vielen und
1366 1234 2294 1288 Widerspruchbewegten, das leider Raum hat in dem
1376 1273 1913 1325 weiten Land der Seele ...
1400 1318 2294 1366 Die äußere Handlung eilt dem Ende zu, d. h.
1363 1361 2287 1412 über eine Skala von Steigerungen und spannungs¬
1365 1394 2287 1434 vollen Hemmungen, welche die Schnitzlersche Tech¬
1370 1438 2290 1479 nik in höchster Vollendung zeigt. Hofreiter, der
2239 1469 2270 1508 *
1363 1475 2291 1519 von einer erotischen Exkursion vorzeitig zurüa¬
1371 1514 2294 1559 kehrt, erschießt den Fähnrich, mit dem Genia die
1372 1549 2294 1591 Ehe gebrochen, im Duell und stellt sich, im Inner¬
1367 1589 2294 1655 sten gleich weit entfernt von Genia wie der jüng¬
1376 1624 1900 1677 sten Geliebten, dem Gericht.
1406 1669 2254 1731 Wenn die Darstellung einen Fehler hatte, s
1375 1717 2287 1764 waren es nur die Tempiverschleppungen, die sich
1371 1755 2296 1800 fast durch alle fünf Akte hinzogen, und woraus
1369 1788 2294 1827 Längen entstanden. Der zwar sehr hübsch aus¬
1374 1833 2295 1882 gestattete dritte Akt im Alpenhotel, der aber kaum
1376 1870 2286 1910 Wesentliches zur Charakterisierung der Hauptper¬
1363 1909 2282 1952 sonen beibringt, könnte wohl wegbleiben. Die üb¬
1364 1951 2280 2000 rigen Konversationsszenen dürften eine Beschleu¬
1372 1987 2286 2040 nigung erfahren. An diesen Szenen hatten Anteil
1369 2023 2281 2067 die Herren von Jacobi (Fähnrich), Schwan¬
1373 2062 2286 2116 neke (Greindl), Graumann (Hoteldirektor),
1369 2100 2292 2140 König (Serknitz), Stettner (Portier), Nad¬
1369 2140 2293 2191 ler (Oberleutnant), Gura (Natter) und Basil
1369 2178 2281 2228 (Rhon), die Damen Höfer (Frau Natter), Frl.
1358 2216 2288 2259 Kolbe (Frau Rhon), Frl. Rohde (Frau Wahl).
1373 2256 2287 2300 Erna Wahl, die jüngste Geliebte Hofreiters, kam
1364 2292 2282 2343 in Fräulein Michaleks Darstellung nicht völlig
1372 2334 2278 2377 zur Geltung, und man sah wieder, daß dieses Fach
1371 2375 2282 2422 noch durchaus nicht wieder vollwertig besetzt ist.
1369 2410 2287 2457 Die von Ibsenschen Lichtern umspielte Frau Mein¬
1368 2444 2288 2497 hold wurde von Fräulein Dandler gedämpft
1371 2486 2282 2534 und fein gesprochen, während Herrn Ulmers
1368 2525 2282 2564 männlicher ehrlicher Ton dem Mauer etwas sehr
1363 2564 2294 2609 Sympathisches gab. Frau Genia fand in Frau v.
1372 2605 2286 2641 Hagens Darstellung eine fast erschöpfende gute
1360 2644 2288 2693 Lösung. In dem Schlußakt wäre die mimische
1363 2683 2279 2725 Rhythmisierung der Empfindungen noch etwas
1365 2711 2278 2764 zurückzudämmen. Das stille Ausschreiten Genias
1370 2751 2272 2800 in Haus und Garten und der zurückhaltende
1371 2793 2286 2837 Sprechton machte vieles von dem inneren Leiden
1362 2834 2290 2877 dieser Frau erkennbar. Steinrück aber hat
1364 2869 2296 2923 mit dem Hofreiter eine Figur geschaffen, die neben
1363 2911 2291 2962 seinem ehernen Doktor Schön im Erdgeist zu be¬
1376 2947 2282 3000 stehen vermag. Lebenskraft und männlicher Wille,
1367 2997 2279 3040 gebändigt durch eine ungewöhnliche Selbstbeherr¬
1372 3027 2281 3073 schung, formten hier einen Menschen, der dauernd
1363 3063 2284 3116 etwas zu sagen hat und dessen Sein und Abschied
1372 3103 2286 3140 wie Variationen jenes Buddha=Wortes waren,
1362 3139 2237 3206 das da lautet: Wer Lust begehrt, begehrt Leid.
1878 3174 2292 3244 Richarb Elchinger
2349 1085 3227 1138 Ueber die Aufnahme des neuen Schnitzlerschen
2320 1112 3238 1189 Stückes an anderen Bühnen liegen noch folgende
2313 1157 2653 1212 Meldungen vor:
2352 1187 3226 1239 Aus Hamburg: Schnitzlers „Weites Land“
2310 1241 3222 1299 errang im Schauspielhaus unter Hagemanns Re¬
2316 1284 2885 1325 gie einen freundlichen Erfolg.
2356 1308 3225 1362 Aus Mainz: Im Stadttheater konnte sich
2307 1353 3226 1396 trotz trefflicher Darstellung und guter Einstudie¬
2322 1396 3233 1433 rung das Publikum nicht für die Novität er¬
2320 1430 3230 1487 wärmen. Die Vorzüge des Stückes vermochten
2308 1472 3236 1533 nicht die laue Aufnahme, die einer Ablehnung sehr
2307 1505 2759 1557 nahe war, abzuwenden.
3116 1511 3200 1556 S.
2354 1541 3226 1588 Aus Prag: Das „Weite Land“ Schnitzlers er¬
2299 1583 3240 1635 zielte hier nur einen Achtungserfolg trotz des
2315 1623 3222 1690 guten Spiels und der vorzüglichen Spielleitung.
3116 1664 3199 1723 B.
2524 1771 3015 1860 Buntes Feuilleton
2341 1861 3229 1920 -a- Unbekannte Marterln. Obschon zahlreiche
2305 1901 3222 1957 der sogenannten „Marterl=Sammlungen“ sich einer
2307 1943 3223 1983 gewissen Vollständigkeit rühmen, tauchen im süd¬
2304 1977 3234 2033 lichen Bayern und in den österreichischen Alpen¬
2306 2017 3227 2065 ländern doch von Zeit zu Zeit wieder volkstümliche
2306 2064 3229 2112 Grabschriften auf, die auf einsamem Waldsteig
2300 2095 3223 2149 oder auf ganz vergessenem Kirchhof aufgefunden
2300 2139 3222 2178 werden. Drei derartige Marterln, die in einem
2300 2167 3232 2233 kleinen Gehölz der Festung Oberhaus bei Passau
2303 2217 3223 2263 auf einfachen Holztafeln zu lesen sind, gibt der
2301 2253 3221 2300 Grazer „Heimgarten“ wieder: Das „Denkmall
2301 2288 3217 2335 der ehrengeachteten Anna Mar. Pirkinger, Aus¬
2300 2325 3217 2378 nahmshäuslerin von Bloßersberg, gestorben am
2300 2366 3223 2406 26. XII. 1887 in eim Alter v. 98 Jahren“, trägt
2311 2400 2654 2458 folgende Inschrift:
2464 2441 3086 2504 Soll ich zittern vor dem Grabe
2439 2485 2905 2543 Ich ein abgelebtes Weib
2451 2521 3034 2577 Die mit seinem Knollenstabe
2443 2556 3062 2620 Kaum noch stützen kann den Leib
2439 2608 3028 2661 Haare wie der Schnee so weiß
2433 2637 2983 2697 In den Adern kalt wie Eis.
2335 2690 3214 2747 An „Michl Wurmter Loambauersohn von Zen¬
2299 2727 3208 2780 ting geb. d. 5. Juni 1833“ sollen die Verse er¬
2367 2801 2899 2870 Der Schlag hat ihn gerührt
2358 2843 3146 2910 Als er eine Kuh zum Markt hat geführt
2560 2891 2898 2957 den 3. Mai 1864
2372 2931 2878 2990 Vor ihm starb sein Vater
2371 2977 2959 3030 Er war Loambauer und Bader
2375 3016 3005 3078 Er hat vielen Adern aufgelassen
2384 3058 2956 3108 Gott wird ihn nicht verlassen.
2328 3093 3210 3150 Zur Erinnerung „an das traurige Sikfall durch
2286 3137 3210 3195 dessen Schullt ist, daß die Anna Maria Heigl
2294 3183 3211 3226 Wirtstochter v. Stötzering, welche den 10. Oktober
2292 3220 3228 3271 1789 der hölzerne Thürstock erschlagen bat in
