3392 4448
1451 150 1922 254 box 28/2
348 169 1322 293 24. Das weite-Land
616 488 1234 581 allgemeinen Interesses die Fr¬
1692 531 3141 615 Blasel einer seiner Hauptdaxsteller. E: hat den Dused gerge
597 570 1239 635 Ein Buch, das jetzt in den Aus
1546 548 1687 627 w.sten
1684 598 2836 664 Menelaus, den Jupiter kreiert; er durfte mit der
2839 588 3325 682 gestern in der Freuden##
1321 602 1691 707 121* „Maisek¬
532 623 1218 691 rangt und das sein Verfasser heute
1691 649 2837 715 himmlischsten aller Partnerinnen spielen, mit der
2847 663 3310 729 Pferde, darunter auch
516 645 1693 731 legen durfte, beantwortet die,: Fraß'), ###sführlichsten
1700 702 2832 761 Geistinger. Karl Blasel ist immer aufrecht ge¬
2837 701 3324 784 Planner=Stall, Lumper
532 723 1684 789 Weise. „Prinzessin Zita“ nöza''s sich und Eugen
1691 747 2829 816 blieben; er hat wohl den Kopf geschüttelt, als er die Moden
2841 769 3322 833 sehr kurzen Ods von „2
527 771 1693 847 Baron d'Albon ist sein Verfasser. Baron d'Albon ist der
1689 794 2841 867 wechseln sah, als er den Geschmack des Publikums die selt¬
2838 815 3322 894 Leistungen war das Ve
529 829 1692 898 österreichischen Oeffentlichkeit rühmlich bekannt durch seine
1698 848 2840 906 samsten Kapriolen schlagen sah. Er hat den Passe¬
2857 868 3333 949 die Ueberlegenheit Lun#
517 876 1683 949 Bücher, die uns die Gestalten des Kaisers Franz Joseph
1690 885 2839 964 partout in der „Reise um die Erde“ kreiert und endlos
2844 910 3300 992 dieses Pferd bisher
526 933 1689 999 und der verewigten Kaiserin Elisabeth in so unübertrefflicher
1689 942 2838 1007 lang Abend für Abend diese Rolle gespielt. Er hat jene
2846 965 3326 1058 Es sei erwähnt, daß F#
1690 992 2839 1061 fürchterliche Zeit der Verirrung mitgemacht, da eine Operette,
528 986 1691 1066 Weise schildern und in der Bibliothek keines Oesterreichers
2836 1033 3309 1097 Lumperls, dieses Pferd
1660 1014 2851 1099 „Der Stabstrompeter“, sich dreihundertmal im Repertoire
532 1041 1682 1110 fehlen sollten. Wie kaum ein anderer war Baron d'Albon,
2840 1137 3310 1199 übrigens vollkommen i
1696 1141 2828 1202 haut des Schauenden sich das Wunder des Lebens. So
656 1148 1691 1213 Schnitzler verstärkt nun die Bedeutung seines
2841 1189 3300 1250 Problems ist) nach
1695 1199 2833 1261 hat Schnitzler auch primäres Erlebnis, Gefühls¬
528 1184 1698 1253 Themas durch Parallelismen. Die Ehetrennung der
2843 1220 3344 1306 fragen, so liegt sie dari
1695 1236 2838 1298 reaktion und ihre Reflexe auf die Außenwelt mit der
530 1241 1696 1303 Aigners, die Ehekettung der Naiters zeigen das
2848 1286 3331 1351 die Hofreiter niedergestol
1693 1285 2831 1352 sensibelsten Erkenntnis durch, mit, aneinander wirkend
532 1294 1692 1353 Nebeneinander, das Durcheinander, das Chaos der
2839 1326 3344 1408 er allein der Erliegen
1703 1334 2838 1397 gemacht. Und hat so gleichsam eine künitlerische Mitarbeit
523 1331 1700 1402 Gefühle, die den Stil eines Daseins prägen. Aigner
2856 1366 3329 1451 Gefühl in die neue
1705 1383 2840 1444 seines Publikums als Forderung aufgestellt. Nur wer für
528 1384 1688 1458 hat in jungen Jahren seine Frau, die er unendlich liebte,
2855 1412 3335 1494 kannt und verloren,
1703 1428 2838 1495 das nev=impressionistische Gemälde die richtige Distanz
525 1437 1695 1510 betrogen. Und hat es ihr dann gestanden. „Das war ich
2852 1465 3332 1544 ihre Jugend gab ihm d
1704 1479 2846 1545 findet, dem wird die optische Wahrheit. Und nur wer
521 1471 1687 1549 ihr schuldig. Gerade weil ich sie anbetete, ihr und mir.
2843 1526 3337 1595 hat seinem besten Frei
1697 1525 2843 1588 psychologische Selbstanalyse getrieben hat, nur wer die
528 1516 1698 1600 Ich wäre mir recht feig vorgekommen, wenn ich's ihr
2844 1565 3341 1647 nommen; und dieser ges
1692 1579 2848 1638 Distanz zu Seelenerlebnissen besitzt, dem kann die Zer¬
526 1585 1703 1654 verschwiegen hätte. So leicht darf man sich die Dinge
2843 1622 3336 1688 vielleicht erkannt, gewür
1697 1628 2846 1694 teilung, die Zerfaserung der Psyche, die der Dichter
530 1631 841 1714 nicht machen.“
2847 1672 3347 1732 Nur Eine ist zermalm
1700 1678 2845 1754 durch tiefste Einfühlung zu projizieren vermochte, zu
646 1662 1685 1749 Friedrich: „Das war ziemlich großartig gedacht,
2842 1718 3336 1783 lose Waltenlassen einer
1705 1720 2337 1807 synthetischen Formen sich einen.
531 1729 1687 1792 wenn es eben nicht nur eine Art Affeklation war. Oder
2849 1752 3343 1833 Mutter, der Hofreiter de
1804 1745 2836 1845 Leicht hätte die Idee, man könnte sagen die Poinke
527 1784 1386 1846 Raffinement... Oder Bequemlichkeit ...“
2841 1808 3345 1888 notwendig brutaler Tod
1706 1817 2845 1884 des Themas, in einem Geist, der nicht das instinktiv
654 1810 1689 1907 Aigner: Oder alles zugleich, was auch möglich wäre.
2841 1856 3331 1933 eines Willens in seiner
1702 1862 2844 1952 Bildnerische des Dramatikers besitzt, zum Tendenz=, zum
532 1868 1006 1962 Denn die Seele usw.
2842 1906 3343 1983 Schicksal gezeigt werden
1692 1911 2848 1980 Thesenstück ausarten können. Die Variationen über
648 1905 1698 1997 Hier hat sich einer, der glücklich liebt, treu geliebt
2845 1947 3349 2036 nichter als der Vernicht
1703 1964 2845 2036 „Mannigfaltigkeit“ des Seelischen, zur Einförmigkeit einer
523 1971 1699 2055 wird, dennoch von den Ehebanden losgerungen. Natter
2950 2007 3341 2073 Doch ist es dem
1699 2009 2842 2080 Formel erstarrt, zum mathematisch klappenden Beweis,
530 2009 1700 2082 aber, der immer Betrogene, zum Dreieck Verdammte,
2843 2052 3344 2124 letzte Antwort auf solche
1704 2039 2843 2127 zur restlos aufgehenden Rechnung, diese Gefahr lag im
524 2048 1694 2143 wird der Gesellschaft verächtlich, wird zum Schuften, wird
2850 2104 3347 2170 baut hier keine Brücke,
1693 2114 2839 2183 Keimgedanken des Werkes eingekapfelt. Doch „das Not¬
527 2099 1704 2177 der gefällige Zuschauer der wechselnden Abenteuer, die
2846 2152 3340 2217 wissenschaftlich reiht er
1696 2146 2849 2229 wendige bringen in Form des Zufälligen — das ist das
533 2143 1704 2242 sein Haus entehren, weil er troß allem der Gatte seiner
2845 2188 3349 2273 Hofreiter, Aigner, stehen
1699 2202 2841 2270 ganze Geheimnis“. Dadurch wird hier das Experiment der
534 2206 1697 2274 Frau bleibt. „Weil mir eine Existenz ohne Adele als
2843 2251 3351 2314 Mauer, Natter, in schau
1712 2253 2843 2322 Seelenkomplexität zu fließendem Leben. Weil die Verkettung
541 2268 1697 2329 vollkommener Unsinn erschiene,“ sagt einmal Nattter
2846 2296 3319 2363 Die Polygamen sind
1704 2305 2850 2365 des Geschehens so absichtsfrei sich ergibt, daß sie den Mechanis¬
530 2306 1690 2380 in seiner Qual. „Ich bin nämlich rettungslos verliebt in
2854 2338 3358 2418 Ueberblickenden, die Schi
1696 2351 2841 2415 mus der beweisführenden Idee verdeckt. Weil Schnitzler
532 2376 1698 2439 sie. Das kommt vor Hofreiter. Dagegen hilft nichts.
2840 2391 3337 2468 Reflektierende zugleich.
1692 2398 2858 2464 nicht mit konstruierten, sondern mit gewachsenen Seelen¬
533 2410 1703 2478 Ahnen Sie denn, was ich versucht habe, um innerlich
2858 2441 3348 2517 menschen, die, wie Hoff
1698 2448 2841 2514 produkten agiert. Friedrich Hofreiters Gestalt ist aus
540 2454 1703 2516 von ihr loszukommen? Vergeblich. Ich liebe sie trotz
2841 2487 3352 2552 sich ausgeben, sind aver
1713 2493 2841 2556 Fleisch und Blut, ist aus Instinkt und Nerv gebaut. Ob
536 2503 1102 2597 allem. Ungeheuerlich wie?“
2851 2541 3359 2610 Regungen. Sie leben um
1707 2538 2852 2604 sie kritisch erklärbar, darauf kommt es nicht an, sondern
649 2521 1695 2624 Nur im äußersten Umriß kann ich hier das Irr¬
2851 2584 3358 2660 die Einmal=Mensch
1707 2593 2842 2655 darauf, ob sie dem Gefühl nachlebbar ist. Hofreiter ist
540 2596 1703 2675 lichtern der Gefühle aufzeigen, die Komplexität der
2846 2633 3347 2701 landes nicht bewußt. Es
1704 2638 2850 2707 der schnellschaffende, straff handelnde, sensualistische Typus
540 2652 1699 2727 Menschen, die Schnitzler bildet; das Schillern ihrer
2849 2685 3350 2753 linigen, die Vereinfachten
1709 2685 2848 2754 des modernen Großstadtmenschen. Er ist in seiner engeren
541 2694 1708 2768 Psyche und die Unberechenbarkeit ihrer Entschlüsse. Wären
2851 2739 3352 2799 gesetzesmäßigen Einklang
1704 2735 2850 2797 Eingrenzung ein Neugieriger der Liebe, ein rücksichtsloser
540 2751 1703 2821 Gesetze von Kunst auf Kunst übertraghar, so könnte der
2861 2769 3347 2847 einanderprallen solcher
1709 2787 2841 2842 Ausbeuter des Augenblicks, ein Erliegender dem Wunsch,
544 2792 1693 2862 Stil dieses Werkes nea = impressionistisch genannt
2851 2815 3356 2895 spannung aus. Daß S
1709 2835 2844 2899 der Phantasie gegenüber. Diese Eigenschaft ist seine Kraft
546 2833 1706 2913 werden. So sehr sind hier psychologische Ereignisse, gleich
2859 2878 3346 2944 lung und Schicksal aus
1700 2891 2839 2953 und seine Schwäche. Er hat die Energie, alles um sich
538 2893 1698 2946 optischen Gesetzen in der Malerei, künstlerisch verwertet.
2842 2914 3363 2995 Vorgänge hervorzuleiten
1702 2922 2848 3004 zu vernichten, um sich den Moment zu erringen. Weil
538 2942 1698 3014 Die Farbennuancen der Empfindungspalette in ihrer
2846 2970 3361 3034 Werkes. Das wissenschaft
1702 2977 2845 3049 aber das Bewußtsein des Besitzes schon allein genügt, um
539 2987 1703 3048 ungebrochenen Reinheit, zwar einzeln aufgetragen, werden
2845 3029 3359 3081 aufgehoben, die bisher zu
1710 3032 2856 3091 den Wunsch in ihm zu töten, so verliert er alles Wert¬
540 3034 1700 3091 aber in unendliche Abstufungen zerlegt. Werden Strich
2863 3055 3363 3137 psychologischen Vorgang
1696 3073 2846 3135 volle seines Daseins; verkennt, opfert es, ohne
538 3081 1698 3174 an Strich nebene nandergesetzt, unvermengt in scheinbar
2855 3113 3359 3189 Wenn man das „Weiten
1703 3118 2852 3180 deshalb die tiese Sehnsucht nach solchen Gütern
548 3133 1714 3204 regellosen Tupfen. Und es flimmert dem Beschauer erst
2848 3165 3352 3231 so bleibt als reiner G
1712 3165 2848 3230 loszuwerden. Er sucht Gina vielleicht in allen
549 3182 1705 3237 sormlos entgegen. Ein Wogen von Farden und
2854 3206 3317 3280 einanderfließens von
1711 3215 2850 3284 Frauen und verliert die Gina, die er besitzt, weil nur
550 3233 1716 3295 Linien. Nur wenn die Lokalfarbe, die Beleuchtungs¬
2850 3257 3354 3329 samkeit, von der Vereinig
1705 3269 2851 3328 Wunsch ihm als Erleben gilt. Die Erfüllung aber — schon
556 3273 1705 3343 farbe und die Reflexfarbe von schöpferischem Maler¬
558 3341 3350 3410 sinn richtig dosiert sind, dann bildet in der Netz= wieder als Lüge, als Enttäuschung. Wollte man (was! Phänomens. In Hofrei
