3248 4384
506 197 590 266 W
80 200 1100 318 24. Das seite. Land
1186 206 1674 311 box 29/2
2988 1495 3109 1695 2
780 1635 948 1720 —
1055 1633 1158 1724 —
185 1701 3129 1786 Dichter es einmal ausdrückte.“ Auf diesem weiten; Chantecler lebt er, aber ein fixer, intelligenter Indu¬] Daß der Fabrikant mit der Erna Wahl, jenem for¬
175 1752 1169 1815 Land der Seele kennt sich Artur Schnitzler trefflich
1161 1755 2154 1829 strieller ist er — mit einem jungen Ding an das
2129 1768 3118 1826 schen Mädel, das sich zu Hofreiter so magisch hinge¬
178 1794 1167 1856 aus. Fretlich, er will uns hie und da als ein gar zu
1161 1795 2143 1877 nicht mehr von ihm lassen will und seinen Verehrer,
2136 1812 3129 1870 zogen fühlt, eine sehr schwierige Besteigung gemacht
179 1840 1164 1899 läßlicher Spaziergänger erscheinen; wir möchten ihn
1161 1861 2146 1911 einen lüchtigen Arzt, der aber in Liebesdingen ein
2140 1856 3122 1908 hat, was dann zu den letzten Konsequenzen nach der
184 1886 1165 1937 um einen Grad männlicher, entschiedener, durchgrei¬
1165 1894 2150 1941 arger Unstern ist, abdankt. Dazu kommt als weiterer
2143 1896 3129 1961 Rückkehr führt; zum andern, daß der Hoteldirektor
191 1929 1172 1994 fender; wir möchten nicht immer wieder die ge¬
1162 1933 2144 2002 Vertreter der Polygamie der Doktor Aigner, dessen
2134 1933 3127 1988 den Titel des Stückes interpretiert. Schließlich über¬
194 1976 1164 2035 schlechtliche Zone in das Zentrum aller Interessen
1164 1977 2138 2050 Ehe einst ob seiner Aufrichtigkeit der Gattin gegen¬
2140 1986 3118 2051 wiegt aber in dem Drama doch die tragische Fär¬
-8 2002 193 2072 ch unsere
187 2012 1165 2064 gerückt sehen, als ob das ganze Leben nur von die¬
1160 2023 2149 2092 über in die Brüche gegangen ist, und der nun als
2132 2028 3125 2093 bung. Oder ist es nicht eine wahrhaft ergreifende
-13 2050 197 2121 ges Ar¬
180 2060 1165 2122 sem einen Punkt aus orientiert wäre. Allein, das ist
1154 2066 2135 2121 Direktor eines großen Gasthofes im Gebirge seine
2137 2070 3118 2142 Situation, wenn im letzten Akt Frau Hofreiter und
-8 2101 181 2159 man die
183 2099 1169 2166 doch vielleicht wieder nur die Kehrseite des kultivier¬
1162 2119 2139 2167 galanten Triebe ehelos spazieren führt. Und just
2130 2118 3120 2179 die Schauspielerin Aigner (der geschiedenen Direk¬
-19 2138 191 2207 h wenige,
180 2145 1165 2195 ten Wienertums in Schnitzler, das notwendige Kom¬
1152 2153 2141 2219 diesem Aigner legt Schnitzler das Wort von der
2138 2165 3123 2224 torsfrau) bei einandersitzen, und jene weiß, daß ihr
-13 2175 188 2245 en, man
174 2180 1167 2239 plement zu dem, was ihn uns lieb und wert macht.
1155 2194 2141 2262 Seele als dem weiten Land, vom Chaos als dem
2129 2193 3118 2264 Mann sich mit dem Sohn Otto Aigner, dem Marine¬
11 2228 201 2288 als zu
182 2212 1163 2291 (Und wir erinnern uns, daß aus Oesterreich das
1159 2242 2144 2308 Natürlichen, von der Ordnung als dem Künstlichen
2133 2249 3118 2315 fähnrich schießt und in diesem Augenblick das Duell
-11 2268 195 2330 is als ei¬
174 2278 1163 2351 Dysangelium Freud seinen Ursprung genommen
1149 2280 2142 2345 in den Mund, und dies mitten im Trubel eines
2130 2298 3119 2361 schon zu Ende ist, während die Mutter Aigner von
175 2317 304 2383 hat.)
-15 2314 186 2379 ine wenn
1157 2329 2139 2382 Hotelvestibüls. Viele haben sie vielleicht nicht einmal
2125 2334 3118 2390 alledem nichts ahnt und der Ansicht ist, der Sohn
-14 2364 188 2424 reichere,
222 2355 1142 2424 Wir stehen mit dem Gesagten schon mitten in
1158 2374 2144 2435 genau verstanden. Man tut deshalb gut, über der
2137 2380 3115 2445 fahre am Abend nach Pola zum mehrjährigen
-5 2393 186 2478 Er hat
179 2390 1165 2476 der „Tragikomödie“ die wir jüngst auf unserer
1157 2414 2150 2489 Aufführung das Buch nicht zu vergessen; nie gewohnt
2130 2425 3119 2494 Marinedienst; und nun tritt zu den zwei Frauen
-19 2445 194 2503 ns. Er
171 2443 1160 2521 Bühne gesehen haben. Die Komödie wie die Tragödie
1156 2456 2137 2526 bei S. Fischer ist die Tragikomödie erschienen, ein
2127 2463 3120 2539 der Fabrikant Hofreiter, und er, der eben das einzige
-11 2488 191 2556 s mensch¬
177 2496 1163 2558 bezieht ihren Nährstoff wesentlichaus dem Boden
1150 2497 2139 2563 stattliches Bändchen von 174 Seiten; dieser Umfang
2130 2510 3123 2584 Kind der Frau Aigner im Duell erschossen hat, muß
-21 2534 188 2604 nschlichen
176 2544 1162 2599 des Sexuellen, oder vornehmer gesagt: der Liebe.
1146 2539 2143 2597 bedingt natürlich einige Striche für die Bühne. Ueb¬
2130 2560 3123 2622 ihr nun die Hand reichen und Höflichkeiten mit ihr
3 2570 202 2639 all das
173 2582 1170 2652 Im Mittelpunkt steht ein Fabrikant, der, im Besitz
1155 2582 2137 2660 rigens: der genannte Berliner Verlag bereitet eine
2130 2606 3112 2648 austauschen. Hier ist von irgend einer Komödien¬
-22 2617 193 2679 ber eben
174 2613 1167 2686 einer reizenden Frau, die ihn liebt, aus der Poly¬
1158 2637 2148 2699 Gesamiausgabe von Schnitzlers Dichtungen vor; mit
2138 2644 3116 2696 stimmung nichts mehr zu spüren, und wir sind
-11 2654 183 2732 mus ver¬
176 2674 1157 2742 gamie nicht herauskommt, der daher im Grunde völlig
1154 2683 2147 2751 dem Erzählenden wird sie beginnen, dann erst folgt
2138 2684 3116 2746 Schnitzler herzlich dankbar dafür. Denn um tiefstes
-18 2709 192 2769 mplizier¬
176 2712 1169 2784 begreifen würde, wenn seine Frau schließlich Glei¬
1159 2723 2148 2807 als zweite Abteilung das dramatische Oeupre des
2127 2720 2486 2790 Weh geht es da.
-17 2745 189 2814 h=starrem
175 2760 1160 2819 ches mit Gleichem vergälte, der trotzdem dann aber,
1150 2756 1506 2830 Fünfzigjährigen.
2173 2767 3115 2842 Die Aufführung brachte vieles in dem Stück zur
-11 2794 191 2870 ein Wort
167 2795 1160 2865 als dies wirklich eintritt (aus dépit amoureux, nicht
1205 2798 2137 2872 Daß sich Tragisches und Komisches tagtäglich,
2131 2815 3120 2877 richtigen Wirkung, nicht alles. Hr. Marx verdient
-18 2833 183 2899 ennzeich¬
179 2835 1160 2905 aus Leidenschaft, und darum doppelt abstoßend), den
1157 2830 2139 2914 stündlich unheimlich berühren, wer weiß es nicht?
2124 2865 3121 2919 für seinen Hofreiter warmes Lob; die Rolle verlangt
-11 2882 187 2948 s! Liebe
170 2887 1163 2958 jungen Liebhaber niederknallt im Duell, nicht sowohl
1151 2896 2137 2964 Fragt sich nur, ob diese Mischung so ohne weiteres
2127 2908 3112 2969 vielen Takt, wenn sie nicht ins sehr Unangenehme
-18 2926 192 2991 nbetung
180 2939 1158 2994 aus eifersüchtiger Wallung, die ja bei Ehefrevlern
1150 2938 2136 3000 auch ins Kunstwerk hinübergenommen werden kann.
2130 2932 3112 3011 geraten will; Hr. Marx vermied alles Forcierte, alles
-19 2968 178 3029 ern oder
176 2980 1162 3044 nichts Seltenes ist, als um sich künftig von einem
1153 2984 2135 3053 Schnitzler scheint mir da doch stellenweise zu sorglos
2124 2997 3117 3048 widrige Betonen des siegreichen Schwerenöters mit
-19 3011 186 3075 g in uns
170 3020 1166 3094 Bankier, mit dessen Frau der Fabrikant ein offen¬
1146 3024 2131 3099 vorgegangen zu sein. Der dritte Akt, im Hotel am
2123 3037 3108 3096 angegrautem Haar. Frl. Reiter bewahrte als Genia
-9 3059 181 3120 nung ist
172 3066 1153 3128 kundiges Verhältnis unterhalten hat, nicht unge¬
1147 3074 2129 3134 Völser Weiher, entgleitet sozusagen völlig in die
2125 3068 3118 3132 Hofreiter durchweg die Haltung der feinen Frau;
-18 3103 187 3171 rliche ist
166 3099 1166 3182 straft Sottisen gefallen lassen zu müssen. Daneben
1148 3113 2138 3178 Komödie, und damit schadet der Dichter seinem Werk
2124 3125 3105 3179 ihre Mimik gibt letzte, tiefste Regungen der Seele
-20 3152 3109 3237 wie ein bandelt der Fabrikant — Hofreiter heißt er, wie ganz entschieden. Was bleibt von diesem ganzen Akt?I nicht her, und die Färbung des Tones bleibt etwas
