3392 4320
245 148 1218 264 24. Das veite Land
1353 165 1824 264 box 28/5
1510 1493 3328 1567 gend. Es ist Mittagshöhe des Lebens. Und ach, noch immer dieses die Ehe sozusagen gedankenlos,
1527 1562 2760 1625 ewige Begehren, dieses Flattern der Gefühle, dieses Gleiten in Won¬
2750 1562 3333 1631 tugendhafte Frau. Frau Geni
1520 1615 2756 1660 nen und Fallen in Trübsal, dieses Gezogenwerden ins uferlose Meer
2747 1602 3335 1674 zweiflung zu, aber da ihr Hoffe#
1521 1653 3320 1719 der Leidenschaften, dieses Sich=Verlieren an eine Sehnsucht, dieses ihr eine ungetreue Frau. Si
1536 1692 3326 1768 hemmungslose Durchgehen des Herzens, wo der Verstand, die Moral, an, nicht aus unstillbarem Tri
1527 1730 2488 1805 die bürgerliche Weltordnung ihr Schuldig sprechen.
2740 1726 3324 1796 Fatum. Und der ungetreue G
2756 1778 3326 1840 Armen einer wurmstichigen Hal
1593 1767 2751 1846 Es sind nicht die starken Gefühle, die sterbebereiten großen Lei¬
2746 1826 3319 1882 ihren Küssen, knallt den ertapp
1518 1804 2751 1880 denschaften, die hier zu Katastrophen treiben, es sind in der Haupt¬
2746 1859 3328 1925 ihm selbst am meisten besudel
1539 1876 2763 1935 sache jene Empfindungen, die ein witziger Kopf „Gefühle mit dem
2757 1914 3315 1959 Genia sagt sich mit Schauder v#
1521 1922 2757 1976 Zylinderhut“ genannt hat, Spielereien müssiger Begehrlinge. Aber
2756 1955 3323 2006 und Glück vernichtet durch nich
2753 1994 3332 2057 Liebelei, Spielerei. Das Echte
1520 2005 2744 2062 im perschlungenen Liebesreigen zu zeigen, ist das Grundthema Schnitz¬
2755 2039 3316 2097 Genias zu ihrem Mann, war
1517 2044 2758 2116 lericher Dichtkunst. Der einstige Arzt ist ein „Liebesdenker“ der
2757 2086 3306 2136 er dennoch leichtsinnig betrog.
1531 2076 2752 2148 auch die Seele auskultiert, freilich ist es immer die erotische Seele.
2754 2104 3315 2183 am Schluß der Ruf ihres unsch
1525 2137 2760 2191 Und es reizt ihn ganz besonders, zwischen dem weiten Land des Ero¬
2757 2173 3288 2236 Grausames Land der Seele!
1524 2179 2756 2230 tischen, oder der Seele, wie er es nennt, und dem vom Herkömm¬
1522 2226 2770 2266 lichen gestützten Land der Legitimität die Verbindung zu suchen. Das
2819 2216 3301 2279 Doch nein, gewinnen wir 1
1536 2267 2756 2318 weite Land der Seele verwandelt sich zum Land des Außerbürger¬
2750 2262 3314 2331 ler hat uns mittels seiner Dich
1533 2305 2760 2366 lichen, darinnen die „Gebote der Väter“ pensionierte Begriffe wer¬
2746 2307 3319 2361 Kunst zu sich und seinen Me
1532 2348 2752 2408 den. Herrscher ist einzig das Verlangen. Sind sie wirklich sündhaft,
2751 2359 3315 2418 Wissen diese Menschen, die da
784 2337 1120 2441 18 10. Will
1529 2396 2755 2447 diese skrupellosen Uebertreter der korrekten Sitte? Mit diesem
2758 2392 3315 2455 und liebeln, nichts von Charah
2755 2444 3310 2489 Willens? Ich weiß, es wirkt
1539 2443 2754 2500 Fragezeichen entlassen uns die meisten Stücke Schnitzlers. Indessen,
2750 2483 3317 2538 ßerwort Pflicht in der Wel
1528 2480 2746 2537 wer sich auf den unterirdischen Dialog versteht, der versteht auch die
1539 2526 2748 2587 letzte Weisheit Schnitzlers, die ein lächelndes Verstehen, ein müder
2758 2522 3306 2574 Die „neuen Gefühle“ mißt md
1539 2569 1841 2643 Faialismus ist.
2743 2573 3324 2630 hat die Moral mit dem kategor
590 2575 1271 2677 Theater und Kunst.
2755 2610 3321 2668 Schnitzler sagt: Fatalismus, Di
1603 2599 2757 2677 Ist das weite Land nicht letzten Sinnes eine Romanze vom Fa¬
2750 2652 3320 2720 gegenüber nicht das Wort Etho#
1527 2658 2750 2715 talismus der Liebe: Ein Drama ist es kaum in seiner Ausgedehnt¬
380 2640 1543 2727 Residenztheater. Das weite Land. Tragikomödie von Ar¬
2757 2706 3308 2758 das Fragezeichen der Schnitzler
1537 2703 2755 2764 heit und Episodenzier. Wie Schnitzler den Mut zu seinen verwege¬
304 2709 1531 2768 tur Schnitzler. Wo er sie auch packt, die Schnitzlersche Welt
2759 2750 3320 2804 im Irrgarten der Liebe sind ##
1542 2752 2745 2799 nen Konstellationen der Geschlechter fand, so fand er auch den Mut
298 2750 1536 2817 bleibt eine Anaköllvelt. Keine Kämpfer durchschreiten sie, Genießer
2754 2787 3309 2851 Wiener Luft, Wienerwald, W
1535 2793 2758 2854 zu fünf Akten. In diesen fünf Akten ein Neigen von Herzen zu Her¬
302 2805 1526 2867 gehen in ihr spazieren. Die Lebensdinge, die Schnitzler mit der Gra¬
2754 2834 3306 2890 Sie, was das heißt? Man mn
1541 2837 2756 2894 zen, von keiner Elementarkraft getrieben, nur hin= und hergeworfen,
313 2843 1531 2901 zie eines kultivierten Wienertums feingeistig umdichtet, sind im
2753 2880 3310 2946 man da nicht eine Anatolseele
1541 2878 2756 2937 wie die Bälle im Tennis, das im Stück mit so konsequenter Aus¬
312 2883 1530 2940 Grunde Lebeweltdinge. Auch wenn er ins weite Land der Seele
1542 2924 2763 2987 dauer gespielt wird. Und am Ende hat jeder verloren und keiner
2814 2921 3300 2991 Unsere Aufführung war g
304 2940 1540 2990 dringt, in jenes an milder Schönheit und verruchtem Glück reiche
1539 2971 1759 3041 gewonnen.
2735 2959 3304 3034 nicht da! Das Weiche, die A
302 2978 1541 3028 Land der Verstrickungen, spielen die Menschen nur, naschen und nip¬
2764 3009 3306 3075 Prosa, möchte ich sagen, hörte
1609 3003 2745 3069 Das ist der Unterschied dieses letzten Stückes von den Anatol¬
299 3018 1544 3069 pen, liebeln und sterbeln. Er kommt nicht los vom Thema Liebelei.
2750 3059 3302 3118 dem Stück zwar ein gefälliges
1546 3033 2752 3109 und Liebeleistücken. Die Menschen, von einem Fatum geschoben, blei¬
310 3047 1533 3132 wie Hermann Bahr bis ins Alter hinein nicht los von seinem Thema
2757 3100 2969 3158 rahmt von
2956 3101 3306 3159 den Herren Klei
1518 3104 2760 3176 ben diesmal nicht im Gefilde liebenswürdig=holden Leichtsinns, sie
307 3107 786 3169 Theater kommen konnte.
2740 3131 3310 3209 doch wieder die Tragödic mehr
1536 3150 2449 3201 stürzen ins dunile Reich tragischer Verhängnisse.
379 3133 1536 3216 Und so ist auch dieses letzte Stück wieder nur eine Variation des
2748 3192 3303 3243 gen wirkte bildhaft und rühr
1608 3190 2756 3248 Anatol hat sich in den Fabrikanten Hofreiter verwandelt, in
300 3196 1542 3248 ewigen Themas, aber über der Liebelei, oder vielmehr den Liebe¬
2759 3229 3301 3302 im letzten Akte verlor auch sie
313 3238 2754 3305 leien, liegt nicht mehr der Duft des Frühlings, der Rausch der In= einen egoistischen „Männerich“ mit Abenteuergelüsten. Er brüchelt
2796 4087 3050 4181 —.—
