3436 4224
745 140 861 202 Ve
322 119 1279 265 24. Das „Lite Land
1441 140 1892 251 box 29/6
659 1780 1844 1886 auf eine minder umständliche Weise und mit Hintansetzung
1842 1815 3377 1901 die dichterisch wertvollste des im Grunde rohen Stückes. Es, eilt herbei und
656 1835 1847 1922 aller in solchen Fällen üblichen, überhaupt aller Formen.
1835 1869 3023 1934 ist geschehen, und Szuvorin trägt der Gefallenen, der in
3023 1877 3361 1949 weil ihm nichts
650 1877 1852 1967 Im übrigen benimmt sich Boris Bjerossow ungefähr ebenso
1847 1914 3021 1978 seine Arme Gefallenen, seine Hand an. Aber Zina weist ihn
3017 1931 3372 1992 Füßen hat sien
645 1911 1847 2016 wie der Wiener Fabrikant Hofreiter und wie sich jeder der¬
1838 1955 3023 2037 mit Entsetzen zurück: Boris verlassen? Mit einem anderen
3014 1965 3366 2038 Boris selbstherrli
642 1990 1841 2066 artige Mann in derartiger Lage zu benehmen pflegt. Er ist
1828 2002 3023 2066 Manne leben? Sie hann es sich nicht einmal vorstellen.
3016 2022 3367 2087 Mein Recht hat
644 2032 1838 2112 rasend vor Eifersucht, da er, im vierten Akt, aus dem Munde
1822 2051 2862 2111 Denn sie liebt Boris noch immer, trotz alledem.
2838 2064 3014 2142 „ „Auch
3011 2064 3371 2134 volles Verständn
658 2072 1836 2161 Zinas und in Gegenwart Szuvorins erfährt, daß er „es“ ist.
1827 2103 2874 2168 gestern, als ich bei=Ihnen war, war ich nur bei ihm.“
2867 2108 3022 2177 Und,
3016 2117 3365 2185 er noch hinzu, wo
653 2128 1832 2199 Vergebens sagt ihm der herveigerufene Freund, Larissas noch
1838 2143 2884 2222 den Gedanken des Zusammenlebens ablehnend:
2870 2157 3009 2220 „Ich
3024 2168 3346 2226 mein starker, i
647 2165 1832 2243 immer ahnungsloser Gatte, daß er selbst schuld ist, vergebens
1832 2192 3014 2264 würde Sie hassen, weil Sie nicht — er sind!" Boris
3012 2204 3367 2280 Schluß entschied
656 2210 1831 2301 sagt er sich das selber. „Das bleibt sich gleich! Das bleibt
1829 2238 3011 2311 nimmt dieses ihm verhängte Schicksal mit ebensoviel Demut
3018 2257 3367 2325 aufführung und
645 2264 1826 2350 sich ganz gleich!“ argumentiert er, in einem nicht eben vor¬
1825 2282 3009 2355 hin, als der andere sich mit Brutalität gegen das seine auf¬
3010 2303 3361 2371 sittlichen Skrupe
634 2314 1849 2391 bildlichen Deutsch, mit der Brutautät der Leidenschaft: „Ich
1828 2338 3006 2418 lehnt. Es ist ein Brackenburg=Schicksal, das Schicksal eines
3008 2356 3355 2418 zeugendes, weil
643 2352 1832 2436 bin, wie die Natur mich geschaffen, wie die Gesellschaft mich
1818 2377 2450 2452 Brackenburg, der erhört wird.
3010 2402 3354 2466 Uebrigens wird
640 2398 1818 2470 erzogen hat. Ein Kind unserer Zeit, ohne Glauben an irgend¬
1917 2423 3007 2499 Eine feinere Szene ist ferner der Auftritt zwischen
2998 2434 3343 2514 batschews Schauf
639 2460 1736 2534 etwas und dauernd nach neuen Genüssen verlangend.
1819 2465 3004 2547 Nikolaj, dem betrogenen Gatten Larissas, und Bjerossow.
3009 2500 3354 2573 ganze romantisch
635 2504 1833 2581 und da ihm der Freund, der ein Philosoph ist, sanfte Vor¬
1819 2524 3001 2588 Nikolaj hat einen anonymen Brief bekommen, in dem er auf
3000 2537 3358 2612 sitteterer Form,
646 2544 1818 2618 stellungen macht, daß er doch auch manchmal . ., brüllt er,
1813 2556 2994 2648 das stadtbekannte Verhältnis seiner Frau mit seinem
2998 2585 3339 2657 Freilich, Werthe
639 2586 1821 2670 ohne ihn ausreden zu lassen: „Das ist etwas anderes. Was
1810 2617 2998 2690 Freunde Boris aufmerksam gemacht wird. Der gute Nikolaj
2997 2642 3348 2703 vention und Leid
631 2630 1823 2710 einem anderen gehört, kann ich mir nehmen, das ist doch nur
1821 2661 3006 2738 kann und will es trotzdem nicht glauben. Zwei so hoch¬
1771 2681 1825 2731 4
2996 2685 3330 2752 kein Werther is
628 2679 1813 2757 natürlich. Aber mein Eigentum soll man respektieren!“
1811 2699 3003 2788 stehende Menschen!.. sagt er. Dennoch quält ihn die
2988 2724 3350 2804 und mag zeitgen
636 2732 1812 2810 Wenige Minuten später schießt er denn auch denjenigen, der
1817 2760 3005 2836 Eifersucht und er stellt Boris mit sanften Worten zur Rede,
3070 2775 3347 2839 Unter dem G
630 2766 1811 2855 sich an seinem „Eigenkam“ vergriffen hat, einfach nieder,
1805 2787 2987 2874 der entrüstet tut und bereitwillig sein Ehrenwort gibt. Aber
2986 2796 3348 2889 Artzibatschews D
626 2831 1808 2902 ohne Duell, ohne Herausforderung, nach dem Gesetz der un¬
1811 2842 2993 2926 indem er lügt, salviert er sich gleichzeitig in der Richtung zur
628 2880 1354 2946 zähmten Menschen.“ Das ist russisch.
2996 2870 3348 2937 Stimmungskomp
1815 2889 3000 2973 Wahrheit. Es ist nicht wahr, natürlich, aber schließlich,
2990 2914 3362 2988 den Crotik inner
726 2910 1813 3004 Russisch ist auch die Figur des jungen Offiziers. Im
1803 2943 2991 3015 wenn es wahr wäre? Ich begreife nicht, warum du das eine
2995 2964 3359 3022 Hälfte, und in
617 2967 1812 3040 zweiten Akt, während der Arzt seine zynische Theorie
1806 2991 2990 3055 solch fürchterliche Schlechtigkeit nennst. Es wäre doch keine
2989 2997 3352 3068 werdenden Schwi
622 3029 1823 3080 entwickelt, hat er schweigend zugehört, ohne ein einziges Wort
1814 3036 2999 3114 Todsünde und auch nicht naturwidrig.“ Und er nimmt wieder
2989 3062 3352 3131 und der nachfolge
615 3057 1811 3140 zur Unterhaltung beizutragen. Und erst später, da ihn Zina
1810 3080 2981 3155 die Gelegenheit wahr, um sein immer bereites Evangelium
2983 3098 3341 3171 Schulbaura
626 3120 1804 3191 zur Rede stellt und seine briefliche Werbung mild zurückweist,
1795 3114 2984 3201 der Leidenschaft zu verkünden. „Die Leidenschaft ist da, sie
2977 3144 3352 3214 heraus und sorgt
629 3150 1807 3231 sagt er, zu seiner Entschuldigung: „Ich liebe Sie; liebe
1805 3179 2986 3252 regt sich, sie verlangt ihr Recht; entgegen allen Gesetzen,
2980 3193 3345 3261 für ein hinreißen
621 3199 1806 3279 Sie, seitdem Sie ein kleines Mädchen waren. Sie waren das
1794 3211 2978 3303 die zu ihrer Ausrottung bestimmt sind. Ja, die Leidenschaft
2982 3241 3344 3317 des Hauptdarstell
608 3254 1799 3319 erste Weib, das eine lantere Leidenschaft in mir geweckt hat.
1801 3261 2981 3342 selbst ist das einzige Gesetz des Menschen, der zum Handeln
2972 3291 3340 3359 glücklichste unt
611 3306 1803 3372 Seitdem lebe ich nur für Sie, ausschließlich für Sie. Es gibt
1803 3317 2978 3403 bestimmt ist, der Taten vollbringen soll — des Mannes. Sie
2980 3340 3345 3405 diesem Punkte v
609 3341 1797 3422 auch solche Männer . . .“ Dann, im, vierten Akt, nächdem
1789 3361 2903 3443 ist der Quell seines Kraftrausches, seines Willens.
2982 3386 3334 3450 mehr, als der gu
612 3386 2978 3442 sich in der Zwischenzeit sein Liebesschicksal auf eine über¬ So denkt im Grunde auch Zina, wenn sie in der letzten Szene
2968 3433 3340 3498 geleugnet werden,
608 3445 3341 3556 raschende Weise erfüllt hat, hat er eine zweite Szene mit Zina, zu ihrem Mann zurückkehrt. Sie bat den Schuß gehört, sie=L und vierten Akt¬
2876 4102 3010 4193 —
