3344 4352
644 160 768 221 We
1348 157 1802 254 box 28/2
218 144 1210 261 24. Das „ite Land
449 921 1384 1018 lordwestdmrwehe Vergrs-Zeitung, Bidenburg
846 1085 1172 1182 118 10. MII
1605 1156 2807 1249 Zeit verlassen. Erna, ein junges, fürwitziges Mädchen, ist die
704 1161 1276 1257 Wiener Theater.
1602 1222 2807 1291 unmittelbare Veranlassung zu seiner Reise in die Dolomi¬
715 1233 1224 1321 „Das weite Land.“
1601 1260 2808 1347 ten. Hier in einem Alpenhotel, das von Doktor von Aigner,
468 1278 1491 1379 Tragikomödie in 5 Akten von Artur Schnitzler.
1601 1305 2819 1379 einem vollen Sinnenmenschen, geleitet wird, sinkt er in die
356 1346 1594 1450 Zum erstenmal aufgeführt im Burgtheater am 14. Okt. 1911.
1604 1346 2814 1442 Arme der empfänglichen Erna. Höhenrausch. Nach dieser
1602 1392 2817 1480 Episode kehrt Hofreiter wieder heim und findet seine Frau
507 1413 1448 1493 (Von unserer Wiener Redaktion.)
1604 1441 2814 1522 als Geliebte eines Marinefähnrichs wieder. Sie hatte sich
412 1459 1577 1546 Wer wüßte kundiger durch das weite Land der Seele zu
1606 1483 2803 1567 ihm nicht deshalb gegeben, weil sie ihn mehr liebt, als jenen
366 1496 1579 1589 führen, als Artur Schnitzler! Die Personen seiner Stücke,
1598 1525 2805 1615 Russen, sondern eben, um einmal auch „das Andere“ kennen
363 1549 1578 1629 wie die Gestalten seiner Romane u. Novellen, begegnen uns
1587 1586 2800 1659 zu lernen. Hofreiter ist augenblicks nicht sonderlich aufge¬
366 1598 1591 1675 alle Tage in den Straßen der Großstadt, in den Salons und
1595 1632 2801 1689 regt. „Ich atme wieder auf. Es ist gewissermaßen, als
373 1641 1578 1714 in den Kreisen jener eleganten Welt, die neben dem Adel
1594 1668 2816 1746 hätte sie Sühne getan für den Tod Korsakows, und zwar in
371 1689 1584 1768 die vornehme Gesellschaft vorzüglich Wiens vorstellt. Wir
1593 1716 2803 1792 einer höchst vernünftigen und schmerzlosen Weise. Sie fängt
366 1731 1580 1816 gehen täglich an ihnen vorbei und erzählen uns Anekdoten,
1594 1765 2811 1830 an, mir wieder menschlich nahe zu sein.“ Aber als so eine“
362 1772 1586 1858 die über den und jene im Umlauf sind. Kinder der Welt¬
1593 1805 2810 1896 Zeitung die Notiz bringt, der Russe sei das Opfer eines ame¬
363 1814 1579 1898 stadt an der blauen Donau, die modernen Wiener mit dem
1596 1853 2807 1928 rikanischen Duells mit ihm geworden, wird er erregt, zumall
361 1882 1576 1936 Hauche der uralten Eigenheit, ein Geschlecht, das wohl die
1599 1891 2800 1974 er hinter dem Schreiber einen von ihm betrogenen Ehemann
355 1911 1583 1993 Ideale der Väter nicht mehr so eifrig verfolgt, sondern sich
1582 1929 2795 2023 vermutet und daher machtlos ist. Und in dieser üblen Launs
357 1954 1584 2023 mehr oder viel mit Liebe und Liebelei beschäftigt. Selbst
1586 1979 2808 2060 fordert er den Fähnrich wohl nur aus Formali#t. Da er'
359 1996 1584 2079 keines innerlich starken Gefühls fähig, immer auf der Suche
1590 2026 2816 2104 ihm aber gegenübersteht, empört ihm der „freche, junge
357 2050 1576 2128 nach einem solchen, das wurde ihnen zum Hauptberuf; Ge¬
1576 2063 2801 2159 Blick“ er zielt scharf und streckt den Gegner nieder. Hofrei¬
361 2089 1567 2174 schäft, Politik, Kunst und Wissenschaft — so nebenbei. Sie
1582 2117 2795 2201 ter dürfte sich nun für eine tragische Gestalt halten und sein
360 2143 1570 2219 sind voller Widersprüche, wie das Leben selbst, eine Mischung
1586 2157 2799 2245 Leben ferner behaglich genießen. Vielleicht wird er jetzt
360 2183 844 2252 von heute und einmal.
1593 2208 2806 2298 ganz seinem Sohne gehören. Vielleicht. An das Ende ist
400 2230 1577 2303 Da haben wir als Typus diesen Friedrich Hpfreiter, einen
1586 2250 2095 2319 ein Fragezeichen gesetzt.
349 2291 1565 2356 reichen Glühlichtfabrikanten, geschäftstüchtig und ehrenhaft
1631 2288 2804 2379 Der Dichter versteht es, drei Stunden lang den Zuhörer
398 2328 1567 2395 — bis auf einen Punkt: die Liebe. Da nimmt er es nicht so
1575 2358 2794 2430 durch technische Meisterschaft in Spannung zu halten. Im
351 2368 1569 2449 genau und fragt nicht nach dem Eigentümer des Jagdreviers.
1566 2384 2788 2478 dritten Akt, dem Alpenhotel, bringt der Autor äußerst gelun¬
348 2411 1570 2478 Er macht auch vor seiner Frau Genia keine Heimlichkeit dar¬
1581 2441 2788 2522 gene, tüchtig gesehene Gestalten auf die Bühne, die in ihrer
351 2455 1558 2541 aus und nimmt an, daß sie sich damit abfindet. Möglicher¬
1583 2486 2792 2544 tollen Buntheit für wirksamen Humor sorgen. Obwohl der
352 2506 1559 2586 weise würde er es ihr gar nicht verdenken, wenn sie auf Ver¬
1579 2529 2787 2622 dramatisch schwächste Teil des Stückes, gefiel er außerordent¬
349 2552 1561 2623 geltung dächte. Er hat sie ohnedies im Verdacht, mit dem
1584 2572 1695 2632 lich.
342 2586 1564 2660 russischen Pianisten, seinem „Freund“. Der Russe erschießt
1621 2618 2795 2695 Den Schauspielern machte es Schnitzler nicht leicht. In
346 2635 1572 2728 sich plötzlich, wodurch der Verdacht noch wächst. Alles will
1565 2631 2790 2730 der Rolle des oberflächlichen, jeder Stimmung unterliegen¬
335 2682 1562 2752 er wissen; nicht aus Eifersucht, sondern aus psychologischem
1574 2710 2783 2786 den Hofreiter stand Herr Korff an der rechten Stelle.
347 2727 1559 2805 Interesse, um, „wenn er auch ein Ehemann ist, ja kein Trot¬
1570 2752 2782 2819 Selbst den kühnsten Szenen zeigte sich der Künstler gewach¬
345 2771 1546 2854 tel zu sein“. Genia gesteht, der Virtuose habe sich getötet.
1565 2795 2778 2876 sen. Es war eine wohldurchdachte, glänzende Leistung.
344 2816 1551 2897 weil sie ihn nicht erhörte. Sein letzter Brief beweist es.
1573 2830 2779 2920 Frl. Marberg gab die unverstandene, sündig gewordene
342 2861 1561 2934 Hofreiter fraat sich, ob seine Frau recht getan durch ihre Tu¬
1577 2887 2786 2952 Frau Genia mit einer wahrhaften Empfindung. Herr Ge¬
338 2906 1559 2983 gend einen Menschen in den Tod zu treiben. Er nimmt ihr es
1574 2938 2783 2996 rasch als Fähnrich, Herr Heine, Herr Devrient und
336 2946 1545 3024 im Grunde übel u. kann es nicht verstehen, daß Genia nicht
1572 2976 2784 3050 Frau Bleibtreu in kleineren Partien, sind lobend zu
335 2995 1560 3065 Vergeltung geübt, obwohl sie dem Russen gewogen war. Das
1563 3021 2778 3099 nennen. Man kann sich die Gestalten aus dem Stück gar nicht
332 3039 2781 3109 ist ihm unheimlich und er will daher seine Gattin für eine  wegdenken. Frl. Hofteufel war als Erna zu wenig
2824 1174 3302 1259 charakteristisch, währen
2824 1244 3308 1305 Rahmen der figuren= u
2831 1284 3309 1360 guter Haltung einfügte
2864 1334 3315 1393 Auch die stilgerechten
2822 1350 3300 1441 erkennung. Sie passen
2811 1422 3310 1480 psychologisch feinen, ni
2823 1469 3301 1525 rechneten, aber durchwe
2826 1514 3310 1583 Erfolg war ein sicherer
