3392 4352
717 133 779 188 W
1418 114 1872 224 box 28/4
305 121 1273 233 24. DasseiteLand
1028 661 2143 744 Donnay, ein Porto=Riche, sind sicherlich Schnitzlers
2157 662 3270 735 wurzelten plötzlich beim Schopfe faßt, so daß er den
1034 725 2138 774 nächste Verwandte. Aus dieser alten guten Theater¬
2146 718 3270 787 jungen Mann, mit dem seine Frau dann schließlich doch
1034 781 2133 828 schule, die freilich nicht eben die Schule des Dramas
2145 776 3266 843 die Ehe bricht, in einer plötzlichen Wallung totschießt.
1026 827 2147 877 ist, erwuchsen für Schnitzler neben verhältnismäßig
2156 830 3268 888 Die Welt dieser Seelen ist wirklich das Chaos; aber
1022 878 2138 947 kühlen und schwachen Produkten (Vermächtnis, Freiwild)
2159 877 3261 946 ein verständiger Mann in Schnitzlers Stück sagt: „ich
1020 916 2136 976 die erfolgreich starken Szenen seiner besten Stücke von
2147 927 3166 979 versichere Sie, es gibt eine kräftigere, reinere — —
1020 975 2136 1038 der „Liebelei" bis zum „Einsamen Weg“, erwuchs ihm
2146 972 3267 1018 Das Leben besteht ja noch aus allem möglichen anderen,
1015 1021 2149 1087 vor allem sein stärkstes Werk: „Der grüne Kakadu“; da
2144 1024 3265 1087 als aus Abenteuern einer gewissen Art.“ — Sehr, sehr
1038 1071 2142 1129 gelangte das vollendetste Theatergeschick gleichsam über
2149 1077 3265 1133 wahr! Nur, daß Schnitzler in diese andere Welt durch¬
1031 1122 2140 1177 sich selbst hinaus, und in der grotesken, beklemmenden,
2137 1121 3275 1182 aus nicht hinübergelangen zu können scheint; nur daß
1030 1172 2137 1233 schließlich entsetzensvollen Mischung von Spiel und
2141 1180 3260 1240 er uns immer wieder und wieder das Theater dieser
1028 1212 2138 1285 Leben entsteht weit mehr als ein Theaterstück: es ist eine
2147 1213 3270 1276 müden, morschen, totgeweihten Seelen vorführt. Und da
719 1213 944 1334 24
1029 1266 2136 1330 Tragödie, es ist die Tragödie des ästhetisch verseuchten
2145 1272 3257 1327 wiederholt er sich, sagt schwach und unsicher, was er früher
1027 1311 2145 1381 Lebens, der zweckbaren, romantisch aufgelösten Existenz.
2145 1322 3268 1383 stark und schön gesagt hat. Die ersten beiden Akte haben
2138 1369 3265 1420 mich gelangweilt, trotz oder wegen all des spielerischen
1122 1370 2147 1429 Schnitzlers Theatertalent also in allen Ehren. Aber
2149 1415 3267 1481 Geschicks, mit dem diese Dialoge, die alten, alten Liebeleien
1035 1421 2140 1485 goutieren mochten wir es doch nur, wo es im Dienste
214 1387 860 1509 Max Goldschmidt
2155 1467 3270 1512 umkreisten. Die letzten zwei Akte aber haben mich arg
1027 1475 2140 1536 eines starken Gefühls, einer heftigen Leidenschaft arbeitete.
215 1482 735 1570 E2 Bureau für
2150 1513 3257 1565 verstimmt wegen des untergrundlosen Theaterelans, mit
1029 1524 2142 1584 In der neuen Tragikomödie „Das weite Land“ scheint das
2153 1564 3269 1615 dem diese matten Geschichten zu starken Szenen gehetzt
223 1540 754 1645 Zeitungsausschnitte
1029 1577 2141 1633 Gefühl schlaff, die Leidenschaft mühsam, und das Theater¬
2153 1609 3271 1667 wurden. Wenn im letzten Akt die Mutter des jungen
1028 1630 2133 1683 talent arbeitet leer und laut. Schnitzler wieberholt sich
187 1629 350 1704 N. 24
596 1625 897 1708 Teiepben IIIl. 18
2149 1669 3265 1729 Menschen, von dem wir wissen, daß er eben im Duell
1027 1672 2134 1728 wieder und immer wieder; — das haben zwar Hebbel
463 1671 890 1763 aeeg imunune
2155 1706 3262 1767 erschossen wird, bei der betreffenden Frau ahnungslos,
1033 1717 2145 1766 und Ibsen im Grunde auch getan, aber es scheint doch,
276 1737 652 1836 Ausschnitt aus
2148 1755 3266 1829 liebevoll und edel zu Besuch erscheint, wenn schließlich
1030 1772 2134 1835 daß ihr eigenes Thema ergiebiger, welthaltiger sozusagen
2153 1813 3274 1863 auch der betreffende mörderische Mann zurückkommt, und
1029 1818 2144 1884 war, als das Schnitzlersche. Denn was Schnitzler aus¬
2157 1861 3266 1922 nun ein allgemeines Sich=nichts=merken=lassen anhebt,
1023 1857 2143 1920 schließlich beschäftigt, ist das Schicksal des spielerischen,
187 1835 740 1973 s Gegenwart, Berlin
2144 1910 3256 1984 so ist das eine Nervenqual, die unabweislich an Suder¬
1037 1916 2141 1979 nur genußsüchtigen Menschen, des Menschen ohne Zweck
2147 1958 3265 2018 mannsche Theaterszenen erinnert. Schnitzler wird sagen:
1028 1977 2130 2039 und ohne Sachinteresse, der schließlich inmitten aller
2146 2010 3261 2062 dergleichen Situationen gehörten mit zum „Chaos“. Nur
1026 2014 2136 2066 Schönheit ermüdet, verekelt, verwirrt zugrunde gehen
182 1973 516 2113 #
2144 2052 3256 2110 ist unser Interesse an diesen faulen und faulenden Ge¬
1029 2053 2147 2111 muß. (Weil durch dieses Leben doch nur der Geist der
2148 2107 3272 2153 schöpfen nicht mehr groß genug, um uns etwas anderes
1029 2113 2147 2182 Sachlichkeit, der Geist, der die Zwecke setzt, treu bis ans
2156 2148 3253 2219 als das entsetzlich Peinliche der Situation empfinden zu lassen.
1026 2163 2150 2226 Ende keitet!) Das ist ein ernstes, ein wichtiges Thema
176 2184 832 2283 us Berliner Theatern.
2244 2210 3252 2265 Nur im dritten AAkt, in der Mitte, gibt es Erfreu¬
1030 2205 2145 2277 inmitten einer Zeit, deren überkultivierte Oberschicht sich
1035 2256 2150 2326 ganz eigentlich in „Wohlgefallen“ aufzulösen droht. Aber
2144 2266 3254 2324 liches: Ein buntes Hoteltreiben ist flott und witzig hin¬
161 2258 817 2362 chnitzler und Sudermann.
1036 2312 2135 2375 es ist doch ein negatives Thema, und ein rein kulturell
2151 2309 3266 2373 gezeichnet, und eine Liebesszene von wirklich starkem
178 2330 1016 2415 and“, Uraufführung im Lessing=Theater.
2152 2362 3264 2426 Reiz wächst daraus hervor. Ein junges Mädchen, das
1035 2362 2137 2428 fundiertes dazu — es kann sich nicht mit allzu vielen
179 2402 1009 2485 er von Sprakus“, Uraufführung im König¬
1027 2407 2143 2470 verschiedenen Wirklichkeitskombinationen vermählen.
2140 2397 3259 2481 sich nicht nehmen und verführen läßt, das sich zu ihrer
213 2451 737 2528 lichen Schauspielhaus.
1024 2461 2137 2523 Schnitzler hat im „Einsamen Weg“ die lyrisch stärkste, im
2145 2457 3263 2503 Liebe und ihrer Lust bekennt und selbst fest zugreist.
2155 2506 3260 2558 Darin ist etwas Schönes, Freies, Zukunftsvolles, etwas
1024 2515 2137 2570 „Zwischenspiel“ die psychologisch feinste, im „Grünen
176 2499 1024 2584 ren gewöhnt und gern gewillt, die Namen
1031 2559 2144 2625 Kakadu“ die dramatisch großzügigste Variation dieses viel¬
2148 2559 3263 2633 das an die besten, die dichtergleichen Momente von
175 2569 1010 2637 d Sudermann in einen möglichst großen,
2143 2605 2719 2679 Bernard Shaw heranreicht.
1023 2593 2133 2655 mal gespielten Themas gegeben — im „Weiter Land“
168 2620 1014 2673 in überbrückbaren Abstand voneinander zu
1022 2652 2151 2718 gibt er seine schwächste. Von welchem Dichter, der nicht
183 2668 1023 2725 aber scheint es mir etwas mehr als der
2245 2646 3253 2725 Die Geste dieses wahrhaften Menschenkindes gab
1034 2704 2141 2767 Schnitzlers wohlerworbenen Kredit besäße, würden wir
170 2716 1013 2789 Theaterwoche, was es ermöglicht, die beiden
2138 2709 3259 2778 Hilde Herterich herzhaft und rein. Sonst aber ließ das
1032 2750 2134 2813 uns eigentlich eine Plattheit wie die, daß die Seele ein
170 2768 960 2825 erbinden. Obschon man es ungern tut.
2145 2767 3252 2835 Lessingtheater den Autor am entscheidenden Punkte im
1034 2806 2135 2867 „weites Land“ sei, als Motiv für einen Stücktitel ohne
159 2811 1016 2872 ashätte von der unbedenklichen Art, mit
2149 2819 3256 2879 Stich. Der altbewährte realistische Apparat des Hauses
1035 2854 2142 2904 Hohn gefallen lassen? — Der gut französische Näsonneur
170 2862 1016 2917 Mann aus Littauen Gott, Welt und Zeit
2140 2864 3261 2933 arbeitete zwar in allen Ensembleszenen vortrefflich,
1034 2901 2133 2958 des Stückes teilt uns also glatt und platt mit, was uns
162 2912 1016 2970 seine kräftigen Aktschlüsse einzukleiden, was
2147 2916 3263 2964 leicht und geräuschlos, aber die Hauptrolle spielte Herr
1032 2944 2136 3015 Schnitzler früher oft hat stark fühlen lassen, daß die Seele
164 2957 1010 3017 ser theatralischen Gewalttätigkeit ferner ge¬
2149 2964 3259 3031 Monnard, Erbe und Doppelkopist Rittners und Basser¬
1034 3001 2136 3064 ein Chaos sei, in dem es schwer wäre, Ordnung zu schaffen.
167 3002 1023 3074 die stille, müde, ironisch sentimentale Poesie
2149 3005 3262 3074 manns. Er ist sehr charakteristisch für den unentwegten
1036 3046 2140 3103 Das ist ja nun freilich wahr für die Welt dieser kleinen
174 3072 1022 3116 = und „Reigen"=Dialoge, als dies lautlose
2151 3060 3261 3130 Geschmack seines Direktors, dieser Schauspieler: er hat
1035 3095 2134 3148 Wiener Gesellschaftsseelen, die nichts als den sinnlichen
171 3109 1011 3172 vischen Ernst und Spiel, Form und Wirk¬
2148 3112 3260 3168 nur die negativen, die naturalistischen Tugenden, er ist
1028 3144 2130 3210 Genuß des Augenblicks suchen und wollen, und Tag und
162 3145 1016 3228 in die Herzensdämmerung des alten Wien?
2151 3160 3237 3211 nicht laut, nicht pathetisch, nicht aufdringlich —
1024 3186 2137 3246 Nacht Tennis und Liebespielen. Diese Welt, in der einhöchst
166 3208 1020 3264 ollen wir nicht vergessen, daß dieser lyrische
2141 3198 3251 3273 aber sonst ist er auch nichts, nichts, gar nichts, eine
1028 3245 2135 3312 ungebundener Ehemann es einfach „nichtverstehen“.
160 3251 1025 3309 Schnitzler schon immer Neigung und Talent
2144 3251 3256 3330 gähnende Leere. — Irene Triesch, die die schließlich doch
1028 3279 2138 3359 kann, warum seine Frau mit einem jungen Manne, der
2149 3311 3256 3361 ungetreue Gattin dieses gleichgültigen Verführers und
167 3295 1013 3379 kheater gezeigt hat. Ich meine das zunächst
1027 3346 2132 3414 doch gern wollte, nicht die Ehe brach (Darauf beruht
177 3355 1022 3421 Vorwurf. Schnitzler kommt weniger von
2143 3351 3256 3411 Duellanten spielt, ist etwas; sie erfüllt die Bühne mit
1022 3378 2137 3450 die Handlung des Stückes nämlich) — diese Welt, die
2140 3401 3258 3475 dem wehmütigen Mollton eines schweren Menschen:
169 3398 1011 3459 ls zusammen mit dem späteren Ibsen aus
1024 3443 2134 3498 sich zu stumpfsinnigem Behagen all der großen sittlichen
2197 3442 3254 3509 aber wenn man es hinterher besieht, so war diese
180 3454 1009 3511 der französischen Gesellschaftsdramatik:
1032 3490 2139 3561 Ideen beraubt hat, mit der wir unsere Kulturwelt
171 3503 1022 3566 moralische Thesen sollen diskutiert und
2139 3499 3254 3560 in sich schöne Gestaltung falsch, denn, wenn diese
1031 3540 2132 3606 zimmerten, ist wirklich ein Thaos, und es ist deshalb gar
168 3558 1022 3611 rch eindeutig starke Situationen illustriert
2145 3549 3255 3607 Frau nicht sehr viel leichtlebiger, harmloser, unbe¬
1035 3600 3266 3641 nicht überraschend, wenn der Naturtrieb diesen Ent= deutender ist, dann sind all diese Verführungs= und
179 3586 1027 3679 letzten und feinsten dieser Franzosen, ein
