3344 4320
1356 133 1807 222 box 29/5
242 124 1206 226 24. Das beiteLand
795 754 1159 926 G.2.
778 1037 1627 1115 Eine Hand strich ihr übers Haar — eine
737 1099 1193 1153 andere hob ihr Gesicht —
629 1110 710 1160 se
790 1130 1636 1204 Der Ernst ihres Lebens stand vor ihr und
734 1182 938 1259 lachte
643 1324 714 1375 .
739 1291 1221 1389 Direklion Rotfer
653 1372 720 1423 n
1078 1376 1625 1475 im Lessinglheater.
862 1467 1490 1542 Schnitzlers „Weites Land“.
790 1536 1629 1594 Es ist Ende November geworden, bis jetzt
743 1588 1617 1642 an einer der wichtigsten und traditionsreichsten
738 1637 1623 1685 Berliner Schauspielbühnen die Schauspielsaison
746 1673 1636 1727 begonnen hat. Die Direktion Rotter eröffnet
738 1726 1629 1767 das Lessingtheater. Wieder nur als Provisorium
740 1774 1633 1813 eines Jahres. Und mit Schnitzlers „Weitem
739 1803 1629 1860 Land“, einer Aufführung, die sie im Residenz¬
742 1849 1638 1917 theater längst verwertet hat, bis an die Grenzen
746 1896 1219 1947 des Steuerkartensystems.
803 1940 1630 1994 Diese Tragikomödie von 1910 müßte gegeben
748 1990 1633 2051 werden, so wie wohl ihr Dichter sie heute sieht:
745 2035 1637 2091 lyrisch, mit allen feelischen Untertönen, dämmer¬
750 2078 1645 2144 dunkel, resigniert=zerrissen. Wie, mit Basser¬
743 2128 1637 2179 mann, der „Einsame Weg“ war und ist. (Denn
747 2166 1638 2215 mit nichten ist Schnitzlers Welt verblaßt. Das
747 2219 1634 2262 weiß, wer den Erzähler Schnitzler kennt und
748 2261 1632 2310 den großen, den ewigen, doppelten Schauer der
747 2306 1642 2350 Todesgegenwart darin fühlt und der Liebes¬
745 2342 1636 2396 verstrickung.) Das Lessingtheater hat zum Re¬
745 2384 1631 2445 gisseur Herrn Kanehl. Schriftstellerisch (und
759 2430 1641 2481 politisch) Exponent einer jungen Generation,
753 2473 1636 2522 hält er sich als Bühnenmann an die Oberfläche,
755 2523 1639 2581 an das Konversationsstück, an das Theater von
746 2564 1644 2614 vorgestern, das süßliche und glatte. Oder er
742 2603 1638 2661 zeigt nicht Persönlichkeit genug, um gegen die
751 2659 1644 2700 Routine seine eigene Auffasseing zu erzwingen.
786 2705 1628 2760 Das Ensemble ist von innen überaltert. Was
743 2747 1631 2805 dazwischen neu sichtbar wird, rechnet nicht. Die
754 2793 1637 2840 Prominenten sind versammelt, die man für den
751 2837 1638 2885 Zettel braucht; und das ist schädlich als Methode.
751 2892 1647 2935 Aigner=Christomanos der lebfrische Ferdinand
751 2925 1636 2974 Bonn. Die Schauspielerin Meinhold, immer
753 2968 1636 3010 noch voll Würde, feierliche Repräsentantin der
754 3008 1640 3070 Vergangenheit, die Sandrock. Dann das
741 3049 1637 3110 Ehepaar Hofreiten; er um Vierzig, sie einund¬
739 3094 1634 3150 dreißig. Noch trifft Herr Korff virtuos den
740 3139 1626 3197 Charakter, der damals sein Ruhm am Burg¬
753 3183 1637 3238 theater war, die Renaissancenatur vom Cottage
754 3226 1642 3272 (oder vom Babener Villenviertel), die soignierte
745 3271 1648 3320 Kraft mit dem Zusatz selbstgefälliger Weichlichkeit.
751 3313 1644 3372 Aber auch er ist, von den Spuren der Zeit nicht
749 3366 1648 3411 verschont, matter als früher. Frau Triesch ist
751 3401 1634 3450 Frau Genia, die melancholisch klagende, und so
755 3443 1646 3497 sehr sein und wahr; doch sie kann nicht mehr die
746 3483 1639 3546 Genia der erotischen Krise sein, der psychisch¬
750 3537 1634 3583 physiologisch bedingten. Neben ihnen: Herr
752 3568 1646 3615 Schroth als der Zyniker Natter, Frau Lim¬
752 3608 1644 3673 burg, für diese Sphäre zu keß und scharf,
754 3665 1645 3729 Frau Schneider=Nissen als Mama Wahl,
2146 966 3035 1031 Herr Falkenskeln als Rhon, der Dramatiker,
2138 1024 3039 1070 mit seinem bekümmerten, stets gleichen Seehunds¬
2142 1066 3031 1126 humor, der nicht für des Lebens Ernst prädesti¬
2138 1125 3033 1166 nierte, charmante Herr Alexander, und als
2133 1157 3018 1214 Erna Wahl Fräulein Ellen Tietz, kalt und un¬
2126 1192 2307 1250 bewegt.
2827 1195 3005 1269 P. w.
