3436 4384
-1 2444 67 2513 5.40
1390 146 1849 229 box 28/4
269 146 1239 249 24. Das weiteLand
420 911 906 990 Δ Aussehnitt aus:
446 922 1045 1031 iansargae
417 998 634 1084 E vom:
815 1010 1504 1127 Mazziuinn Sud, Bresiet-
1186 1085 1524 1205 e
726 1202 1361 1304 Der Gegenstand in der Kunst!..
653 1264 1410 1351 (nebenbei: Schiller triumphiert als
663 1330 1383 1405 Astbetiker immer mehr, je öfter
662 1383 1388 1456 er überwunden wird) ... ich versetze
661 1433 1384 1503 mich um einige Wochen zurück und
652 1479 1390 1552 sehe im Lessing=Theater
662 1519 1392 1599 Schnitzlers Tragikomödie „Das
642 1577 1380 1653 weite Land“. Ich schmunzele
642 1629 1376 1699 als Schriftsteller behaglich über die
657 1686 1389 1744 mübelose Kunst des alten Rontiniers,
647 1731 1391 1782 womit er seinen Einfällen Falter¬
644 1783 1376 1848 flügel verleiht, und dem endlosen
646 1831 1381 1898 Geplausch das Aueseben von Ein¬
637 1879 1381 1948 fällen, daß man glaubt, sie greifen zu
635 1927 1373 1994 können, und bei näherem Zuseben er¬
642 1977 1376 2048 stanntist, nichts in der Hand zu haben.
642 2028 1376 2093 Ich empfinde einen kalten Respekt
636 2077 1373 2141 vor der bürgerlichen Echtbeit, mit
632 2131 1363 2191 der Schnitzler seine Menschen beialler
632 2164 1361 2237 Kälte, die er ihnen erzeigt, doch aus¬
634 2218 1315 2283 zustatten nicht unterlassen kann.
722 2279 1368 2341 Aber was sagen mir diese Men¬
638 2318 1364 2388 schen, deren ganzes Denken unt Wün¬
634 2366 1367 2437 schen sich monomanisch um einen
629 2431 1358 2486 Punkt dreht, aus dem sie doch das
620 2480 1357 2540 grenzenlose Gefühl ihrer Überflüssig¬
618 2515 1356 2588 keit auf dieser Welt, an dem sie alle
621 2568 1354 2634 leiden, nicht kurieren können? Was
629 2619 1356 2690 sagt mir dieses „weite Land“,
621 2670 1359 2737 das doch so trostlos einförmig ist,
620 2719 1360 2786 das Land der modern maskierten
625 2760 1347 2835 Satyrn und Nymphen, die in
616 2821 1355 2872 ermüdender Wiederholung den
616 2856 1347 2933 Schnitzlerschen „Reigen“ aufführen?
617 2899 1355 2982 Tragikomödie? Lächelnd finde ich
617 2962 1353 3031 die Komik nur darin, daß ein Mann
614 3011 1342 3079 von Geist nicht müde wird, einerent ig
610 3044 1357 3143 schaffenden Generation eine Welt¬
608 3188 1340 3287 anschauung der allgemeinen Pro¬
607 3257 1337 3345 miskuität aufzureden, und tragisch
597 3294 1340 3392 ist es allerdings, daß er es,
592 3338 1334 3435 statt mit frechem Hohn, mit ge¬
595 3391 1345 3498 furchter Stirn und elegischem
589 3442 885 3509 Lächeln tut.
2576 799 2815 883 Belblatt
1931 808 2121 960 10
2296 868 3127 962 Redaktion und Expedition: Berlin SW 68
1988 1040 3175 1084 mit ansehen. Dabei wird die Gelegenheit benutzt, dem Zuschauer
1994 1076 3181 1126 die innere Einrichtung eines solchen Unterseebootes vor Augen zu
1999 1123 3183 1173 führen. Die Hebung des gesunkenen Bootes gelingt mit Hilfe
1991 1162 3195 1216 eines Hebeschiffs, und zur Fuer der Rettung findet ein Schlußbild
1997 1196 3195 1245 auf dem Panzerkreuzer „von der Tann“ ein großes Fest statt, bei
1989 1228 3200 1284 dem die Marineabteilung der Berliner Jugendwehr sich in militäri¬
1995 1271 3190 1322 schen Exerzitien glänzend bewährt. Hervorzuheben ist vor allem
1992 1302 3199 1359 das dritte Bild „Die Wunder der Tiessee“ das das Leben auf dem
1994 1330 3200 1402 Meeresgrunde und den Kampf der Taucher mit den Meeres¬
1988 1379 3198 1436 ungeheuern sehr gut veranschaulicht. Die Tänze des Ballettkorps
2002 1414 3197 1479 sind mit bewundernswerter Exaktheit einstudiert und ebenso
1996 1472 3195 1514 wirkungsvoll wie die glänzenden Lichteffekte. Das neue Aus¬
2004 1498 3203 1566 stattungsstück wird dem Kommissionsrat Busch für lange Zeit ein.
1998 1543 2372 1606 volles Haus sichern.
2205 1650 2954 1760 Polizei und Gericht
2057 1738 3198 1791 Keine Revision im Prozeß Wolff Metkrnsch.= Graf
2005 1766 3203 1837 Gisher! Wolff Metternich hat auf  ons Techtsmittel der
1988 1814 3206 1868 Mvision verzichtet. Wie man uns mitteilt, soll fir ihn die Er¬
1997 1858 3201 1920 wägung ausschlaggebend gewesen sein, daß bei Verzicht auf die
2010 1893 3210 1952 Revision die noch zu verbüßende Strafe von drei Monaten Ge¬
1995 1935 3210 1994 fängnis von jetzt ab läuft und er ohnedies in der Sache Stall¬
2469 1974 3200 2029 kann auf diese Weise, was er als
1993 1982 2419 2041 mann in Haft sitzt.
1988 2010 3201 2068 einen besonderen Vorzug betrachtet, die Strafe im Unter¬
1986 2046 3209 2120 #suchungsgesängnis verbüßen. Hätte er das Urteil nicht an¬
1992 2106 3206 2142 erkannt, so wäre ihm die Zeit, die bis zum Urteil des Reichs¬
2049 2133 3204 2191 ichts verstreicht, nicht angerechnet worden. Aus diesem Grunde
2051 2170 3193 2225 en ihm seine Verteidiger, obgleich sie die Revision an sich für
1989 2205 3210 2271 aussichtsvoll erachteten, geraten, sich bei dem ergangenen Urteil zu
1985 2267 3216 2288 beruhigen und es nicht darauf ankommen zu lassen, ob das Reichs¬
1987 2288 3218 2340 gericht das Urteil aufheben und in einer etwaigen neuen Verhand¬
1985 2303 3226 2386 lung ein anderes Ergebnis gezeitigt werden würde. Nach einer
1987 2363 3218 2432 Rücksprache mit seiner Gattin hat denn auch der Verurteilte dey
1988 2403 2601 2469 Verzicht auf die Revision erklärt.
2124 2486 3216 2625 Kunst und Wissenschaft Aur
2418 2604 2767 2669 Lessing=Theater
2091 2644 3207 2738 „Das weite Land“, Tragikomödie in fünf Akten von Arthür
2002 2702 2309 2762 Sm
2075 2729 3174 2789 Schnitzlers melancholische, graziöse Kunst verlengnet sich —
1989 2776 3201 2827 leider — auch in seinen Dramen nicht. Ja, es scheint, als ob ihr
1997 2819 3203 2871 je länger, desto mehr auch in seinen Bühnendichtungen die führende,
1999 2858 3217 2904 alles andere überdeckende Stimme zugeteilt werden soll. Leider!
2001 2905 3206 2954 Denn Schnitzlers Dramen leben dann nur durch feine Stimmungen,
2003 2931 3209 2983 und dieses Leben ist dementsprechend ein zartes, leis blühendes,
1992 2978 3215 3025 das man behntsam pflegen muß. Daran ändert im neuesten Fall
1996 3006 3205 3075 die Tatsache nicht, daß der Dichter einige Lustspiel=, beinahe Possen¬
2001 3051 3219 3094 typen hineingestellt hat, so den ewigen Tennisspieler (der mit
2009 3085 3212 3148 seinen stereotypen Bemerkung allmählich auf die Nerven fällt), so im
2007 3120 3214 3183 Dolomitenhotel den todmüden Touristen, der von der Hotelglocke
2002 3171 3211 3216 aus dem Schlaf aufgeschreckt wie vor tausend Teufeln „über die
2001 3201 3211 3262 ganze Bühne“ zur Tür hinaus flüchtet. Dramen Schnitzlers aus
2009 3232 3209 3297 den letzten Jahren heißen „Der einsame Weg“ „Der Ruf des
2010 3296 3216 3344 Lebens“ „Das weite Land“. Lyrische Titel, nachdenkliche Titel.
2004 3321 3215 3369 „Das weite Land der Seele“ ist ein verschwimmendes Land, in
2009 3358 3219 3409 dem sich Schnitzlers kontemplative Schilderungen mit ihren feinen
2014 3401 3220 3449 Kanälen verlieren. Er ist der Maler der Zwischenfarben, der
2001 3434 3223 3485 Dichter der Zwischenspiele und Zwischenstufen, der verwischenden
2002 3471 3225 3527 Grenzen. Und sast immer handelt es sich bei ihm um das Liebes¬
1996 3511 3208 3589 leben. Bei Schnitzler ist „ihr ganzes Weh und Ach von einem
2130 3569 3225 3652 Das Werk ist soeben in S. Fischers Verlag, Berlin, in
1996 3618 2389 3687 Buchform erschienen.
