3296 4320
1298 80 1735 169 box 29/1
591 82 722 158 WO
986 100 1034 155 1
175 90 1136 197 24. Das „110 L
2325 452 3202 533 S
2267 524 3207 574 einem andern. Ein anderer liebt seine Frau
1296 522 2252 580 zu seiner zersetzenden Beobachtungsgabe in cro¬
345 527 1287 582 aller Vergröberung dramatisch doch so un¬
2266 568 3215 624 zärtlich, was ihn aber doch nicht abhält, sich
1317 553 2245 613 ticis eine Anmut in der Wortführung verliehen,
350 564 1294 624 wirksam gebliebene Textdichtung, die den Kom¬
2270 588 3217 649 in fremde Liebesbande zu begeben, überdies
1312 591 2246 648 die ihresgleichen sucht. Leichtfüßig wie seine Ge¬
348 606 1295 656 ponisten natürlich lähmen mußte, trägt einen
2259 640 3206 685 zwingt ihn seine Wahrheitsliebe, den Abstecher
1312 636 2249 696 schichtchen, jenseit von Gut und Böse wie seine
350 649 1266 696 Teil der Schuld, aber das größere Defizit ist
2265 673 3207 727 seiner Frau mitzuteilen. Ein Bankier sieht mit
1313 673 2253 741 Herrchen und Dämchen, die in verschwiegenen
354 687 1291 730 in der Musik festzustellen. Die Einstudierung
2274 712 3213 778 zu, wie seine Gattin, als ob es so sein müßte,
1478 718 2248 775 Chambre separtes „nachtmahlen“
1311 723 1482 769 Wiener
342 724 1289 765 der Oper, die einstmals von Gustav Mahler
2265 757 3207 806 von einem der Freunde zum andern wandelt,
1305 749 2252 815 scherzen, plänkeln, philosophieren und lieben,
412 761 1290 813 geleitet wurde, daß sie ihm die Protektion
2274 795 3208 846 scheinbar ohne sich je über ihr Treiben ganz
1308 798 2255 854 hauptsächlich das letztere, sind auch seine gra¬
348 804 1297 849 Goldmarks und damit zugleich den Direktions¬
2261 823 3221 880 klar zu werden. Kurz, es ist ein wahres Durch¬
1310 832 1685 889 ziösen Dialoge. E
1800 830 2245 882 ein Meister des fein¬
349 842 1294 901 fessel in der Wiener Hofoper einbrachte, hatte
2262 871 3218 915 einander von Liebeleien leichten und ernsten
1315 875 2250 927 geschliffenen und pointierten Stils. Mit einer
341 868 842 936 Herr Kapellmeister Sel
921 878 1294 930 rg übernommen.
2273 909 3214 968 Charakters, ein Gartenbeet, um keinen anderen
1314 905 2256 965 Leichtigkeit, die sich nur noch bei den geschickte¬
346 920 1285 961 Er ist sicherlich kein zweiter Mahler, das zeigte
2270 942 3214 1004 Ausdruck zu gebrauchen, das die seltsamsten Ge¬
1312 951 2253 1001 sten Franzosen vorfindet, gleitet der Wiener über
348 956 1292 1006 sich schon beim Vorspiel, aber immerhin muß
2268 986 3219 1043 wächse sprießen läßt. Jedes einzelne ist vom
1298 990 2245 1048 die schlüpfrigsten und gewagtesten Situationen
337 995 1286 1047 man rückhaltslos anerkennen, daß es seiner
2931 1015 3219 1083 Er hat sich
2260 1029 2939 1088 Dichter mit Sorgfalt behandelt.
1313 1034 2250 1079 und Gespräche hinweg, ohne zu verhüllen und
336 1039 1290 1087 Gewandtheit gelang, eine vorwiegend saubere
3128 1063 3228 1110 in
2578 1056 3116 1122 Widersprüche aufzuzeigen,
2442 1069 2575 1121 die
2261 1059 2448 1125 bemüht,
1309 1071 2246 1130 ohne zu Zweidentigkeiten seine Zuflucht zu
350 1075 1296 1122 und korrekte Wiedergabe des Werkes auf die
3025 1092 3222 1161 bewegen
2267 1100 2888 1164 denen alle diese Menschen
2887 1103 2980 1150 sich
1302 1111 2244 1158 nehmen. Man tut ihm übrigens Unrecht, wenn
342 1111 1286 1166 Bühne zu bringen. Um die Ausführung der
2269 1131 3209 1204 oder in denen sie von einer höheren Macht,
1306 1150 2243 1199 man ihn mit irgend einem der französischen
354 1143 1298 1203 gesanglich dankbaren Hauptrollen machten sich
2538 1185 2583 1229 d
2642 1178 3214 1236 nach Schnitzler mit dem
2267 1175 2532 1234 der Natur,
1313 1182 2255 1234 Meister des Stils vergleicht, Schnitzler bedeutet
847 1187 1298 1246 el und Herr vom
613 1193 793 1249 scheer=C
355 1189 556 1244 Frau Fl
2258 1216 3212 1282 Chaos identisch ist, bewegt werden. Der Held
1301 1227 2177 1267 mehr als sie, er ist nicht bloß der Causeur,
342 1225 1288 1273 Scheidt besenders verdient. Höchst amüsant
2262 1249 3215 1314 ein absolut polygam veranlagter Mensch, der
1317 1262 2247 1314 ist in Wahrheit der lachende Philosoph, er ist
341 1271 1280 1318 wirkte der Aeckletan des Herrn Lohfing,
2270 1294 3217 1344 darüber verzweifeln will, daß einer seiner
1157 1305 1285 1357 May
1309 1303 2249 1355 der Psycholog, der nicht nur unterhält, sondern
338 1308 1160 1355 während „räulein Lehmann als
2259 1336 3219 1391 Freunde aus Liebe zu seiner Frau den Tod ge¬
1313 1345 2243 1399 auch immer etwas zu sagen hat und durch seine
351 1353 1286 1405 einen mmnig glücklichen und Herr Hochheim
2268 1379 3214 1426 sucht hat, und der es der Gattin beinahe zum
1311 1385 2255 1427 verblüffenden Wahrheiten und Offenheiten zum
350 1381 1290 1435 als Kuard einen ausgesprochen unglückichen
2270 1419 3216 1462 Vorwurf macht, daß sie jenen „in den Tod ge¬
1318 1419 2241 1464 Nachdenken anregt. Sicher ist jedoch auch dies,
1075 1424 1264 1483 I. Ch.
345 1419 867 1492 Ab zu haben schienen.
2260 1449 3230 1501 trieben“ hat, knallt einen anderen Freund nieder,
1308 1460 2250 1509 daß viele Schnitzlersche Dichtungen ohne die
2268 1491 3219 1541 weil er das erreicht hatte, was dem andern
1310 1501 2252 1550 Grazie, mit der sie vorgetragen werden, un¬
2264 1519 3220 1579 nicht gelungen war. Und zwar greift der Gatte
1318 1534 2241 1586 genießbar blieben. Jede Plumpheit müßte ihnen
2266 1570 3232 1620 in einem Augenblick zum Revolver, der ihn selbst
1311 1578 2238 1623 verderblich werden, sie sind ganz auf den leich¬
554 1559 1092 1642 Das weite Land.
2263 1613 3218 1654 untreu vorfindet. „Andere sind vielleicht an¬
1318 1615 2245 1663 ten Ton eingestellt, den Schnitzler sich geschaffen
502 1628 1132 1708 Deutsches Schauspielhaus.
2256 1639 3221 1707 ders, ich bin amal so.“ Jeder Mensch eine Welt
1312 1655 2256 1719 hat, und der das vorstechendste Merkmal seiner
2260 1684 3212 1734 für sich. Es wäre schwer, eine geschlossene
1307 1694 1506 1751 Muse ist.
421 1689 1280 1753 Die ganze dichterische Produktion Schnitz¬
2264 1718 3205 1778 Ordnung in dieses dramatische Gebilde zu brin¬
346 1731 1295 1781 lers läßt sich in bezug auf ihren geistigen Ge¬
1391 1742 2243 1810 Auch die neue Tragikomödie „Das weite
2264 1765 3222 1812 gen. Aus diesen Streiflichtern geht aber schon
352 1778 1291 1838 halt in eine Art naturwissenschaftlicher Formel
1315 1789 2252 1841 Land“, die am letzten Sonnabend auch im
2262 1801 3218 1865 hervor, welcher Kunst es bedurft hat, um einen
354 1816 1298 1870 bringen. Sie lautet etwa so: befreit den Men¬
1306 1823 2255 1868 Deutschen Schauspielhause eine
2270 1847 3205 1906 solchen Stoff nicht abschreckend wirken zu lassen.
355 1860 1290 1908 schen von dem dünnen Lack einer aufgezwunge¬
1311 1859 2248 1909 ihrer Uraufführungen erlebte, ist ein echter Schnitz¬
2341 1893 3207 1949 Schnitzlers Hand war in dem Aufbau seines
343 1897 1292 1949 nen Kultur und ihr findet das Herdentier mit
1299 1906 2252 1963 ler, wenngleich diese Arbeit keineswegs zu den
343 1935 1289 1997 allen Instinkten eines solchen; der Mann mehr
2259 1945 3221 1992 neuen Stückes nicht ganz glücklich. Die Stim¬
1308 1940 2249 1994 besten Werken des Dichters gehört. Alle Licht¬
347 1974 1291 2024 polygam, das Weib mehr monogam veranlagt,
2269 1981 3220 2028 mungen wechseln zu häufig. Auch haben die
1298 1982 2247 2046 und Schattenseiten Schnitzlers finden sich hier
352 2022 1292 2067 beide in ihrem Liebesleben von Natur aus ohne
2266 2015 3222 2069 unlogischen Handlungen der Menschen dann
1314 2020 2256 2072 gehäuft, aber nicht ausgeglichen; zudem läßt
2260 2046 3222 2100 und wann etwas Gewaltsames, Naturfremdes.
344 2057 1288 2095 Treue, ohne Beständigkeit, ohne Wahrhaftig¬
1312 2063 2244 2108 die Technik des Stückes, früheren Leistungen
2259 2093 3224 2140 Die Frau, die mit Emphase bemerkt, „um mich
344 2095 1291 2151 keit, und immer, bewußt oder unbewußt, auf
1314 2101 2244 2156 gegenüber, sehr zu wünschen übrig. Schnitzler
1183 2136 1284 2184 Der
2274 2124 3228 2180 muß man lange werben“, ergibt sich eine Stunde
353 2129 1094 2182 der Suche nach neuen Sensationen.
1302 2136 2237 2191 bietet diesmal kein festes dramatisches Gefüge,
2270 2174 3221 2237 später irgendeinem jungen Laffen. Dazu genügt
352 2181 1285 2232 Drang, immer wieder den reinen Triebmenschen
1324 2175 2245 2232 er würfelt vor unseren Augen eine Reihe von
2260 2214 3218 2264 kein plötzlicher Affekt. Der Mann, dessen gan¬
345 2212 1284 2262 darzustellen, ist so stark in Schnitzler, daß man
1310 2218 2252 2264 Menschen durcheinander, von denen nur ein ein¬
2254 2247 3221 2302 zes Leben eine Kette von untreuen Handlungen
350 2247 1299 2307 in seinen Dramen und Novellen nur selten zu
1307 2261 2246 2304 ziger einen festen Halt im Leben gewonnen zu
2261 2276 3219 2352 ist, schießt den Liebhaber seiner Frau nieder,
348 2289 1285 2341 erkennen vermag, wie der Mensch in Millionen
1308 2300 2245 2341 haben scheint, alle anderen werden fast ganz
2269 2331 3220 2393 nachdem er selbst sie hineingetrieben hat. Auch
353 2332 1285 2390 von Individuen seiner Gattung längst aus dem
1307 2334 2244 2393 von ihrem Liebesleben beherrscht und taumeln
2269 2373 3216 2422 die szenischen Stimmungen schwanken allzu sehr
347 2370 1284 2416 Tier herausgewachsen ist und es gelernt hat,
1314 2370 2249 2424 willenlos hin und her. Schnitzler bemüht sich,
2267 2402 3220 2464 hin und her. Drama, Schwank, Lustspiel und
342 2410 1296 2456 seine Neigungen und Sehnsüchte mit dem Ver¬
1310 2412 2247 2454 vor unsern Augen in die Seelen dieser Menschen
2266 2450 3217 2494 schließlich Tragödie wechseln mit einander ab.
357 2446 1275 2496 stand zu beherrschen. Wo dann diese „sittlichen“
1307 2451 2247 2514 hinabzuleuchten, denn „das weite Land“, das
2265 2483 3221 2539 Die Technik ist auffallend nachlässig, zuweilen
347 2479 1282 2542 Menschen in Schnitzlerschen Dichtungen dennoch
1310 2494 2238 2546 ist eben die Menschenseele, die noch kein Wande¬
2271 2528 3211 2575 in modernem Sinne ganz unmöglich. Während
353 2528 1300 2573 auftreten, gleichen sie merkwürdigerweise Trot¬
1302 2528 2244 2580 rer der Philosophie ganz durchmessen hat. Er
2264 2550 3225 2606 im Vordergrund minutenlange Gespräche ge¬
346 2565 1293 2614 teln und Sonderlingen, weil sie von der anders¬
1312 2569 2252 2619 will zeigen, wie viele einander widersprechenden
2268 2589 3220 2646 führt werden, stehen hinten sechs, sieben Per¬
347 2603 1287 2655 gearteten Umgebung allzu sehr abstechen, oder
1305 2606 2244 2658 Leidenschaften, Sehnsüchte, Gefühle, Affekte und
2273 2643 3217 2688 sonen in stummem Gespräch, gleichsam als leben¬
345 2646 1293 2696 weil sie von der absoluten Mehrheit der Trieb¬
1303 2636 2247 2697 Regungen hier nebeneinander Platz haben und
2257 2674 3223 2736 des Bild. Der erste Akt mit seiner Entwicklung
356 2685 1293 2730 menschen erdrückt werden. Schnitzler ist der
1314 2685 2244 2733 daß man den Menschen, dieses komplizierteste
2256 2720 3214 2777 wirkt sehr spannend, der zweite bringt zweifel¬
357 2725 1284 2775 Liebespsycholog in der zeitgenössischen deutschen
1301 2731 2182 2785 aller Wesen, eben so nehmen muß, wie es i
2192 2730 2238 2776 t,
2258 2759 3218 2805 los noch eine Steigerung, aber der dritte, der
347 2763 1298 2810 Dichtung, es ist ihm nicht möglich, das Welt¬
1300 2761 2251 2811 nicht wie die Moralisten es haben möchten. Um
2255 2792 3216 2844 in einem Gebirgshotel spielt, fällt, so amüsant
355 2802 1290 2851 getriebe anders als nur unter einem erotischen
1306 2803 2245 2858 zu seinem Ziele zu gelangen, hat der Dichter
2254 2830 3215 2884 und interessant er auch ist, ganz aus dem Rah¬
348 2843 1294 2895 Gesichtswinkel zu sehen. Dabei ist er ein haar¬
1307 2842 2254 2896 die Probleme nur allzu sehr gehäuft, er führt
2266 2870 2376 2921 men.
2378 2870 3218 2922 ist in einer ganz anderen Stilart ge¬
358 2879 1292 2929 scharfer Beobachter, nur wer die Augen absicht¬
1311 2882 2250 2929 uns einen wahren Sumpf vor, der mit bunten,
2266 2909 3215 2958 schrieben und wirkt unorganisch. Die beiden
354 2916 1286 2970 lich schließt, wird leugnen, daß er die Wahrheit
1305 2927 2247 2974 üppig wuchernden Blumen besponnen ist. Kein
2262 2948 3209 2995 letzten Akte wandeln das Stück, ganz wider jedes
353 2960 1285 3002 schreibt. Die Menschen, die Schnitzler so unver¬
1302 2965 2246 3010 einziges Geschöpf dieses Dramas ist so ganz
2271 2989 3220 3043 Erwarten, zur Tragödie. Das Stück verdient
356 2992 1286 3038 hüllt in all ihren Lüsten und in all ihrem wider¬
1309 2999 2248 3049 eigentlich „intakt“ oder handelt nach den Ein¬
2268 3030 3219 3077 seinen tiefen Titel nicht ganz, aus dem weiten
357 3036 1284 3085 spruchsvollen Treiben vorführt, sind ohne Aus¬
1310 3038 2244 3091 gebungen der Vernunft, alle lassen sich ganz
2270 3060 3216 3116 Lande der Seele hat Schnitzler uns allzu viel
350 3072 1289 3122 nahme Wesen von unserm Fleisch und Blut, nur
1314 3083 2253 3137 und gar von ihren Gelüsten treiben. Dadurch
2268 3098 3212 3165 Gestrüpp vorgeführt, keine starken, gewaltigen
341 3109 1288 3176 verschweigt der Dichter meistens, daß ihnen un¬
1314 3116 2244 3162 erhält das ganze Stück einen ungesunden An¬
2255 3143 3215 3197 Bäume, keine dunklen Geheimnisse, nur un¬
913 3155 1287 3206 wenn man will,
350 3151 902 3206 gezählte Mengen „anders“
1310 3160 2240 3208 strich, und da auch einzelnen Teilen der Dich¬
2250 3180 3218 3228 gehemmte tierische Triebe. Gestrüppartig ist
351 3175 1297 3244 „besser“ geartete, fortgeschrittenere Individuen
1310 3199 2237 3244 tung die gewohnte Grazie fehlt, gibt es Par¬
2267 3215 3199 3276 auch der ganze Charakter des Stückes geblieben.
349 3226 1298 3281 gegenüberstehen. Die Schnitzlerschen Dichtungen
1306 3236 2238 3291 tien, die brutal wirken. Geht man den Zettel
2338 3265 3207 3314 Herr Direktor Hagemann hatte das schwierige
353 3271 1293 3330 sind also nicht ganz als Kulturbilder aufzufassen,
1306 3275 2241 3327 durch, so findet man außer einem auf einsamer
353 3314 1288 3364 sie sind einseitige Ausschnitte aus dem Leben
2256 3307 3211 3364 Stück mit aller Diskretion herausgebracht. Eine
1302 3309 2242 3363 Höhe wandelnden Arzt auch nicht eine einzige
345 3335 1291 3399 der Gegenwart, und wenn sie auch viele abso¬
2262 3347 3204 3413 große Regiearbeit ist sicherlich nötig gewesen,
1310 3347 2247 3404 Hauptperson ohne dunkle Punkte. Der Held
2257 3388 3206 3438 um alle Härten abzuschleifen und den ganzen
344 3388 1288 3435 lute Wahrheiten in bezug auf das Seelenleben
1313 3391 2248 3450 hält es mit allen Frauen, nur die Pausen zwi¬
2259 3422 3203 3482 Umkreis des Werkes einigermaßen einheitlich zu
349 3426 1295 3481 des Menschen enthalten, so fehlt ihnen doch zu
2138 3424 2251 3480 mit
1314 3436 2145 3484 schen der einen und der andern füllt er
348 3460 1297 3515 ganzen und lehrhaften Lebensbildern das
2263 3462 3205 3512 gestalten. Sehr bestechend war das szenische
1314 3470 2251 3520 den Dingen aus, die das Leben sonst noch
356 3499 1291 3556 Gegengewicht, der Ausgleich nach allen Seiten.
2255 3501 3211 3558 Bild der ersten beiden Akte und das des letzten
1309 3506 2246 3567 bietet, seine Frau scherzt mit dem einen Freunde
2244 3536 3205 3588 Bildes mit dem Ausblick in die Szenerie der
1304 3546 2244 3599 des Mannes so lange, bis jener aus unglück¬
424 3547 1286 3606 Schnitzler hätte nie seine großen berechtig¬
1296 3582 3208 3639 licher Liebe Selbstmord begeht, und ergibt sich ersten Aufzüge. Den eigentlichen Helden der
334 3584 1297 3655 ten Erfolge errungen, hätte die Natur ihm nicht
2510 3670 3261 3855 4# sten
326 3671 600 3857 2/2
2247 3775 2518 3875 0
636 3659 2275 3878 #. Jamie. TAuOFLC 7,
