3344 4352
529 235 635 296 Da
1024 232 1095 299 L.
1434 232 1854 314 box 29/4
294 231 1254 339 24 06116—
717 1176 1410 1304 heohe sentahrnegdng
626 1410 1509 1496 Sie ArbraEnenet AUssenuirT sdae
619 1486 1496 1548 BERLIN SO 16. RUNGESTRASSE 22-24
639 1616 1507 1706 Berliner Lokal-Anzeiger
730 1694 1398 1758 Zentralorgan für die Reichshauptstadt
807 1747 1298 1808 Ausschnitt aus der Nummer vom.
998 1844 1415 1937 14 MATI82
583 1915 633 1997 —
636 1909 1123 2002 alten Kultur aufnehmen.
665 2012 1553 2093 P. „Im Residenz=Theater wurde gestern
641 2050 1537 2132 Arthur Schnitzlers 60. Geburtstag durch
631 2096 1540 2159 eing Neueinstudierung seiner Tragikomödie „Das
629 2127 1551 2212 weite Land“ würdig gefeiert. Was über
631 2167 1537 2249 Schnitzler als Dichter und Dramatiker zu sagen ist,
627 2216 1537 2290 wie wir ihn schätzen und verehren, wurde bereits
647 2249 1532 2325 ah dieser Stelle ausgesprochen. Was #r den
629 2287 1539 2369 Zünstlern ist, denen er so viele dankbare Rollen
630 2335 1525 2399 geschrieben hat, denen er so lebenswahr gezeichnete
636 2370 1531 2439 Charaktere geschaffen hat und wie er die Zuhörer
630 2401 1524 2485 zu packen und mitzureißen versteht, das alles offen¬
626 2446 1528 2525 barte sich wieder bei der gestrigen Aufführung. Die
614 2478 1519 2559 Darsteller bemühten sich, ihr Besteo zu geben, und
618 2599 1542 2688 das Publikum ehrte ihn durch stürmischen Applaus
613 2639 1479 2701 und rief ihn viele, viele Male jubelnd hervor.
645 2673 1528 2755 Und in der Tat, man sah eine Aufführung in
604 2727 1535 2788 einer künstlerischen Vollendung, wie sie wohl sel¬
609 2755 1534 2816 ten zu finden ist. Irene Triesch entwickelte?
605 2806 1541 2870 als Genig wiederm ihre reiche, vielseitige Ben
599 2832 1525 2898 gabung und zeigte aufs neue, daß sie zu den w#¬
593 2876 1520 2951 nigen Schauspielerinnen gehört, die eine faszißse¬
599 2908 1527 2990 rende Wirkung auf ihr Publikum auszuüben#ver¬
593 2948 1502 3024 steht, das durch ihr hinreißendes Spiel völlig in
588 2985 1519 3061 den Bann ihrer Kunst gezwungen wird.# Ar¬
597 3022 1508 3092 nold Korff, der die Vorstellung glänzend in¬
592 3056 1510 3126 szeniert hatte, war ihr als Friedrich Hofreiter
593 3104 1506 3185 ein vortrefflicher Partner. Mit diesen beiden
580 3126 1503 3211 Keinten sich die Damen Bertens, Schneider=Rissen,
591 3178 1498 3248 Tietz sowie die Herren Klein, Schönfeld, Schroth
576 3221 1511 3310 und Goebel in den übrigen Hauptrollen zu einem
576 3253 970 3327 köstlichen Ensemble.
2208 1321 2926 1479 apons Sessdereadu
2458 1545 2522 1592 4
2102 1556 2989 1643 onSstres stursches Türrünes-Aussentur-abne
2081 1619 2989 1718 BERLIN SO 16. RUNGESTRASSE 22-24
2178 1766 2881 1890 deutsche Zeitung
2212 1846 2849 1947 dae führende ( nationale Slatt
2068 1921 2694 2003 Ausschnitt aus der Nummer vom:
2625 2034 2880 2116 KArLaa
1986 2065 3109 2131 — Schnitzler=Feier im Residenz=Theater. Aus Anlaß des
1879 2128 3104 2182 697 Gebutrstages von Arthur Schnitzler hatte man seine zu Be¬
1888 2162 3095 2217 inn des Winters erstaufgeführte Tragikomödie „Das
1886 2214 3088 2260 weite Land“ in Erinnerung bringen wollen. Ein in seiner
1892 2248 3028 2299 aus Leichtigkeit und Schwermut gemischten, die Komödie y
1893 2280 3092 2323 dem Knalleffekt eines Revolverschusses und einer oder mehreter
1894 2318 3099 2373 verpfuschter Daseinsmöglichkeiten ins Tragische umbiegenten
1883 2355 3111 2404 Liebeshypochonderie echter, den Sphären des Anatol“=Zyktus#der
1892 2402 3104 2462 „Liebelei“ und des „Reigen“ entstammender theoterwirklmer¬
1891 2437 3090 2480 Schnitzler. Nur daß das Le.tmotiv des Zwischensoiels des Ge##
1880 2476 3056 2521 schlechter gedämpfter geführt wird, als in den zoligen S####
1883 2498 3101 2549 losigkeiten der „Reigen“=Folge. Diese Menschen, die ihr:
1885 2552 3098 2603 Liebeswirrnisse und Eheirrungen über Kreuz unter ernstem
1884 2583 3099 2643 Augenaufschlag mit dem „weiten Land“ der Seeie beschönigen
1884 2636 3094 2676 wollen, bemühen sich, in tief versonnener Problematik das
1880 2670 3100 2701 Gepräge eines Außerordentlichen anzunehmen, und sind doch im
1882 2707 3081 2758 Grunde — ein Nichts. Die beiden Hauptrollen des Fabrikanten
1880 2749 3088 2795 Hofreiter mit Arnold Korff und mit Irene Triesch
1875 2786 3095 2835 als Frau Genia vollwertig besetzt; beide von leiseser seelischer
1875 2823 3086 2872 Wirkung. Ihnen ebenbürtig in feinster Einstimmung die
1871 2854 3086 2925 schmerzenreiche Gattin und Mutter Anna Meinhold der Rose
1857 2982 3069 3091 Bertens. Ein volles, beifallsfreudiges Haus. Lag wirklich
1867 3054 3073 3127 ein Anlaß vor, den Dichter des „Reigens“ und Verherrlicher
1866 3090 3081 3179 eines genießerischen Lebens= und Liebesdilettantismus be¬
1858 3125 2236 3204 sonders zu feiern?
2870 3149 3063 3232 W—n.
