3392 4352
242 285 1216 419 24. Das weite Land
1357 289 1809 403 box 29/2
1776 1246 3151 1350 tätig sich die behördlichen Maßnahmen nach dieser Richtung Hin schon
1794 1314 3130 1383 erwiesen haben, beweist die Stranddistel (Eryngium. maritimum).
1783 1345 3146 1401 Vor Jahren an unserer samländischen Küste nahezu ausgerottet, hat
1792 1392 3139 1448 sich diese schöne und für die Strandbefestigung durch ihre Wurzel¬
1796 1435 3133 1490 verzweigungen wichtige Pflanze wieder so stark vermehrt, daß sies
1391 1435 1598 1514 S Hc
452 1471 1788 1573 vornehmen Ratur heraus. Denn ob sie es auch ableugnet, sie hofft
1773 1505 3136 1592 ist es, daß er, der so viele gewonnen, doch schließlich allein bleibt.
448 1532 1796 1622 immer noch auf seine Umkehr und vielleicht ahnt sie, daß sie die
108 1541 451 1623 agikomödie
1784 1565 3135 1644 Die Frau sagt sich los von ihm, das Mädchen, das er sich eben zu
462 1583 1794 1644 einzige ist, die er wirklich noch lieben könnte. Mit den andern liebelt
1782 1606 2884 1683 eigen gemacht, schüttelt er wie etwas Fremdes selbst ab.
109 1616 453 1684 urdalsGast.
441 1623 1800 1701 und genießt er nur. Da erschießt sich ihretwegen ein schwärmerischer
1896 1648 3133 1734 „Hineinschauen in mich kannst du doch nicht — das kann
103 1660 461 1745 es entdecken sich
443 1674 1787 1765 Künstler, der vergeblich um sie geworben. Daß an Genias Tugend
1780 1693 3131 1784 keiner“, sagt Hofreiter zu seiner Frau. Daß freilich auch der Dichter
112 1718 459 1781 eicht übersehbare
446 1730 1786 1809 ein Mensch zu Grunde gehen konnte, begreift Hofreiter einfach nicht.
1782 1753 3134 1836 nicht tiefer in ihn hineingeschaut hat, oder uns von seinem tieferen
127 1771 459 1850 Durchsichtigkeit
445 1775 1778 1851 Für den immer ungetreuen Mann mit Lebemannsallüren bedeutet
1778 1801 3129 1882 Einblick wenig gewahren läßt, ist ein Fehler des Werkes. Erst
106 1801 446 1882 tisches Gefüge,
440 1820 1784 1910 solche Treue nichts als ein Phantom, verstiegene Scham, Aengstlich¬
1777 1845 3128 1937 wenn man kleine gelegentliche Hinweise zu Hilfe nimmt, weiß
111 1868 256 1939 spiel.
324 1874 460 1945 nödie,
446 1873 1778 1960 keit, Ziererei. Er könnte Verzeihung finden für eine Frau,
1781 1904 3133 1979 man, daß es Hofreiter und Genias Tragik ist: einander zu lieben, ohne
113 1919 238 1979 gewir
344 1920 456 1993 trotz
447 1924 1780 1991 die wie er ist. Daß Genia so viel reiner, höher, adliger
1779 1946 3123 2030 einander halten zu können. Sie verlieren sich, erst er, ganz zuletzt auch
100 1968 237 2029 cher 11
311 1969 451 2030 olfen¬
436 1960 1780 2043 kals er, ist seiner feelischen Brutalität unbequem und un¬
1779 1994 3116 2076 sie, in das Niedrige und Unklare, weil sie sich das eine, reine Glück
115 2013 216 2076 heit.
214 2019 276 2068 C
279 2017 454 2080 ie liegt
448 2020 1781 2107 heimlich. So reißt ein Erlebnis ungewöhnlicher Frauentreue
1780 2044 3131 2110 nicht erkämpfen konnten. Aehnlich geht es ja allen Menschen des
118 2060 268 2137 ortführ:
264 2063 450 2133 uing, des
444 2069 1777 2152 die Kluft nur tiefer. Das ist psychologisch kühn und ver¬
1780 2095 3128 2174 Stücks. Die Liebe ist ihnen Schicksal und Qual, aber sie versuchen
208 2112 444 2180 nicht nur
440 2113 1788 2186 wegen argumentiert, aber überzeugend unter Voraussetzung der
1771 2144 3123 2229 Spiel und Sport daraus zu machen. Sie sind von ihrem Liebesleben be¬
211 2165 447 2231 , die uns,
443 2165 1783 2250 inneren Verrohung Hofreiters. Bis hierhin führt der Dichter in
1773 2191 3116 2272 herrscht, von unberechenbaren Nervenfunktionen und Triebmächten, sie
222 2211 442 2282 igen und
441 2222 1786 2296 den beiden ersten Akten. Im dritten biegt er in die Episode ab. Leben!
1765 2231 3120 2322 taumeln in einem Reigen von Liebeleien dahin und leiden doch
239 2261 453 2345 in einer
444 2270 1776 2343 und Treiben in einem österreichischen Alpenhotel wird lustig, nicht ohne
1778 2292 3126 2366 alle trotz ihrer Leichtlebigkeit. Zur Aufhellung hat der Dichter dem
253 2309 443 2373 lachenden
448 2312 1774 2392 Schwankscherze und Schwankfiguren, aber doch mit geistreicher Frische
1762 2336 3129 2438 Huuptvaar ein anderes gleichsam als Spiegelbild entgegengestellt:
240 2359 444 2422 tragische
431 2373 1771 2451 geschildert. Auch Hofreiter hat sich vor der unheimlichen Tugend
1768 2392 3115 2465 die Eltern des Fähnrichs Aigner. Sie sind auseinandergegangen,
286 2403 443 2474 pöttisch
437 2411 1774 2488 seiner Frau dorthin geflüchtet, um wieder einmal ein Abentener zu
1765 2429 3117 2513 die Frau hat sich vom ungetreuen Gatten losgesagt, aber er liebt
239 2455 433 2526 ehr echter
435 2460 1771 2538 erleben und sich ins weite Land der Erotik zu verlieren. Diesmal
1772 2485 3116 2570 sie nach zwanzig Jahren immer noch, obwohl er sich schad¬
256 2502 439 2582 ödie des
444 2512 1772 2587 ist es ein junges Mädchen, die dunkeläugige Erna Wahl,
1767 2531 3111 2614 los hält, und sie kann ihn nicht vergessen und hat keinen nach
439 2557 1768 2628 die an ihn die letzte Unschuld, die sie noch zu verlieren
1767 2579 3114 2639 ihm geliebt. Weiter der Bankier Natter: er weiß, daß seine Adele
192 2576 440 2664 die mensch¬
433 2604 1766 2687 hat, die physische, mit lebhaftem Entgegenkommen verliert.
1766 2641 3116 2718 ihn alle paar Wochen mit einem andern betrügt — ein Leben ohne sie
228 2653 437 2721 elüste, die
432 2650 1769 2742 Er nimmt das Mädchen, obwohl er sie zugleich seinem Freunde
1764 2685 3119 2750 erscheint ihm dennoch sinnlos. Sie alle suchen einander, erniedrigen
216 2698 436 2780 dnung bar
428 2705 1768 2779 Dr. Mauer, dem einzigen geraden und reinen Menschen des ganzen
1760 2727 3108 2811 sich, sind bei allem Genuß glücklos und einsam. Der Dichter hat¬
170 2751 436 2820 Man sucht
437 2755 1762 2839 Stückes, wegnimmt. Zwischen diesen abbiegenden, aber amüsanten
1764 2781 3112 2851 ein gütiges Lächeln, eine wehmütige Ironie und leisen Schmerz
89 2790 432 2864 g ist doch nur
429 2799 1765 2882 Akt und den vierten legt Schnitzler eine Wandlung Frau Genias, die
1760 2819 3115 2906 für dieses seltsam traurige Getriebe, und er ist nur zu sehr
85 2841 439 2911 er Gestalten des
424 2851 1776 2934 zwar vorbereitet, aber nicht klar genug geschildert ist. Auch Frau Genia
1765 2879 3109 2956 resignierter Weltmann, um nicht gleich mit seinem Dr. Mauer
86 2885 445 2962 en Moraltendenz
428 2900 1768 2981 hat sich jetzt, nach der erneuten Kränkung und Enttäuschung, aus Trotz
1758 2921 3102 3004 das ganze „Ineinander von Zurückhaltung und Frechheit, von feiger
87 2938 433 3008 ht der begüterten
434 2948 1771 3034 oder aus Sehnsucht nach einem einfachen. ehrlichen Menschen in das „weite
1757 2976 3104 3053 Eifersucht und leerer Lust“ trübselig und grauenhaft zu finden. Er
74 2993 432 3066 hr Dasein ist ein
434 3001 1771 3081 Land“ verloren. Sie ist die Geliebte eines jungen Fähnrichs geworden,
1766 3025 3110 3114 sieht auch die Komik, die Ironie, das Lächerliche dieses schillernden
86 3037 444 3108 sie Kreuz und die
427 3049 1767 3114 der Gatte entdeckt das Verhältnis, zwingt den Liebhaber zum Duell
1759 3076 2652 3144 Chaos, das im „weiten Land“ Herrscher ist.
85 3093 432 3156 vergnüglicherem
427 3093 1764 3177 und schießt ihn nieder! Er erzählt zwar seinem Freunde mit
1871 3125 3103 3200 Schnitzler hat unmittelbarer wirkende Stücke geschrieben, aber
92 3131 439 3205 auch zur Tragik
426 3140 1762 3228 zynischer Heiterkeit, wie er sich Gewißheit von der Untreue seiner
1759 3167 3103 3230 vielleicht keins, das so viel Probleme aufwirft, so feine psycho¬
79 3183 426 3255 dem Fabrikanten
423 3191 1756 3263 Frau verschafft hat, aber er, der Amoralist, der Vertreker eines
1749 3227 3108 3313 logische Seelenmalerei bringt. Vielleicht ist seine Beweisführung,
86 3240 426 3302 haben einander
426 3247 1758 3334 praktischen Sexualkommunismus, der seiner Frau Genia in
1755 3271 3099 3351 seine Problemlösung zu richtig, zu rechnerisch, zu spitzfindig,
77 3282 424 3363 herrenmensch,er
427 3290 1755 3382 der Unterhaltung ironisch die gleichen ehelichen Freiheits¬
1748 3311 3110 3409 um überall wahr und klar zu scheinen — bei allen Mängeln fühlt
77 3338 423 3403 schsteckt, und die
428 3343 1657 3432 rechte zugestanden hat, nimmt doch, um sich
1749 3362 2780 3441 man sich doch immer im Bannkreis eines Dichters.
1631 3353 1765 3428 zu
75 3377 438 3456 trügt er sie eit
420 3388 1757 3488 rächen, zum konventionellen Ehrenkodex seine Zuflucht. Das
1861 3416 3098 3501 Mit der Aufführung hatte das Neue Schauspielhaus eine
73 3432 435 3504 Lebensgier. Hie
417 3433 1761 3523 ist nicht nur eine tragikomische Pointe Schnitzlers, das zeigt zugleich,
1752 3471 3107 3541 komplizierte Aufgabe übernommen, die unter Herrn Direktor Geissels
83 3485 426 3552 scher Resignation.
420 3491 1764 3575 daß neben der verletzten Eitelkeit noch ein tieferes, elementareres
1756 3516 3100 3610 Leitung im ganzen überraschend gut gelöst ward. Die Enge der Bühne
74 3526 429 3596 hat dem Untreuen
415 3539 3092 3646 Gefühl in Hofreiter getroffen ward, die Liebe zu seiner Frau, die bot der Regie in den Gartenakten zwar manche nicht überwindbare
77 3589 3091 3702 bedürfnis einer unter einer Aschenschicht doch immer noch foriglomm. Seine Tragik] Schwierigkeit — aber man mußte da vorlieb nehmen und sich an das
