3392 4224
261 -19 412 62 2 4
498 -5 618 47 Ja
979 -2 1149 59 Lan
418 27 1208 93 —.—
1374 0 1827 92 box 29/6
131 914 433 978 erechtfertigt ist.
442 919 1608 1006 in der kleinen Szene des zweiten Aktes ist, in der sie, eine
125 960 427 1023 n nicht nur den
454 979 1606 1053 glückliche, anständige Frau, die Bewerbung Szuvorins
129 1000 425 1072 erten Akt nach
440 1025 1616 1098 mädchenhaft und tugendhaft zurückweist. Die dritte im
146 1051 433 1119 ihr geduckt,
444 1063 1612 1142 Bunde, Vera, gibt einem neuen Mitglied, Fräulein Wessely,
121 1084 430 1164 llauernd, nach¬
449 1112 1611 1178 Gelegenheit, ihr noch ein wenig blasses Talent zu zeigen. Diese
118 1142 433 1212 kwürgt, dieses
435 1150 1612 1222 Vera, die sich in den sicheren Armen ihres unbedenklichen
117 1192 424 1256 u bewegen, die
441 1205 1614 1290 Schwagers so bereitwillig sträubt, läßt an einen hübschen
127 1241 420 1301 hiebt, um dann
436 1251 1606 1334 Bauernfeldschen Vers denken: „Wie mich die liebe Kleine
116 1285 425 1349 keit wieder auf¬
438 1310 1611 1394 rührt — Sie wäre gar zu gern verführt. Fräulein Wessely
120 1333 415 1396 die Benennung
430 1345 870 1417 macht das sehr artig.
118 1376 419 1443 schen Tumults
526 1388 1615 1499 In literarischer Hinsicht ist Artzibatschews Stück nicht
123 1426 411 1487 erische Manier,
438 1445 1595 1528 eben beträchtlich. Es hat auch wenig nationale Eigenfarbe,
146 1472 411 1543 zu spielen,
426 1493 1594 1569 und wenn man die Roheit in Abzug bringt, allenfalls auch
120 1519 418 1590 ar zu machen,
427 1543 1597 1629 die Figur des Szuvori# der mit so viel Demut liebt und
118 1564 421 1623 unden, aber er
427 1583 1594 1653 stirbt, so bleibt einem nur die übliche französische Effekt¬
112 1612 412 1676 sich diese An¬
434 1631 1602 1714 komödie in der Hand, wie sie im Deutschen Volkstheater von
118 1660 402 1726 ins Lächerliche
432 1678 1588 1766 jeher gespielt wurde und von jeher den größten Erfolg hatte.
117 1705 404 1771 igenblicken der
426 1732 1593 1816 Französisch ist die konzentrierte Erotik des Schanspiels, fran¬
114 1753 404 1819 ich vollbrachter
422 1777 1587 1846 zösisch der Gesellschaftston, der ganz vergessen läßt oder nie
117 1801 402 1866 einern dasteht,
418 1823 1590 1906 in Erinnerung bringt, daß die Personen auch einen Beruf
148 1846 401 1911 den Frauen
427 1867 1593 1959 haben; französisch die Kinderlosigkeit der beiden in Betracht
113 1890 398 1965 herer Gelassen¬
420 1916 1585 2002 kommenden Paare, die es ihnen ermöglicht, ihr Recht auf
113 1942 404 2007 äßt er eher an
426 1980 1592 2046 „Leidenschaft“, wie sie es nennen, so nachdrücklich zu betonen
106 1988 397 2067 ry, mit dem
413 2018 1591 2090 und auszuleben. Auch der Räsoneur, der als Arzt ver¬
112 2030 225 2100 hat.
425 2059 1595 2142 kleidet, wie bei Dumas Sohn, in geistreicher Rede den Titel
98 2099 394 2166 elmaß unserer
421 2118 1588 2207 erklärt, weist auf das französische Theater, und ebenso die
96 2146 403 2210 hles verdienen
422 2160 1591 2244 ganze Technik des Schauspiels, das, seinen moralischen:
91 2196 396 2257 ng. Vor allem
415 2203 1577 2282 Nihilismus abgerechnet, ebenso vor vierzig Jahren geschrieben
121 2240 398 2306 Betracht, die
411 2256 1585 2333 sein könnte. Daß diese Technik freilich heute genau wie vor
90 2290 394 2356 ne sehen lassen
410 2302 1587 2379 vierzig Jahren, oder wie vor hundert, wirkt, wird dem
96 2338 401 2403 Larissa, ebenso
413 2346 1576 2430 Publikumspsychologen, der neuen Richtungen skeptisch gegen¬
90 2385 396 2447 ck eine form¬
409 2397 1583 2480 übersteht, einigermaßen zu denken geben. Vor zwanzig Jahren!
119 2427 394 2500 „Bestie“, wie
409 2437 1583 2528 hat man diese Richtung auf den Effekt vieux jeu genannt
157 2478 382 2546 es ist be¬
403 2500 1567 2554 und verächtlich abgetan. Jetzt zieht das alte Spiel das neue
106 2523 390 2591 die Ehegatten
408 2539 1580 2627 Publikum aufs neue ins Theater. Das neue? Es hätte wohl
90 2572 400 2646 ntitel verleihen
404 2585 1585 2680 das alte nicht minder angezogen. Denn dieses alte Spiel ist
96 2619 394 2688 am besten duch
391 2638 1601 2726 das Theater an sich: es ist das nackte Theater.R. A.
363 2684 638 2781 # #g
1919 1044 1975 1125 4
2012 1134 2686 1247 Dr. Max Goldschmidt
2014 1217 2664 1308 Büro für Zeitungsausschnitte
1855 1284 2137 1353 BERLIN N 4
2386 1288 2840 1370 Teleion: Norden 3051
2132 1378 2514 1460 Ausschnitt aus:
1890 1458 2778 1552 Hamburgischer Correspondent
2478 1536 2646 1600 —
2228 1567 2663 1676 BNov. 1927
2148 1681 2672 1778 Das weite Land.
1861 1725 2433 1825 Wie das bekannte Buch.Sch
2480 1757 3047 1846 nennt die in Ham¬
1775 1741 3033 1863 burg schon seit dem Vorjahr vörkendaft eingeführte Deutsch¬
1795 1816 3032 1922 Baltin Dr. H. von Hoerschelmann ihren Vortrag, den
1794 1852 3023 1947 sie für den St. Pauli Bürger=Verein im Gewerbe¬
1781 1895 3019 1999 haus hielt. Wie sie das seelisch=gefühlsmäßige im Russen
1774 1929 3024 2041 wirksam aufdeckt, die in der russischen Volksseele, bis hoch hinauf
1783 1973 3020 2065 triebhaft vorhandenen Komplexe, wie sie das Gemisch von
1773 2008 3019 2113 Fatalismus und Ergebung, Moralität und kindhafter Natür¬
1773 2045 3034 2154 lichkeit nachzeichnet, das alles wirkt wie unmittelbar über¬
1781 2084 3019 2187 tragenes russisches Leben. Da ist erst einmal in ganz großen¬
1774 2131 3018 2223 Umrissen die Weite der russischen Ebene in ihrer Uferlosigkeit,
1768 2171 3036 2276 in der Melancholie ihrer endlos scheinenden Wege, die sich fast¬
1765 2203 3004 2311 ohne Zweck und Ziel irgendwie in der Endlosigkeit zu ver¬
1762 2248 3005 2349 lieren scheinen. Die Melancholie eines heißen kurzen Sommers,
1764 2287 3007 2391 fast ohne einen anderen Rhythmus, als den der Weite und
1770 2327 3004 2440 des Vergessenseins. In dieser Landschaft, auch jener der winter¬
1759 2360 3005 2477 lichen weißen Weite, lebt der russische Mensch des Dorfes und
1762 2403 3007 2517 der Städte, mit seiner Hingabe an die Stunde, der großzügigen
1765 2441 3008 2543 Freigebigkeit, der Gastfreundschaft, aber auch mit der — von
1756 2478 2997 2577 Frau v. Hoerschelmann reizend gezeichneten Anlage und Selbst¬
1753 2527 2996 2626 verständlichkeit zum Lügen, Stehlen, zur Trunksucht und Be¬
1749 2558 2617 2643 stechlichkeit. Blitzlichter und Schattenrisse —
2620 2604 2993 2668 diese letzten Ein¬
1749 2598 2988 2691 führungen, die uns klar machen, wie der Bolschewismus sich
1740 2642 2994 2743 bei der geschilderten Hemmungslosigkeit auswirken mußte, ob¬
1745 2681 2993 2787 gleich Frau von Hverschelmann weder Lenin noch Politik,
1753 2716 2989 2826 sondern in fünfundzwanzia Jahren ihres Frauendaseins Selbst¬
1742 2764 2980 2852 erlebtes heraufbeschwor. Daß ihre Liebe für alle Schattierungen
1737 2789 3012 2901 des russischen Volkes noch heute über die Kerenski=Zeit und
1737 2827 2981 2944 Lenin=Revolution hinweg, so stark aus ihr spricht, gibt uns
1731 2864 2974 2979 Westeuropäern, die wir der russischen Psyche entweder verständ¬
1733 2911 2976 3022 nislos oder verhimmelnd gegenüberstehen, erneut zu denken.
1801 2963 2978 3057 Jedenfalls baut Frau v. Hoerschelmann an der goldenen
1731 2989 2990 3095 Brücke, die zu einer gerechten Beurteilung des Urrussischen
1726 3030 2980 3163 führt, oder sagen wir lieber führen kann. Ein Abend sehr¬
1716 3069 2498 3168 reizvoller gemeinsamer Betrachtungen.
2862 3151 2971 3231 42
