3392 4352
1088 222 1184 289 n
257 217 1243 327 24. Das weite—
163 867 933 970 ch fünf Szenen und kein Wort zu viel.
163 939 931 1016 Enschengekribbels nicht dient, ist übrig
163 996 921 1065 lschaftsbrodem, die Sprengelstimmung,
198 1047 915 1111 Wirtshausklatsch, das ordinäre Par¬
159 1101 926 1161 und die Tendenz. Ja, auch die Ten¬
168 1134 922 1210 Hizielle Sedanfeier mit Blechmusik und
162 1180 916 1260 em sich die Anklagerede des Apothe¬
162 1239 916 1301 on (iendarmen in seiner amtlichen
166 1280 918 1357 kademiker wurmt, daß solch ein An¬
163 1346 922 1407 ich als „Auge des Gesetzes“ aufgestellt
169 1384 924 1454 r Falschheit der Pfaffen zum Schaden
159 1433 922 1507 der er tut doch, als ob es ihn wurme.
173 1481 927 1554 so etwas wie ethische Unterkellerung
173 1530 918 1602 Die beiden Kerle kämpfen zuletzt mit
162 1587 918 1654 isten und zuerst mit den ... um ein
162 1627 896 1705 h zwar dem gebrechlichsten zahlungs¬
164 1684 907 1752 brenschaft nicht verschließt, aber nur
166 1729 929 1803 fersucht auf die Kommandantin nötig
181 1774 622 1836 erdige Geschöpfe entse
703 1787 923 1843 und bis
193 1826 607 1894 die Luft zwischen
754 1835 918 1897 ktrisch
161 1881 652 1944 in einem Sonntagnachmitta
666 1877 911 1945 jahrmarkts-
161 1923 631 1987 tige Süddeutschheit eine
798 1936 903 1998 chen
170 1970 627 2038 nglichkeit zusannnenlasse
797 1984 902 2038 unte
168 2022 609 2090 Katholizismus jählings
808 2036 902 2096 las¬
167 2067 652 2135 em Zuge zu transponieren
815 2080 889 2140 ur¬
165 2111 610 2184 in Thoma, dem ein geh
824 2134 907 2186 Ien
169 2167 563 2235 Jehirn zu so viel P
842 2189 890 2238 T-
244 2216 607 2284 „man sicht es an
828 2232 908 2282 lIe
164 2268 659 2337 mer noch nachgespürt wis
810 2279 904 2331 wie
163 2323 664 2382 eutigen Tag gesprochen kl
796 2323 904 2391 Ein
160 2361 627 2431 er Schwefelhumor zuch
778 2373 904 2443 den
160 2409 483 2477 ebensausschnitt.
162 2458 611 2534 selbst beharrende Specke
819 2472 902 2537 die
155 2521 713 2588 B eine Aufführung zu vereiner
751 2528 893 2581 vissen.
147 2570 633 2631 t sich gleichermaßen am
723 2574 898 2636 sch und
163 2612 595 2682 den fünf Szenen eine
638 2621 897 2688 inz, und die
155 2668 883 2733 tsamt dem schwer entbehrlichen Epi¬
164 2711 893 2781 Epitaph für den erschossenen Gen¬
154 2761 885 2832 bust heißt, dem ein ehrenvoller Selbst¬
168 2814 887 2876 hat in den andern vier Szenen mit
151 2863 899 2926 it für Lautensacks Dialogik, für ihren
161 2910 890 2980 ehackt. Durch die metzgerhafte Be¬
161 2955 880 3020 Antithesen herausgekommen, Anti¬
155 3004 881 3076 pressionismus machen, der noch gar¬
151 3060 888 3117 onismus ist, und es niemals erfahren
168 3114 888 3178 einzig der Dilettantismus ist. Diese
160 3164 894 3227 mandanten für allerkleinste Ortsver¬
1392 215 1835 317 box 29/4
1309 893 2658 955 bände — ist keisend, kurzatmig, voll Angst, eine knallige Wirkung
1303 954 2658 1008 zu verpassen, und ohne Scheu, jede feinere zu verpatzen. Es tut mir
1306 1011 2662 1071 in der Seele weh, daß ich Bassermann bei Herrn Saltenburg seh. Er
1302 1049 2663 1104 sieht sich nicht und wird deshalb, fürchte ich, meinen guten, aufrich¬
1308 1104 2657 1158 tiger Besorgtheit entspringenden Rat mißachten: sich lieber heute als
1310 1148 2662 1202 morgen wieder einem einigermaßen gleichwertigen oder zum mindesten
1299 1203 2663 1256 gleichstrebenden Ensemble unter der Leitung eines Kunstmenschen
1311 1244 1595 1303 einzugliedern.
1311 1337 2293 1420 Wiener Theater von Alfred Polgar
1352 1407 2667 1463 Auch die Theater hier sind dem allgemeinen Verfall verfallen.
1313 1437 1373 1496 4
1369 1451 2660 1505 Glanz und Freude des Metiers sind hin. Die Schauspieler
1304 1500 2658 1559 plagen sich im „Nachtgeschäft“ ihren Lebensunterhalt zu er¬
1308 1554 2672 1605 schwingen, das heißt: sie arbeiten im Cabaret, im Konzertcafé¬
1308 1585 2664 1650 haus, im Tingl. Oder zumindest in den Nachtvorstellungen, mit
1306 1635 2663 1688 denen die Bühnen selbst sich helfen, ihren Raum und ihre Zeit
1307 1676 2664 1722 lukrativer nützen wollen. Die zur Existenz des Theaters un¬
1301 1713 2665 1781 bedingt nötigen Mittel heiligen den schäbigsten Amüsierzweck.
1309 1766 2656 1823 Literarisch hat die wiener Schaubühne niemals viel bedeutet; sie
1300 1816 2666 1862 bedeutet jetzt weniger als gar nichts. Kein neuer Dichter kommt
1308 1851 2657 1915 hier zum ersten Wort, auch kein neuer Autor. Von der Fassade
1305 1895 2669 1946 der wiener Kultur springt der Theater-Stuck, der ihre Zierde war,
1304 1944 2663 1996 ab. Und nicht einmal das Theaterstuck macht den Wienern
1304 1982 2662 2048 mehr Freude. Die Schauspieler sind noch immer, alle, „Lieb¬
1308 2030 2655 2096 linge“ aber das liebende Publikum ist kraftlos geworden, und
1305 2075 2667 2117 seine Gönnerschaft hat keinen Nährwert. Es ist eine schlimme
1298 2120 2665 2168 Zeit. Ein Glück noch, daß es auch eine groteske Zeit ist, zum
1300 2160 2667 2234 Heulen komisch in ihrer Gehetztheit, Verlorenheit und ihrem
1305 2203 1759 2269 pathetischen Asthma.
1388 2277 2651 2338 Also finden die Klagen des Karl Moor wider schiefen Bau
1313 2331 2660 2389 und schnöde Ordnung der Welt heute besonderes Echo. Zumal
1300 2385 2656 2442 wenn ein so starker Komödiant wie Oscar Beregi die Sache vor¬
1304 2421 2651 2468 trägt, in klassischer Heldenattitude, adligen Weltschmerz in den
1303 2459 2645 2525 Mienen, die Unterlippe voll Bitterkeit schiefgezogen, das Locken¬
1309 2512 2652 2582 haupt aufwärts, gewissermaßen: mit dem Kinn gegen die Götter
1295 2561 2661 2606 polemisierend. „Augenrollen und Füßestampfen“, wie das der
1302 2606 2651 2654 Chronist von der ersten mannheimer Aufführung berichtet, stellte
1294 2653 2663 2711 sich bei der Neu-Inszenierung der „Räuber“ (durch Direktor Ber¬
1308 2704 2664 2752 nau im Deutschen Volkstheater) allerdings nicht ein. Die In¬
1306 2735 2656 2779 szenierung, die viel mit Vorhängen und Scheinwerfern arbeitet
1307 2781 2653 2829 und den Szenenwechsel bei hochgezogener Courtine besorgt,
1310 2824 2655 2867 holt keinen neuen Ton und keine neue Farbe aus dem Drama.
1304 2864 2658 2920 Wo sie's versucht, wirkt es als Pose einer Modernität, zu der
1300 2915 2649 2957 iede innere Beziehung mangelt. Wenn der monologisierende
1304 2954 2624 3008 Franz Moor vom Scheinwerfer mit Rotglut übergossen wird —
1305 2994 2656 3050 optischer Vorschmack des Höllenfeuers, das ihm gewiß — scheint
1305 3042 2648 3092 das fast wie Parodie auf das Stil-Bemühen des neuern Theaters.
1298 3088 2650 3149 Eine Konvention, die erschrecklich das Gesicht verzieht, um nicht
1302 3130 2655 3188 erkannt zu werden. Herr Onno fühlt sich nicht wohl in der
1301 3169 2649 3249 Schlangenhaut des Franz. Seine Beseeltheit fährt nur mit Mühe
2474 3226 2587 3293 557
