3436 4256
719 31 796 96 W0
310 25 1277 134 24. Das eite Land
1428 43 1898 134 box 29/3
196 244 500 327 Eentimentalität
500 271 1486 361 an dachte ich, als ich, im Ohr noch das Schreien
203 300 474 352 kerk entsteht. —
493 313 1470 397 der Kinder, die die Mutter schlachtet, durch die
196 331 490 401 ahrer Dichter,
496 357 1480 444 wundersame Maiennacht heimkehrte. Wie sehr muß
191 372 495 437 keit der Latei¬
492 391 1475 474 dieser alte Griechendichter, den die Hunde eines
277 421 487 479 wie Cho¬
491 435 1463 515 Königshofes zerrissen, gelitten haben, daß er diese
198 437 478 512 lie eine Stelle,
483 460 1473 555 anklagende Dichtung schrieb! Er hat viel geliebt
206 496 480 553 ein Moralist
499 512 1277 587 und fürchterliche Enttäuschungen erlebt.
228 535 489 592 wenn zum
1337 551 1470 604 Die
493 554 1407 626 Sage nennt ihn einen misogynen Sonderlina -
199 559 480 633 n und Weib,
491 585 1466 677 denn nur aus glühender Liebe entstehen strindber¬
208 612 478 668 ffen und wei¬
483 640 1464 711 gisch verzerrte Bilder des Weibes, wie die Medea
194 651 469 705 ff ist ein be¬
484 666 1465 752 des Euripides. Dies kommt in Révys Bearbei¬
199 688 476 744 a Hofreiters
478 712 1467 793 tung (die gewissenhafte Uebersetzung ist von Paul
198 731 473 784 isemble hielt
481 746 1459 816 Martin) scharf zum Ausdrucke, besonders durch
214 769 471 838 t neben dem
480 780 1015 854 das Abdämpfen der Chöre.
1004 817 1454 871 — Lina Laßmann ist,
477 832 1453 917 mit Ausnahme einiger Stellen, echt und groß als
190 837 463 920 itet die Art,
461 864 1462 950 Trägerin der Titelrolle: ihr Partner, Herr Heß.
203 896 462 961 pides (ur¬
477 903 1472 997 stellt einen scharf gezeichneten Jason. Es ist nicht.
197 940 452 999 k Bühne an¬
471 945 1449 1030 leicht, in der Sprechtechnik den Stil der alten
191 980 461 1043 Krück, so daß
468 978 1452 1082 Tragödie zu treffen; das merkte man den Neben¬
189 1020 461 1080 ma Medea¬
467 1020 1279 1101 rollen an, vor allem den Chorführerinnen.
189 1060 463 1117 lechnung, die
1241 1070 1413 1150 K. v.
193 1097 462 1153 auf das ent¬
185 1137 461 1194 erzen. Grau¬
187 1175 453 1232 st des Euri¬
189 1210 453 1270 klein leuchtet
213 1256 455 1309 e“ Die Ge¬
191 1280 458 1351 gestellt, auf
177 1336 451 1394 winkel sind
952 1332 3025 1456 Deutschland. Nicht Edward Grey, Nicolson war es, berartiger ist, daß ihrem Abtransport nahts nuccht iuf
197 1375 453 1427 alles, dem
938 1365 3008 1470 der die Fäden mit Rußland und Frankreich knüpfte, Wege steht. Der begleitende französische Offizier er¬
192 1404 439 1467 glaubt nicht
947 1406 3011 1532 um dann ein dichtmaschiges Netz daraus zu weben.klärte, daß der baldige Rücktransport dieser Gefan¬
186 1453 440 1506 ke Medea ist
1006 1448 2345 1542 Wie es heißt, soll der frühere Botschafter in dengenen bevorstehe.
188 1491 441 1544 ucht; Jason
938 1475 1986 1572 Vereinigten Staaten, Graf Bernstorff, für den Posten
2338 1499 3016 1558 Major Draudt konute feststellen,
186 1536 445 1590 ch berechnet.
1971 1528 3012 1593 daß die Kranken sich in einem recht guten Ernäh¬
3000 1529 3121 1603 mes
946 1525 3110 1634 eines ständigen Staatssokretärs im deutschen ausdrungszustand befinden. Die menschliche Anteilnahme den
185 1562 448 1637 ung patholo¬
186 1608 447 1680 hieht, seine
182 1644 444 1718 stwerke ver¬
1148 1643 1781 1726 Stadttheater Dortmunz
183 1691 430 1760 pfers. Dar¬
1952 1679 3013 1750 (Friedrich, wie der junge Fähnrich Otto von Aigner
1128 1697 1820 1783 Zum 1. Mal: „Das weite Land“
1954 1730 3016 1793 nachts aus dem Schlafzimmersenster seiner Gattin
1012 1724 3000 1828 „Der Mensch ist ungleich, ungleich sind die Stun=steigt. Er fordert ihn heraus und tötet ihn im Duell.
928 1777 1978 1855 den“, heißt es im „Faust“. Und im dritten Akt des
1971 1811 3110 1872 Auch jetzt noch hofft Genia, daß ihr Gatte zu ihr Ste¬
946 1821 3086 1888 Schauspiels „Das weite Land“ sagt Arthur Schnitz= zurückkehre, nachdem sie seine Eisersucht herausgefor=um
936 1866 1960 1934 ler: „Sollte es Ihnen noch nicht aufgefallen sein,
1966 1879 3102 1952 dert. Doch es ist zu spät; auch Erna kann ihn nicht gele¬
927 1893 1964 1972 was für komplizierte Subjekte wir Menschen im
1966 1920 3006 1995 mehr halten. Der sieghafte Blick der Jugend, der
2990 1924 3104 1981 gute
926 1931 1959 2014 Grunde sind? So vieles hat zugleich Raum in uns.
1974 1959 2995 2025 ihn traf, zeigt ihm das weite Land der Seele, dem
2991 1962 3098 2019 mer
927 1964 1966 2064 Liebe und Trug, Treue und Treulosigkeit . .. Ja,
1964 1997 2996 2066 er entslohen ist, indem er sein Leben vergeudet hat.
2992 2011 3077 2062 Anz
924 2018 1624 2080 die Seele ist ein weites Land.
1757 2035 1957 2087 in seinem
1967 2036 2985 2097 Er hört die Stimme seines aus der Fremde heim¬
2985 2047 3105 2098 meh
929 2055 1966 2117 „Paracelsus“ findet der gleiche Dichter die Erkennt¬
1970 2075 3000 2135 kehrenden Sohnes und erlebt die Erkenntnis vom
927 2096 1967 2165 nis: „Mit Menschenseelen spiele ich. Ein Sinn wird
1963 2111 2912 2178 Wechselspiel des stets sich verjüngenden Lebens.
2924 2109 3089 2190 völl
933 2130 1965 2207 nur von dem gefunden, der ihn sucht. Es fließen
2018 2159 3097 2234 Der Dichter fand mit diesem feinfühlig und see= meh
931 2159 1957 2247 ineinander Traum und Wachen. Wahrheit und Lüge.
1964 2178 2990 2249 lisch objektiv gestalteten Schauspiel eine sorgsam vor¬
931 2210 1963 2276 Sicherheit ist nirgends. Wir wissen nichts von an¬
1970 2228 3085 2305 bereitete Wiedergabe unter Leitung Wilhelm#
925 2248 1967 2317 dern, nichts von uns.“ — Es ist der Immoralismus
1963 2262 2416 2323 Maurenbrechers.
2437 2277 3083 2333 In der Ausstattung war kun
917 2286 1965 2354 der modernen Psychologie und der seminine Charak¬
1967 2305 3080 2386 die milde Landschaft von Baden bei Wien gut ge=Diel¬
921 2311 3005 2414 ter des österreichischen Autors, der uns hier ent=stroffen; der Garten hätte freilich eine etwas üppigere
930 2357 3070 2437 gegeniritt. Die Annäherung an das Leben, die diese Anordnung vertragen können. Recht natürlich sprach Fam
920 2397 1952 2466 sensible Kunst auszeichnet, macht uns das Stück, das
1954 2421 3091 2495 dagegen die Hotelvorhalle an. Den Friedrich Hof=woh#
930 2434 1951 2506 die Objektivität des Autors eine „Tragikomödie“
1963 2459 3089 2534 reiter gab Herr Konrad Rohde wieder ganz mit seine
924 2481 1947 2545 nennt, so wertvoll, wenn es auch mitunter die Sand¬
1957 2495 3088 2561 der vollsicheren Überlegenheit, die wir kürzlich und nicht
926 2519 1945 2585 flächen einer allzu losen Gestaltung zeigt. Doch der
1951 2531 2970 2603 schon nach seinem erfolgreichen Gastspiel an ihm
2973 2563 3068 2620 groß
926 2550 2611 2639 1862 geborene Wiener gibt, wie in seinem „Anatol“, frühmen konnten, wohldurchdacht.
2650 2587 3085 2653 Zwar schien er der
914 2588 2979 2674 der „Liebelei“ und dem „Einsamen Weg“ die wir jnach Wien nur zugercist, aber doch längst hier hei¬
924 2626 1961 2703 hier schon gesehen, Zeitbilder von novellistischem
1954 2650 2978 2722 misch in all seiner stolz=äußerlichen Männlichkeit,
918 2659 1946 2732 Reiz und hat unter dem Einfluß Ibsens seine be¬
2961 2679 3095 2744 jnoch
1956 2689 2964 2761 Viel wienerischer, echt in ihrer empfindsamen
2976 2724 3059 2770 ten
919 2706 2971 2793 hutsam sezierende Art vertieft und doch die Weich= weibuich=komplizierten Art sprach Fräulein Gauby
2972 2757 3079 2829 wol
918 2744 2973 2831 heit der Konturen, das zarte Kolorit seiner Men=sän, die wieder eine ihrer fesselndsten, feinsinnigsten
918 2785 2975 2865 schenkenntnis behalten. Sie bilden auch den Haupt=Leistungen bot. Durchaus geeignet gerade für diese
2971 2822 3076 2889 Wo#
919 2828 2974 2906 vorzug seines psychologischen Schauspiels „Das weites sensitive Gestalt, bot sie ihr Bestes. Die Gegenspieler
911 2868 1956 2932 Land“ das nun auch den Weg zu uns gefunden hat
2973 2884 3077 2944 etwe
1944 2884 2968 2945 der beiden anderen verunglückten Ehen traten da¬
912 2902 1944 2961 und uns hineinschauen läßt in die gebundene Welt
2968 2917 3070 2971 nun
1948 2921 2959 2983 gegen erheblich zurück. Doch nennen wir die Damen
920 2935 1961 3017 seiner zwiespältigen Menschen, denen die Selbst¬
1947 2960 2968 3014 Ravenau und Elten sowie Herrn Binder
910 2972 1945 3051 erkenntnis sozusagen in den Fingerspitzen sitzt und
1954 3002 2972 3060 mit wohlcharakterisierten Gestaltungen. Beherrscht
2962 3001 3078 3073 mög
909 3013 1734 3082 die sich doch nicht in der Gewalt haben.
1934 3029 2969 3102 und jugendfroh erfaßte Herr Ettel den Otto von
964 3050 1948 3116 Der Fabrikam Friedrich Hofreiter und seine
1948 3073 3077 3137 Aigner; ausgezeichnet war Frau Latwesen insteten
911 3084 1951 3160 Gatin Genia führen eine Ehe, wie sie für die neu¬
1941 3103 3083 3181 der Rolle der Erna, in der ihr besonders der Über, Deus
912 3133 1946 3191 zeitliche Gesellschaft typisch ist. Sie haben sich ein¬
1942 3153 2963 3221 gang vom Gespielten zum Wahrhaften gut gelang.
915 3175 1944 3241 #der mehr und mehr entfremdet. Der russische Pia¬
1942 3188 3060 3255 Drollig und doch kaum übertreibend zeichnete Frl. sein
906 3214 1943 3273 nist Korsakow hat sich aus unglücklicher Liebe zu
1942 3230 2963 3292 Ziegler die etwas naive Frau Wahl. In den
2953 3229 3066 3308 lung
912 3255 2973 3340 Genia erschossen. Genia liebt ihren Gatten, obwohl wei'eren Episodenrollen bewährten sich die Herren
2962 3278 3070 3330 Hilk
901 3282 3070 3381 er sie betrügt. Nach der Gattin des Bankiers Natier[Althauser (in feinfühlig erfaßtem Spiel). Er-seilig
911 3321 3065 3419 kommt die junge, lokette, doch leidenschaftliche Ernaslecke, Schubert (sehr originell gestaltend) und und
906 3360 2905 3445 Wahl an die Reihe, die ihm im Hotel am VölserjLaumen. Die Neuheit wurde mit fühlbarem 7
915 3396 2373 3483 Weiher zu eigen wird. Nach der Rückkehr besbachterlieresse ausgenommen.
2711 3426 3057 3504 Th. Sch. in #
1923 3492 2324 3584 Paca
1136 3523 1951 3746 Antuuaueten
1529 3703 1930 3872 71a1
2715 3702 2941 3894 %
