3392 4352
345 163 1538 231 usist So is ind ickiey famtes Parsüim, untermischt nit dem Ge
344 211 1569 270 ruch beizend scharfer Desinfektionsmittel. Daß der Dialog die Handlung
342 243 1581 308 überwuchert, drängt sich um so eher als Fehler auf, als uns die Personen
339 280 1576 345 mit ihrem marklosen Sybaritentum und seichten Leben sheit bald herz¬
342 322 1574 390 lich gleichgültig sind und selbst die tragische Schießerei chluß nicht mehr
338 367 1576 398 zu lebendiger Teilnahme aufrüttelt. Dazu ist die Hauptperson mit einer ge¬
332 398 1574 448 zierten, müden Spitzfindigkeit so übersein gezeichnet, daß ihr Innenleben uns
330 456 1572 503 trotz gelegentlicher taktloser Offenherzigkeiten bis zum Ende ein Rätsel bleibt.
330 478 1586 548 Friedrich Hofreiter, ein Wiener Industrieller, trägt — allmählich dämmert „
327 529 1576 582 uns das auf — im tiefen Herzen eine sublime Liebe zu seiner Frau, und
334 548 1568 618 seine Frau liebt ihn. Aber die Ehe ist kalt und unbefriedigend. Hofreiter
333 591 1572 657 liebelt mit einer lockern Bankiersfrau, dann mit einem jungen Mädchen,
327 634 1572 683 das zuerst modern starkgeistig auftritt und sich später als lüsternes Gäns¬
331 666 1576 731 chen entpuppt. Er gibt sich keine Mühe, seine Untreue zu verbergei, er
329 711 1568 770 stellt sich sogar, als wenn er auch seiner Frau eine vergnügliche Abschwei¬
331 744 1561 808 fung von der langweiligen Chaussee der Pflicht keineswegs verübeln würde.
332 796 1570 847 So bedauert er wortreich einen Künstler, der sich aus unerwiderter Liebe
319 831 1571 887 zu seiner, Hofreiters, Frau erschossen hat, und macht ihr kaum verhüllte
323 869 1576 908 Vorwürfe, daß sie ein hoffnungsreiches junges Leben durch ihre Unbarm¬
331 903 1574 952 herzigkeit geknickt habe. Erst später ahnen wir, daß Hofreiter unter dem
326 947 1568 1007 Gewand des frivolen Skeptikers sich mit schmerzendem Dolch zersetzt,
324 973 1569 1024 daß jener Künstler infolge eines amerikanischen Duells mit Hofreiter Hand
321 1019 1569 1068 an sich gelegt hat. Vergeblich schmachtet seine Frau, die nur aus Liebe zu
328 1048 1562 1118 ihrem Gatten den verführerischen Anbeter zurückgewiesen hat, nach einem
329 1093 1564 1143 herzlichen Wort; aufs tiefste gekränkt und entmutigt rächt sie sich, indem
324 1144 1562 1203 sie dem Beispiel der andern folgt und sich einem blutjungen Marinefähnrich
328 1177 1566 1238 in die Arme wirft. Hofreiter beobachtet, wie der Fähnrich nächtlicherweile
317 1219 1574 1275 aus dem Fenster des Schlafzimmers seiner Frau steigt. Einem Freund
324 1258 1570 1316 gegenüber spöttelt er über die Hörner, die ihm aufgesetzt worden sind, bricht
324 1297 1564 1343 dann aber mit dem Fähnrich einen Streit vom Zaun, der zum Duell führen
318 1334 1552 1391 muß, nicht etwa, weil er die beleidigte Gattenehre reinwaschen will — viel
324 1373 1554 1435 Ehrgefühl steckt nicht in den schlaffen Seelen — sondern aus wildem Grimm
317 1406 1556 1465 gegen den begünstigten Nebenbuhler. Im Zweikampf schießt Hofreiter den
313 1448 1563 1508 Gegner nieder. Seine Frau sagt sich von ihm los wegen seiner erbar¬
324 1488 1561 1540 mungslosen Brutalität, der Tod des Jünglings, der doch nur ein Lücken¬
309 1522 1568 1572 büßer war, geht ihr nicht sehr zu Herzen; Hofreiter selbst weist das schon
301 1564 1574 1621 erwähnte Mädchen, das ihm überall hin folgen will, schroff zurück, und
305 1599 1561 1660 der Vorhang fält, während draußen die jauchzende Stimme des eben
310 1651 1549 1689 aus der Pension zurückkehrenden Sohnes des unglücklichen Ehepaars er¬
317 1683 1553 1735 klingt. Dem Falle Hofreiter sind ähnliche Fälle gegenübergestellt. Als
315 1714 1540 1777 einziger aufrechter, gesunder Mensch, der von „Herzensschlampereien“
311 1761 1551 1817 nichts wissen will, bleibt nur ein leider recht lederner Arzt übrig. Das
313 1797 1552 1855 Stück, das in Baden bei Wien, während eines Aktes in einem Dolomiten¬
305 1837 1548 1889 hotel spielt, bringt dann noch eine Reihe unterhaltender Typen: einen un¬
315 1875 1552 1919 fäglich faden Lawn=Tennis=Gecken, einen Nachtcafé=Dichter, einen schön¬
312 1913 1553 1962 geistig wissenschaftlerischen Zierbengel, eine einfältig plappermäulige alte
310 1959 1548 2011 Dame der Gesellschaft, einige komische Touristen. Am Schluß hat der Zu¬
309 1995 1549 2060 schauer das Gefühl: Wozu alle die endlosen Redereien, wozu das Pistolen=
300 2036 1550 2099 geknalle? Was gehen mich die Mollusken an, die da ihre weichen, schlei¬
309 2072 1542 2122 migen Glieder durcheinander flechten? Für solche Milieuschilderungen und
310 2100 1551 2162 seelische Tifteleien ist der Roman da, auf der Bühne zerfließen sie zu Brei.
301 2150 1549 2204 Gespielt wurde durchweg gut. Heinz Monnard gab die schwierige, wider¬
303 2183 1541 2246 spruchsvolle Rolle des Friedrich Hofreiter; als Frau Hofreiter vermied Irene
301 2230 1546 2288 Triesch, die man lieber in größern, ihrem Talent ebenbürtigen Aufgaben
307 2265 1539 2314 sähe, glücklich ein allzu larmoyantes Wesen. Emanuel Reicher spielte den
302 2309 1549 2358 ziemlich papiernen geschiedenen Don Juan. Dem Beifall, den das Publikum
298 2338 1537 2413 spendete, fehlte offenbar die Überzeugung; er galt mehr andern, bessern¬
291 2382 1058 2434 Stücken des Verfassers und den Darstellern.
335 2421 1540 2481 X Wien. Von den mehr als ein Dutzend Aufführungen, die am
293 2459 1532 2517 Samstag Arthur Schnitzlers fünfaktige Tragikomödie Das weite
296 2498 1537 2548 Land gefunden hat, war die am Burgtheater als die Haupt¬
290 2532 1535 2566 aufführung gedacht. Nicht nur, weil der Dichter in Wien wohnt, als
292 2564 1521 2622 besonderer Burgtheaterdichter gilt und bei der Burgtheateraufführung
298 2618 1531 2657 persönlich zugegen war, sondern auch, weil Schnitzler dieses neue Stück
286 2649 1523 2695 wieder ganz ins moderne Wiener Milieu, wie er es nämlich auffaßt und
293 2679 1531 2733 darstellt, hineingesetzt, mehrere der Rollen Gestalten der Wiener Gesell¬
291 2727 1526 2778 schaft nachgezeichnet und die meisten sogar Burgschauspielern „auf den
295 2764 1519 2820 Leib geschrieben“ hat, die Hauptrollen zweien der Koryphäen des Burg¬
294 2805 1531 2846 theaters, die die Aufführung des Stücks nicht mehr erlebt haben, Kainz
293 2846 1524 2903 und Harimann. Auch ohne die gleichzeitige Massenaufführung wäre
293 2879 1519 2920 daher Das weite Land für Wien eine große Sensation gewesen. Gleich¬
284 2918 1521 2969 wohl kann man sagen, daß die überaus sorgfältige Aufführung des
280 2962 1525 3016 Burgtheaters nahe daran war, einen Mißerfolg zu ergeben. Während
285 2994 1520 3048 der ersten drei Akte dieses langgedehnten Stücks, die fast nichts geben
280 3030 1520 3079 als eine allerdings sehr naturalistische Milieuschilderung, machte sich eine
287 3077 1518 3121 bedrohliche Langeweile im Hause breit, die das Wohlgefallen an der
286 3110 1528 3163 feingeschliffenen Dialektik dieses zynischen Skeptikers und der meister¬
281 3150 1522 3202 haften Leichtigkeit und Natürlichkeit seines Dialogs fast erstickte; erst die
277 3189 1517 3236 beiden letzten Akte mit ihrem kräftigern dramatischen Impuls brachten
291 3230 1522 3269 ein tieferes Interesse hervor, so daß sich der Achtungserfolg in einen
287 3261 1516 3316 wirklichen verwandelte, wobei freilich ein inneres Widerstreben des
281 3303 1508 3348 Publikums gegen die Verbogenheit und Verrenktheit der Schnitzlerschen
289 3340 1520 3394 Erotik und gegen das Übermaß dieses Sumpfes, als gegen eine selbst“
286 3361 1517 3421 in dem geschilderten Milieu naturwidrige Unwahrscheinlichkeit nicht über¬
290 3411 1507 3475 wunden werden konnte. Wesentlich verdankt das Stück seinen Erfolg
277 3444 1516 3512 in Wien dem Darsteller der Hauptfigur, einer echten Schnitzlerschen
277 3485 1513 3531 Gestalt, die lebhaft an den „jungen Medardus“ und an den Helden im
274 3533 1507 3571 „Zwischenspiel“ erinnert, der Figur des Fabrikanten Friedrich Hof¬
273 3576 1509 3623 reiter. Nach Kainzens Tode hat sie Herr Korff übernommen (der so¬
273 3605 1518 3644 lange von Kainz in Schatten gestellt worden war) und zu einer meister¬
269 3646 1503 3701 haften Darstellung gebracht, die mit einem Schlage dargetan hat, daß
272 3690 1503 3731 das Burgtheater in diesem Künstler für solche Rollen einen vollen
277 3718 1511 3761 Ersatz für Kainz gefunden hat. Seine schöne Leistung allein wird dem
278 3766 1503 3817 Stücke in Wien, dessen Publikum ja im Theater mehr den Schauspieler
277 3799 1500 3847 als den Dichter sucht, eine Reihe von Aufführungen sichern. Die
270 3826 1504 3872 Partnerin Korffs, Frl. Marberg, die vom Deutschen Volkstheater
271 3871 1503 3918 herübergekommen ist, als Frau des Fabrikanten Hofreiter, stand dagegen
277 3909 1508 3967 noch nicht auf der vollen Höhe dieser ebenfalls überaus schwierigen Rolle;
269 3941 1505 4010 sie gab sich zu einfach und schlicht und ließ die Verschwommenheit ver¬
269 3985 1504 4047 missen, die den Schnitzlerschen Gestalten eigen ist. Für das ganze reiche
262 4021 1503 4076 Episodenwerk hatte des Burgtheater sein erstes Künstlerpersonal auf¬
273 4068 1120 4130 geboten, und die Ausstattung war hervorragend.
1957 1344 2903 1434 Strassburger Pest, Strassburg, Ei#
2168 1644 2373 1694 —NN-.
1839 1645 3034 1745 XX [Ein neues Stück von Arkur Schnitzler.] Unser Feuilleton=Mit¬
1788 1699 3036 1770 arbeiter schreibt uns aus Berlin: Man wußte es, bevor der Vorhang
1790 1756 3039 1815 vor dem erlesenen Publikum in die Höhe ging, daß uns Artur Schnitz¬
1801 1780 3042 1870 ler mit seiner neuen Tragikomödie Das weite Land keine Ueber¬
1796 1825 3045 1907 raschung bringen werde. Die Entwickelung dieses Dichters ist schon
1792 1870 3046 1937 lange zu ihrer Erfüllung gekommen, und wird keine neuen Höhen
1796 1932 3046 1970 mehr ersteigen. Aber es wurde auch keine Enttäuschung, dieser heitere“
1795 1947 3028 2020 und doch nachdenkliche Weg in die weiten Gefilde der Seele, denn sie
1797 1991 3026 2043 ist das große unbekannte Land, in dem heute noch die einzigen Wunder
1807 2014 3046 2096 geschehen, die kalte Nüchternheit uns gelassen. Schnitzler stellt einen
1809 2050 3044 2142 Führer von weltmännischer Art dar, der auf solchen forschenden Reisen
1796 2105 3032 2167 mit eleganter Klugheit, wenn dies Wort erlaubt ist, zu sagen weiß,
1799 2144 3041 2209 wie er die Dinge und Menschen sieht. Es liegt im Wesen solcher Dra¬
1795 2180 3047 2253 men, daß sie kein besonderes Interesse an einer Handlung haben, die
1800 2227 3039 2300 zielstrebend zu ihrer Vollendung eilt, und daß sie als weitere Folge
1810 2262 3046 2330 auch keinen eigentlichen Helden haben. Allerlei Menschenschicksale wer¬
1805 2301 3041 2371 den gezeigt, die einen nur in einer besonderen Entwicklungsperiode, die
1797 2337 3039 2405 anderen in einem größeren Lebensausschnitt. Manches Geschick wird
1806 2388 3035 2449 bis zu einem Ende geführt, manches bleibt für uns ein Fragment. Im
1799 2419 3038 2487 Zenith des Geschehens steht die Gestalt des großen Liebhabers, der mit
1805 2452 3040 2532 verändertem Gesicht fast in jedem Schnitzlerschen Stück zu finden ist,
1803 2495 3041 2570 die Anatolfigur. Diesmal machte der Dichter den Versuch, die Per¬
1796 2539 3042 2602 sönlichkeit dieses Helden tiefer zu erschauen, sie nicht einfach aufgehen zu
1803 2587 3045 2649 lassen in einer bunten Fülle von Liebesgeschichten. Der Industrielle
1805 2627 3038 2682 Hofreiter hat ein viel verschlungenes Seelenleben; er verrät seine Frau,
1798 2666 3030 2722 so oft sein Blut rebellisch wird, und nimmt es ihr keineswegs übel, wenn
1800 2702 3039 2762 sie sich auf dieselbe Weise revanchiert. Er spürt kei“e Spur von Eifer¬
1801 2728 3053 2810 sucht. Und doch will er nicht „der Dumme“ sein, fordert den Liebhaber
1801 2775 3051 2843 und erschießt ihn! Er kennt keinen Zwang des Gewissens, und trotzdem
1812 2814 3048 2886 vermag er über den Toten, den er nicht gehaßt und doch getötet, seiner?
1811 2851 3044 2922 Geliebten nicht zu folgen. Sein Leben zerbricht ihm unter den Händen,
1809 2892 3056 2964 da er glaubte, es am festesten zu halten. Es sind keine sonderlich tief¬
1801 2930 3051 3005 bohrenden Probleme und Erkenntnisse, die Schnitzler da aufgegriffen?
1802 2975 3057 3040 hat, aber er hat eben eine seltene Art, alte Dinge in moderner Form*
1800 3015 3041 3075 neu zu sagen. Es ist ein heiteres Stück, das Schnitzler da gegeben hat,
1807 3044 3050 3119 und eine frohe Stimmung lag über dem Theater. Unter glatter Decke
1808 3095 3048 3155 bereitet sich so die Katastrophe vor, bis sie plötzlich hereinbricht, mit wenig
1807 3128 3049 3203 theatralischen Requisiten ohne Posse — ein paar kurze Worte, Achsel¬
1808 3163 3040 3240 zucken und die tragische Komödie eines Lebens fand ihr Ende. Ein
1808 3206 3038 3268 Drama also von wenig äußerem Glanz, aber von einer guten und star¬
1810 3242 3049 3307 ken Innerlichkeit. Das Lessingtheater brachte eine Darstellung
1813 3288 3046 3356 heraus, die restlos alle Möglichkeiten ausschöpfte und — als Ganzes
1803 3323 3044 3396 gesehen — kaum einen Wunsch offen ließ. Selbst die kleinsten Rollen
1808 3351 3048 3425 waren von besten Kräften besetzt, so hatte Emanuel Reicher kaum
1815 3392 3044 3474 hundert Worte zu sprechen, und es ergab sich eine Aufführung von
1806 3446 3042 3507 einer aufs feinste abgestimmten Einheitlichkeit. Man hat Unrecht, wenn
1817 3482 3057 3550 man einige Namen herausgreift; die größeren Rollen wurden von Heinz
1805 3534 3005 3593 Monnard, Irene Triesch und Hilde Herterich getragen.
