<?xml version="1.0" encoding="UTF-8" standalone="yes"?>
<PcGts xmlns="http://schema.primaresearch.org/PAGE/gts/pagecontent/2013-07-15" xmlns:xsi="http://www.w3.org/2001/XMLSchema-instance" xsi:schemaLocation="http://schema.primaresearch.org/PAGE/gts/pagecontent/2013-07-15 http://schema.primaresearch.org/PAGE/gts/pagecontent/2013-07-15/pagecontent.xsd">
    <Metadata>
        <Creator>prov=University of Rostock/Institute of Mathematics/CITlab/Gundram Leifert/gundram.leifert@uni-rostock.de:name=ONB_Newseye_GT_M1+(htr_id=10810)::::v=2.4.2
prov=University of Rostock/Institute of Mathematics/CITlab/Tobias Gruening/tobias.gruening@uni-rostock.de:name=de.uros.citlab.module.baseline2polygon.B2PSeamMultiOriented:v=2.4.2
prov=University of Rostock/Institute of Mathematics/CITlab/Tobias Gruening/tobias.gruening@uni-rostock.de:name=/mnt/transkribus/LA/DEA/URO/LA_news_onb_att.pb:de.uros.citlab.segmentation.CITlab_LA_ML:v=2.4.2
Transkribus</Creator>
        <Created>2019-10-07T11:12:02.799+02:00</Created>
        <LastChange>2019-10-07T20:54:42.548+02:00</LastChange>
        <TranskribusMetadata docId="223964" pageId="9494928" pageNr="37" tsid="16468013" status="IN_PROGRESS" userId="40391" imgUrl="https://files.transkribus.eu/Get?id=ISHMKQNDDKJQOAHUICKWKVXK&amp;fileType=view" xmlUrl="https://files.transkribus.eu/Get?id=UAHDESJBAAQGCAXHAFZSXLJX" imageId="6185155"/>
    </Metadata>
    <Page imageFilename="223964_0037.jpeg" imageWidth="3344" imageHeight="4448">
        <ReadingOrder>
            <OrderedGroup id="ro_1711441502888" caption="Regions reading order">
                <RegionRefIndexed index="0" regionRef="r1"/>
                <RegionRefIndexed index="1" regionRef="r2"/>
            </OrderedGroup>
        </ReadingOrder>
        <TextRegion orientation="0.0" id="r1" custom="readingOrder {index:0;}">
            <Coords points="238,166 238,3428 1756,3428 1756,166"/>
            <TextLine id="r1l1" custom="readingOrder {index:0;}">
                <Coords points="1357,201 1482,208 1537,188 1577,213 1603,203 1763,219 1763,147 1746,142 1666,153 1587,137 1428,161 1384,143 1358,149"/>
                <Baseline points="1365,193 1391,193 1417,193 1443,193 1469,194 1495,194 1521,194 1547,195 1573,195 1599,195 1625,195 1651,195 1677,195 1703,194 1729,194 1756,192"/>
                <TextEquiv>
                    <Unicode>box 28/2</Unicode>
                </TextEquiv>
            </TextLine>
            <TextLine id="r1l2" custom="readingOrder {index:1;}">
                <Coords points="954,198 963,198 969,204 1002,204 1017,196 1023,203 1055,203 1056,160 1044,157 1013,163 991,147 978,144 954,147"/>
                <Baseline points="962,195 990,195 1019,196 1048,195"/>
                <TextEquiv>
                    <Unicode>La</Unicode>
                </TextEquiv>
            </TextLine>
            <TextLine id="r1l3" custom="readingOrder {index:2;}">
                <Coords points="230,208 1147,239 1185,199 973,202 785,143 630,183 468,139 401,183 333,145 231,153"/>
                <Baseline points="238,186 284,191 331,196 378,199 425,203 472,206 519,209 566,210 613,212 660,214 707,214 753,215 800,215 847,215 894,215 941,215 988,215 1035,214 1082,214 1129,214 1176,213"/>
                <TextEquiv>
                    <Unicode>24. DaS WOf  </Unicode>
                </TextEquiv>
            </TextLine>
            <TextLine id="r1l4" custom="readingOrder {index:3;}">
                <Coords points="528,1262 896,1271 898,1202 836,1228 788,1230 617,1207 589,1222 529,1213"/>
                <Baseline points="536,1253 561,1253 586,1254 611,1255 636,1255 662,1256 687,1257 712,1257 737,1258 762,1259 788,1260 813,1260 838,1260 863,1260 889,1260"/>
                <TextEquiv>
                    <Unicode></Unicode>
                </TextEquiv>
            </TextLine>
            <TextLine id="r1l5" custom="readingOrder {index:4;}">
                <Coords points="1146,1277 1226,1277 1226,1237 1204,1235 1195,1240 1186,1232 1174,1237 1171,1234 1146,1237"/>
                <Baseline points="1154,1267 1186,1269 1218,1267"/>
                <TextEquiv>
                    <Unicode></Unicode>
                </TextEquiv>
            </TextLine>
            <TextLine id="r1l6" custom="readingOrder {index:5;}">
                <Coords points="512,1298 1740,1343 1735,1302 513,1268"/>
                <Baseline points="519,1306 579,1307 640,1309 700,1310 761,1311 822,1313 882,1314 943,1316 1004,1318 1064,1319 1125,1321 1186,1323 1246,1324 1307,1326 1368,1327 1428,1328 1489,1329 1550,1330 1610,1331 1671,1332 1732,1333"/>
                <TextEquiv>
                    <Unicode>der Fabrikant Friedrich Hofreiter, die Hauptfigur des „Weiten</Unicode>
                </TextEquiv>
            </TextLine>
            <TextLine id="r1l7" custom="readingOrder {index:6;}">
                <Coords points="513,1350 1672,1387 1724,1347 513,1319"/>
                <Baseline points="521,1344 580,1345 640,1347 700,1348 760,1350 819,1351 879,1353 939,1355 999,1357 1058,1359 1118,1360 1178,1362 1238,1364 1297,1366 1357,1367 1417,1369 1477,1371 1536,1372 1596,1373 1656,1374 1716,1375"/>
                <TextEquiv>
                    <Unicode>Landes“ sind nahe seelische Verwandte. Auch hier handelt es sich</Unicode>
                </TextEquiv>
            </TextLine>
            <TextLine id="r1l8" custom="readingOrder {index:7;}">
                <Coords points="510,1394 1730,1421 1651,1375 511,1356"/>
                <Baseline points="518,1383 578,1385 638,1386 698,1388 758,1389 819,1391 879,1393 939,1394 999,1396 1059,1398 1120,1400 1180,1402 1240,1403 1300,1405 1360,1407 1421,1408 1481,1410 1541,1411 1601,1412 1661,1414 1722,1415"/>
                <TextEquiv>
                    <Unicode>wieder um die Tragik des innerlich Einsamen und Alternden.</Unicode>
                </TextEquiv>
            </TextLine>
            <TextLine id="r1l9" custom="readingOrder {index:8;}">
                <Coords points="517,1433 1725,1463 1726,1421 1671,1415 518,1396"/>
                <Baseline points="525,1423 584,1425 644,1428 703,1430 763,1432 823,1433 882,1435 942,1437 1002,1438 1061,1439 1121,1441 1181,1442 1240,1443 1300,1444 1360,1445 1419,1446 1479,1447 1539,1448 1598,1449 1658,1450 1718,1451"/>
                <TextEquiv>
                    <Unicode>Hofreiter lebt mit seiner jungen Frau Genia in einer Villa</Unicode>
                </TextEquiv>
            </TextLine>
            <TextLine id="r1l10" custom="readingOrder {index:9;}">
                <Coords points="508,1474 1732,1483 1610,1450 508,1435"/>
                <Baseline points="515,1462 575,1465 635,1467 696,1468 756,1470 817,1472 877,1473 938,1475 998,1476 1059,1478 1119,1479 1179,1480 1240,1481 1300,1482 1361,1483 1421,1484 1482,1485 1542,1486 1603,1488 1663,1489 1724,1490"/>
                <TextEquiv>
                    <Unicode>in Baden bei Wien und hier spielen vier von den fünf Akten.</Unicode>
                </TextEquiv>
            </TextLine>
            <TextLine id="r1l11" custom="readingOrder {index:10;}">
                <Coords points="513,1500 1704,1544 1728,1500 513,1474"/>
                <Baseline points="520,1504 580,1505 640,1507 700,1508 760,1510 820,1511 880,1513 940,1514 1000,1516 1060,1517 1120,1518 1180,1519 1240,1520 1300,1521 1360,1522 1420,1523 1480,1524 1540,1524 1600,1525 1660,1525 1720,1526"/>
                <TextEquiv>
                    <Unicode>Der erste Akt setzt mit einer echt Schnitzler'schen Stimmung ein:</Unicode>
                </TextEquiv>
            </TextLine>
            <TextLine id="r1l12" custom="readingOrder {index:11;}">
                <Coords points="503,1545 1732,1571 1640,1530 503,1506"/>
                <Baseline points="511,1546 571,1546 632,1547 692,1548 753,1549 814,1550 874,1551 935,1553 996,1554 1056,1555 1117,1557 1178,1558 1238,1559 1299,1561 1360,1562 1420,1562 1481,1563 1542,1563 1602,1563 1663,1562 1724,1561"/>
                <TextEquiv>
                    <Unicode>Die Hauptfiguren kommen von dem Leichenbegängnis eines be¬</Unicode>
                </TextEquiv>
            </TextLine>
            <TextLine id="r1l13" custom="readingOrder {index:12;}">
                <Coords points="509,1586 1715,1618 1715,1576 1629,1569 510,1553"/>
                <Baseline points="517,1586 576,1587 636,1587 695,1589 755,1589 814,1591 874,1592 933,1593 993,1594 1052,1595 1112,1596 1171,1597 1231,1598 1290,1599 1350,1600 1409,1600 1469,1601 1528,1602 1588,1602 1647,1602 1707,1602"/>
                <TextEquiv>
                    <Unicode>rühmten Pianisten, der sich erschossen hat. Man führt nachdenk¬</Unicode>
                </TextEquiv>
            </TextLine>
            <TextLine id="r1l14" custom="readingOrder {index:13;}">
                <Coords points="506,1619 1574,1659 1730,1617 507,1591"/>
                <Baseline points="514,1625 574,1626 634,1626 695,1627 755,1628 815,1629 876,1630 936,1631 996,1633 1057,1634 1117,1636 1177,1637 1238,1638 1298,1639 1358,1640 1419,1641 1479,1642 1539,1642 1600,1643 1660,1643 1721,1643"/>
                <TextEquiv>
                    <Unicode>liche und gleichmütige Gespräche über den Tod und stellt Ver¬</Unicode>
                </TextEquiv>
            </TextLine>
            <TextLine id="r1l15" custom="readingOrder {index:14;}">
                <Coords points="501,1669 1617,1700 1726,1656 502,1632"/>
                <Baseline points="509,1663 569,1663 629,1664 690,1664 750,1665 811,1666 871,1668 932,1669 992,1670 1053,1672 1113,1673 1173,1674 1234,1676 1294,1677 1355,1679 1415,1680 1476,1681 1536,1681 1597,1682 1657,1682 1718,1683"/>
                <TextEquiv>
                    <Unicode>mutungen über die Ursache des Selbstmordes auf. Man glaubt</Unicode>
                </TextEquiv>
            </TextLine>
            <TextLine id="r1l16" custom="readingOrder {index:15;}">
                <Coords points="511,1696 1718,1737 1719,1688 511,1672"/>
                <Baseline points="519,1702 578,1703 638,1704 697,1706 757,1707 817,1708 876,1709 936,1710 995,1711 1055,1712 1115,1713 1174,1714 1234,1715 1293,1716 1353,1717 1413,1718 1472,1719 1532,1720 1591,1721 1651,1723 1711,1724"/>
                <TextEquiv>
                    <Unicode>allgemein, der Pranist habe sich aus unbefriedigtem Ehrgeiz das</Unicode>
                </TextEquiv>
            </TextLine>
            <TextLine id="r1l17" custom="readingOrder {index:16;}">
                <Coords points="511,1754 1674,1775 1729,1728 512,1708"/>
                <Baseline points="519,1742 579,1743 639,1744 699,1744 759,1745 819,1746 879,1748 939,1749 999,1750 1059,1751 1119,1752 1179,1753 1239,1754 1299,1755 1359,1756 1419,1757 1479,1758 1539,1759 1599,1760 1659,1760 1720,1761"/>
                <TextEquiv>
                    <Unicode>Leben genommen. Nur Hofreiter ahnt einen andern Grund. In</Unicode>
                </TextEquiv>
            </TextLine>
            <TextLine id="r1l18" custom="readingOrder {index:17;}">
                <Coords points="507,1780 1710,1804 1648,1766 508,1751"/>
                <Baseline points="515,1778 574,1780 633,1781 693,1782 752,1784 812,1785 871,1786 930,1788 990,1789 1049,1790 1109,1792 1168,1793 1227,1794 1287,1795 1346,1796 1406,1796 1465,1797 1524,1797 1584,1797 1643,1797 1703,1796"/>
                <TextEquiv>
                    <Unicode>einem Gespräche mit seiner Frau wird die Ahnung zur Ge¬</Unicode>
                </TextEquiv>
            </TextLine>
            <TextLine id="r1l19" custom="readingOrder {index:18;}">
                <Coords points="504,1814 1722,1841 1722,1808 1606,1797 504,1785"/>
                <Baseline points="511,1819 571,1820 631,1820 691,1821 751,1822 811,1823 871,1825 932,1826 992,1827 1052,1829 1112,1830 1172,1831 1232,1833 1292,1834 1353,1835 1413,1835 1473,1836 1533,1836 1593,1836 1653,1836 1714,1836"/>
                <TextEquiv>
                    <Unicode>wißheit. Der Pianist hat sich aus unglücklicher hoffnungsloser</Unicode>
                </TextEquiv>
            </TextLine>
            <TextLine id="r1l20" custom="readingOrder {index:19;}">
                <Coords points="508,1859 1644,1893 1716,1848 508,1823"/>
                <Baseline points="515,1856 574,1857 634,1858 693,1859 753,1860 813,1862 872,1863 932,1864 992,1866 1051,1867 1111,1868 1171,1869 1230,1871 1290,1871 1350,1873 1409,1873 1469,1875 1529,1875 1588,1876 1648,1876 1708,1876"/>
                <TextEquiv>
                    <Unicode>Liebe zu Genia umgebracht. Sie selbst zeigt ihrem Mann einen</Unicode>
                </TextEquiv>
            </TextLine>
            <TextLine id="r1l21" custom="readingOrder {index:20;}">
                <Coords points="508,1893 1715,1923 1715,1892 1622,1881 508,1865"/>
                <Baseline points="515,1896 574,1897 634,1899 693,1900 753,1901 813,1902 872,1903 932,1904 991,1905 1051,1907 1111,1908 1170,1908 1230,1909 1289,1911 1349,1912 1409,1913 1468,1914 1528,1915 1587,1916 1647,1917 1707,1918"/>
                <TextEquiv>
                    <Unicode>Brief, den der Pianist eine Stunde vor seinem Selbstmord an</Unicode>
                </TextEquiv>
            </TextLine>
            <TextLine id="r1l22" custom="readingOrder {index:21;}">
                <Coords points="504,1946 1727,1951 505,1910"/>
                <Baseline points="512,1937 572,1937 632,1937 693,1938 753,1938 814,1940 874,1941 934,1942 995,1943 1055,1945 1116,1946 1176,1948 1236,1949 1297,1950 1357,1951 1418,1952 1478,1953 1538,1953 1599,1953 1659,1952 1720,1951"/>
                <TextEquiv>
                    <Unicode>sie gerichtet hat. In den übrigen Szenen des ersten Aktes ier¬</Unicode>
                </TextEquiv>
            </TextLine>
            <TextLine id="r1l23" custom="readingOrder {index:22;}">
                <Coords points="498,1961 1713,2009 1714,1969 1623,1956 499,1949"/>
                <Baseline points="506,1975 566,1975 626,1976 686,1976 746,1977 806,1978 866,1979 926,1981 986,1982 1046,1983 1106,1985 1166,1986 1226,1988 1286,1989 1346,1990 1406,1992 1466,1993 1526,1994 1586,1995 1646,1995 1706,1995"/>
                <TextEquiv>
                    <Unicode>den die sonstigen Figuren des Stückes eingeführt: Eine Frau</Unicode>
                </TextEquiv>
            </TextLine>
            <TextLine id="r1l24" custom="readingOrder {index:23;}">
                <Coords points="499,2020 1725,2029 500,1982"/>
                <Baseline points="507,2014 567,2014 628,2015 688,2016 749,2017 809,2018 870,2020 930,2021 991,2022 1051,2024 1112,2025 1173,2027 1233,2028 1294,2029 1354,2030 1415,2031 1475,2031 1536,2032 1596,2032 1657,2031 1718,2031"/>
                <TextEquiv>
                    <Unicode>Wahl und ihre Tochter Erna, ein junges, kluges Mädchen, eine</Unicode>
                </TextEquiv>
            </TextLine>
            <TextLine id="r1l25" custom="readingOrder {index:24;}">
                <Coords points="499,2038 1714,2084 1714,2038 499,2017"/>
                <Baseline points="507,2052 570,2053 633,2054 696,2056 759,2057 822,2058 885,2060 948,2061 1011,2062 1074,2064 1138,2064 1201,2065 1264,2066 1327,2067 1390,2068 1453,2069 1516,2070 1579,2070 1642,2071 1706,2071"/>
                <TextEquiv>
                    <Unicode>Schauspielerin und ihr Sohn Otto, ein junger sympathischer</Unicode>
                </TextEquiv>
            </TextLine>
            <TextLine id="r1l26" custom="readingOrder {index:25;}">
                <Coords points="504,2091 1725,2118 1686,2077 504,2054"/>
                <Baseline points="511,2093 571,2094 631,2095 692,2095 752,2096 812,2098 873,2099 933,2100 993,2101 1054,2103 1114,2104 1174,2105 1235,2106 1295,2107 1355,2108 1416,2109 1476,2109 1536,2109 1597,2109 1657,2109 1718,2109"/>
                <TextEquiv>
                    <Unicode>Marinefähnrich und ein Arzt Doktor Mauer. Hauptsächlich wird</Unicode>
                </TextEquiv>
            </TextLine>
            <TextLine id="r1l27" custom="readingOrder {index:26;}">
                <Coords points="503,2128 1713,2156 1681,2114 503,2091"/>
                <Baseline points="511,2133 570,2133 630,2134 690,2134 749,2135 809,2136 869,2138 928,2139 988,2140 1048,2141 1108,2142 1167,2144 1227,2145 1287,2146 1346,2147 1406,2148 1466,2148 1525,2148 1585,2148 1645,2148 1705,2148"/>
                <TextEquiv>
                    <Unicode>aber das Verhältnis der beiden Ehegatten zu einander charak¬</Unicode>
                </TextEquiv>
            </TextLine>
            <TextLine id="r1l28" custom="readingOrder {index:27;}">
                <Coords points="488,2162 1720,2201 1692,2155 489,2143"/>
                <Baseline points="496,2172 556,2172 617,2173 678,2173 739,2174 800,2175 860,2177 921,2178 982,2179 1043,2180 1104,2181 1164,2182 1225,2184 1286,2185 1347,2186 1408,2186 1468,2187 1529,2187 1590,2188 1651,2188 1712,2187"/>
                <TextEquiv>
                    <Unicode>terisiert. Er betrügt sie fortwährend und sie erfährt alles. Aber</Unicode>
                </TextEquiv>
            </TextLine>
            <TextLine id="r1l29" custom="readingOrder {index:28;}">
                <Coords points="499,2218 1723,2241 1656,2194 499,2178"/>
                <Baseline points="506,2205 566,2207 627,2210 687,2212 748,2213 808,2215 869,2217 929,2218 990,2219 1050,2220 1111,2221 1171,2222 1232,2222 1292,2223 1353,2224 1413,2225 1474,2225 1534,2226 1595,2227 1655,2228 1716,2229"/>
                <TextEquiv>
                    <Unicode>es ist ihr egal, denn sie denkt nicht daran, sich zu rächen. Aber</Unicode>
                </TextEquiv>
            </TextLine>
            <TextLine id="r1l30" custom="readingOrder {index:29;}">
                <Coords points="491,2246 1572,2282 1719,2241 491,2220"/>
                <Baseline points="499,2252 559,2252 620,2253 680,2253 741,2254 802,2254 862,2255 923,2256 983,2257 1044,2258 1105,2259 1165,2260 1226,2262 1286,2263 1347,2264 1408,2265 1468,2265 1529,2266 1589,2266 1650,2267 1711,2267"/>
                <TextEquiv>
                    <Unicode>Hofreiter, ein merkwürdiger komplizierter Mensch, kann die Epi¬</Unicode>
                </TextEquiv>
            </TextLine>
            <TextLine id="r1l31" custom="readingOrder {index:30;}">
                <Coords points="494,2296 1558,2315 1590,2276 495,2253"/>
                <Baseline points="502,2291 556,2290 610,2290 664,2290 718,2290 772,2291 826,2292 880,2293 934,2294 988,2295 1042,2296 1096,2297 1150,2298 1204,2300 1258,2301 1312,2302 1366,2303 1420,2303 1474,2304 1528,2304 1582,2304"/>
                <TextEquiv>
                    <Unicode>sode mit dem Pianisten nicht vergessen. Es ist ihm ein</Unicode>
                </TextEquiv>
            </TextLine>
            <TextLine id="r1l32" custom="readingOrder {index:31;}">
                <Coords points="1589,2304 1634,2317 1641,2312 1652,2319 1664,2319 1669,2314 1681,2316 1704,2295 1716,2295 1716,2269 1699,2271 1693,2266 1681,2279 1668,2281 1657,2276 1653,2281 1636,2280 1630,2274 1622,2280 1616,2274 1604,2279 1588,2278"/>
                <Baseline points="1596,2303 1624,2306 1652,2305 1680,2303 1708,2303"/>
                <TextEquiv>
                    <Unicode>Uner¬</Unicode>
                </TextEquiv>
            </TextLine>
            <TextLine id="r1l33" custom="readingOrder {index:32;}">
                <Coords points="487,2324 1679,2358 1712,2312 487,2298"/>
                <Baseline points="495,2330 555,2330 615,2329 676,2329 736,2330 797,2330 857,2331 917,2333 978,2334 1038,2335 1099,2337 1159,2339 1219,2340 1280,2342 1340,2343 1401,2344 1461,2345 1521,2346 1582,2346 1642,2346 1703,2345"/>
                <TextEquiv>
                    <Unicode>träglicher Gedanke, daß Jemand gestorben ist, weil seine Frau</Unicode>
                </TextEquiv>
            </TextLine>
            <TextLine id="r1l34" custom="readingOrder {index:33;}">
                <Coords points="495,2355 1663,2400 1719,2393 1720,2350 495,2332"/>
                <Baseline points="502,2365 562,2366 623,2367 683,2368 744,2370 804,2371 865,2372 925,2374 986,2375 1046,2376 1107,2378 1167,2379 1228,2380 1288,2381 1349,2382 1409,2383 1470,2383 1530,2384 1591,2384 1651,2384 1712,2383"/>
                <TextEquiv>
                    <Unicode>so unerbittlich und tugendhaft war. Er braucht einen Milieu¬</Unicode>
                </TextEquiv>
            </TextLine>
            <TextLine id="r1l35" custom="readingOrder {index:34;}">
                <Coords points="497,2407 1701,2437 1702,2391 1631,2387 498,2378"/>
                <Baseline points="505,2405 564,2406 623,2407 683,2408 742,2409 802,2410 861,2412 920,2413 980,2414 1039,2416 1099,2417 1158,2418 1217,2419 1277,2420 1336,2421 1396,2422 1455,2422 1514,2423 1574,2423 1633,2424 1693,2424"/>
                <TextEquiv>
                    <Unicode>wechsel und fährt in die Dolomiten. Dort, in einem Hotel am</Unicode>
                </TextEquiv>
            </TextLine>
            <TextLine id="r1l36" custom="readingOrder {index:35;}">
                <Coords points="485,2448 1701,2466 1625,2423 485,2419"/>
                <Baseline points="492,2448 552,2448 612,2448 672,2448 732,2449 792,2449 852,2450 912,2451 972,2452 1032,2453 1093,2454 1153,2455 1213,2456 1273,2457 1333,2458 1393,2459 1453,2460 1513,2460 1573,2461 1633,2461 1694,2461"/>
                <TextEquiv>
                    <Unicode>Völser Weiher spielt der dritte Akt. Hier treffen mit Ausnahme</Unicode>
                </TextEquiv>
            </TextLine>
            <TextLine id="r1l37" custom="readingOrder {index:36;}">
                <Coords points="489,2492 1704,2518 1691,2469 490,2451"/>
                <Baseline points="497,2484 560,2485 623,2486 686,2487 749,2488 812,2488 875,2489 938,2490 1001,2491 1064,2492 1128,2493 1191,2494 1254,2494 1317,2495 1380,2496 1443,2497 1506,2498 1569,2499 1632,2499 1696,2500"/>
                <TextEquiv>
                    <Unicode>von Genia alle Figuren und noch einige Episoden zusammen,</Unicode>
                </TextEquiv>
            </TextLine>
            <TextLine id="r1l38" custom="readingOrder {index:37;}">
                <Coords points="493,2528 1699,2545 1667,2506 494,2495"/>
                <Baseline points="501,2523 560,2524 620,2525 679,2526 739,2527 798,2528 858,2529 917,2529 977,2530 1036,2531 1096,2532 1156,2533 1215,2533 1275,2534 1334,2535 1394,2536 1453,2537 1513,2538 1572,2539 1632,2540 1692,2542"/>
                <TextEquiv>
                    <Unicode>und auch Hofreiter begegnet Erna, in die er sich verliebt hat.</Unicode>
                </TextEquiv>
            </TextLine>
            <TextLine id="r1l39" custom="readingOrder {index:38;}">
                <Coords points="499,2572 1632,2594 1712,2586 1713,2537 499,2531"/>
                <Baseline points="506,2567 565,2566 625,2565 685,2565 745,2565 805,2566 865,2567 925,2567 985,2569 1045,2570 1105,2571 1164,2572 1224,2573 1284,2575 1344,2575 1404,2576 1464,2577 1524,2577 1584,2577 1644,2577 1704,2576"/>
                <TextEquiv>
                    <Unicode>In der Nähe des Ortes gibt es einen Turm, den Aigenturm,</Unicode>
                </TextEquiv>
            </TextLine>
            <TextLine id="r1l40" custom="readingOrder {index:39;}">
                <Coords points="490,2605 1679,2633 1664,2583 490,2567"/>
                <Baseline points="498,2604 556,2604 615,2605 673,2605 732,2606 791,2606 849,2607 908,2608 967,2609 1025,2610 1084,2610 1143,2611 1201,2612 1260,2613 1319,2614 1377,2615 1436,2616 1495,2617 1553,2618 1612,2619 1671,2620"/>
                <TextEquiv>
                    <Unicode>von dem vor 15 Jahren ein Freund Hofreiters abgestürzt is</Unicode>
                </TextEquiv>
            </TextLine>
            <TextLine id="r1l41" custom="readingOrder {index:40;}">
                <Coords points="491,2641 1709,2661 1643,2614 491,2615"/>
                <Baseline points="498,2643 558,2643 618,2644 678,2644 738,2645 798,2646 858,2647 919,2647 979,2648 1039,2649 1099,2650 1159,2651 1219,2652 1279,2652 1340,2653 1400,2654 1460,2655 1520,2655 1580,2656 1640,2656 1701,2656"/>
                <TextEquiv>
                    <Unicode>und seither hat sich niemand mehr getraut, den Turm zu be¬</Unicode>
                </TextEquiv>
            </TextLine>
            <TextLine id="r1l42" custom="readingOrder {index:41;}">
                <Coords points="493,2688 1593,2712 1708,2702 1709,2662 494,2644"/>
                <Baseline points="501,2683 561,2683 621,2683 681,2684 741,2684 801,2685 861,2685 921,2686 981,2687 1041,2688 1101,2688 1161,2689 1221,2690 1281,2691 1341,2692 1401,2693 1461,2693 1521,2694 1581,2695 1641,2695 1701,2696"/>
                <TextEquiv>
                    <Unicode>steigen. Hofreiter wagt es und zwar in Gesellschaft Eenab. Er</Unicode>
                </TextEquiv>
            </TextLine>
            <TextLine id="r1l43" custom="readingOrder {index:42;}">
                <Coords points="494,2725 1703,2745 1628,2697 494,2688"/>
                <Baseline points="501,2722 560,2722 620,2722 680,2722 739,2722 799,2723 859,2724 918,2725 978,2726 1038,2727 1098,2728 1157,2729 1217,2730 1277,2731 1336,2732 1396,2733 1456,2734 1515,2735 1575,2735 1635,2735 1695,2734"/>
                <TextEquiv>
                    <Unicode>will sich von seiner Frau scheiden lassen, um Eona zu hei¬</Unicode>
                </TextEquiv>
            </TextLine>
            <TextLine id="r1l44" custom="readingOrder {index:43;}">
                <Coords points="492,2759 1694,2795 1695,2737 492,2727"/>
                <Baseline points="499,2762 558,2762 617,2763 677,2763 736,2764 796,2765 855,2765 914,2766 974,2767 1033,2767 1093,2768 1152,2769 1211,2770 1271,2771 1330,2771 1390,2772 1449,2773 1508,2774 1568,2774 1627,2775 1687,2776"/>
                <TextEquiv>
                    <Unicode>raten. Sie küssen sich und sie sagt ihm, daß er heute Nach.</Unicode>
                </TextEquiv>
            </TextLine>
            <TextLine id="r1l45" custom="readingOrder {index:44;}">
                <Coords points="479,2788 1695,2829 1696,2786 479,2771"/>
                <Baseline points="487,2798 547,2799 607,2800 667,2801 727,2802 787,2802 847,2803 907,2805 967,2805 1027,2806 1087,2807 1147,2808 1207,2809 1267,2810 1327,2810 1387,2811 1447,2812 1507,2813 1567,2813 1627,2814 1688,2814"/>
                <TextEquiv>
                    <Unicode>ihre Tür offen finden werde. Inzwischen hat Hofreiters Frau)</Unicode>
                </TextEquiv>
            </TextLine>
            <TextLine id="r1l46" custom="readingOrder {index:45;}">
                <Coords points="479,2842 1699,2867 1586,2815 480,2803"/>
                <Baseline points="487,2837 547,2838 607,2839 667,2839 728,2840 788,2841 848,2842 908,2843 969,2843 1029,2844 1089,2845 1149,2846 1210,2846 1270,2847 1330,2848 1390,2848 1451,2849 1511,2849 1571,2850 1631,2851 1692,2851"/>
                <TextEquiv>
                    <Unicode>Genia in Baden mit jenem Fähnrich ein Verhältnis begonnen.</Unicode>
                </TextEquiv>
            </TextLine>
            <TextLine id="r1l47" custom="readingOrder {index:46;}">
                <Coords points="490,2891 1705,2902 1679,2858 490,2850"/>
                <Baseline points="497,2877 557,2878 617,2878 677,2879 737,2880 797,2881 857,2882 917,2882 977,2883 1037,2884 1097,2885 1157,2885 1217,2886 1277,2887 1337,2888 1397,2888 1457,2889 1517,2890 1577,2890 1637,2891 1698,2891"/>
                <TextEquiv>
                    <Unicode>Die Sache kommt Hofreiter in skandalöser Weise zu Ohren und</Unicode>
                </TextEquiv>
            </TextLine>
            <TextLine id="r1l48" custom="readingOrder {index:47;}">
                <Coords points="476,2911 1427,2944 1671,2940 1703,2899 477,2886"/>
                <Baseline points="484,2916 544,2917 605,2917 665,2918 726,2918 786,2919 847,2920 907,2921 968,2922 1028,2923 1089,2924 1149,2924 1210,2926 1270,2927 1331,2928 1391,2929 1452,2929 1512,2930 1573,2931 1633,2931 1694,2932"/>
                <TextEquiv>
                    <Unicode>obwohl ihm die Angelegenheit ziemlich gleichgültig ist, muß er</Unicode>
                </TextEquiv>
            </TextLine>
            <TextLine id="r1l49" custom="readingOrder {index:48;}">
                <Coords points="480,2949 1695,2984 1695,2944 1537,2928 480,2924"/>
                <Baseline points="487,2955 547,2956 607,2957 667,2957 727,2958 787,2959 847,2959 907,2961 967,2961 1027,2962 1087,2963 1147,2964 1207,2965 1267,2966 1327,2967 1387,2968 1447,2968 1507,2969 1567,2970 1627,2970 1687,2971"/>
                <TextEquiv>
                    <Unicode>sich mit dem Fähnrich schlagen. Er erschießt ihn im Duell und</Unicode>
                </TextEquiv>
            </TextLine>
            <TextLine id="r1l50" custom="readingOrder {index:49;}">
                <Coords points="480,3001 1703,3017 1654,2976 481,2948"/>
                <Baseline points="487,2994 547,2994 607,2995 668,2996 728,2997 789,2998 849,2998 909,3000 970,3001 1030,3002 1091,3003 1151,3004 1211,3005 1272,3006 1332,3007 1393,3008 1453,3009 1513,3009 1574,3010 1634,3011 1695,3011"/>
                <TextEquiv>
                    <Unicode>damit ist das letzte Band zwischen den Ehegatten zerrissen. Er</Unicode>
                </TextEquiv>
            </TextLine>
            <TextLine id="r1l51" custom="readingOrder {index:50;}">
                <Coords points="482,3042 1499,3059 1599,3050 1600,3021 483,3003"/>
                <Baseline points="491,3032 546,3033 601,3034 656,3035 711,3035 766,3036 821,3037 876,3037 931,3038 986,3039 1041,3040 1096,3040 1151,3041 1206,3042 1261,3043 1316,3043 1371,3044 1426,3045 1481,3046 1536,3047 1592,3047"/>
                <TextEquiv>
                    <Unicode>will verschwinden nach Amerika irgendwo ins Unbekannte.</Unicode>
                </TextEquiv>
            </TextLine>
            <TextLine id="r1l52" custom="readingOrder {index:51;}">
                <Coords points="1599,3051 1619,3048 1625,3054 1631,3051 1657,3062 1663,3058 1676,3058 1686,3047 1700,3047 1700,3018 1680,3018 1677,3015 1664,3018 1658,3014 1655,3017 1638,3016 1623,3031 1615,3028 1599,3031"/>
                <Baseline points="1607,3047 1635,3045 1664,3046 1693,3045"/>
                <TextEquiv>
                    <Unicode>Er</Unicode>
                </TextEquiv>
            </TextLine>
            <TextLine id="r1l53" custom="readingOrder {index:52;}">
                <Coords points="479,3074 1703,3088 1593,3047 479,3043"/>
                <Baseline points="486,3075 546,3076 607,3076 667,3076 728,3076 788,3077 849,3077 909,3078 970,3079 1030,3079 1091,3080 1151,3081 1212,3082 1272,3083 1333,3083 1393,3084 1454,3085 1514,3086 1575,3087 1635,3088 1696,3089"/>
                <TextEquiv>
                    <Unicode>fühlt sich zu alt, er weicht vor der Jugend, die er in dem Auge</Unicode>
                </TextEquiv>
            </TextLine>
            <TextLine id="r1l54" custom="readingOrder {index:53;}">
                <Coords points="485,3116 1328,3131 1220,3088 485,3077"/>
                <Baseline points="492,3113 533,3114 574,3114 616,3115 657,3115 699,3116 740,3116 781,3117 823,3117 864,3118 906,3118 947,3119 988,3119 1030,3120 1071,3120 1113,3121 1154,3122 1195,3123 1237,3124 1278,3124 1320,3126"/>
                <TextEquiv>
                    <Unicode>des sterbenden Fähnrichs aufblitzen sah...</Unicode>
                </TextEquiv>
            </TextLine>
            <TextLine id="r1l55" custom="readingOrder {index:54;}">
                <Coords points="592,3167 1593,3194 1690,3169 1691,3132 592,3123"/>
                <Baseline points="600,3159 654,3160 708,3162 762,3163 816,3164 870,3165 924,3166 979,3167 1033,3168 1087,3169 1141,3170 1195,3171 1249,3172 1303,3172 1358,3173 1412,3174 1466,3175 1520,3176 1574,3176 1628,3177 1683,3178"/>
                <TextEquiv>
                    <Unicode>Man sieht, Schnitzler hat hier ein kühnes und kompli¬</Unicode>
                </TextEquiv>
            </TextLine>
            <TextLine id="r1l56" custom="readingOrder {index:55;}">
                <Coords points="480,3195 1688,3234 1703,3174 480,3173"/>
                <Baseline points="487,3200 547,3199 607,3200 668,3200 728,3201 789,3202 849,3203 909,3204 970,3205 1030,3207 1091,3208 1151,3209 1211,3211 1272,3212 1332,3213 1393,3214 1453,3215 1513,3216 1574,3216 1634,3216 1695,3216"/>
                <TextEquiv>
                    <Unicode>ziertes seelisches Problem zu lösen gesucht. Man vermag ihm</Unicode>
                </TextEquiv>
            </TextLine>
            <TextLine id="r1l57" custom="readingOrder {index:56;}">
                <Coords points="485,3244 1706,3274 1706,3232 1582,3215 485,3211"/>
                <Baseline points="493,3240 553,3239 613,3238 673,3239 734,3239 794,3240 854,3241 914,3242 975,3244 1035,3245 1095,3247 1155,3249 1216,3250 1276,3252 1336,3253 1396,3254 1457,3255 1517,3255 1577,3255 1637,3255 1698,3253"/>
                <TextEquiv>
                    <Unicode>auf seinen vsychologischen Pfaden nicht immer leicht zu folgen</Unicode>
                </TextEquiv>
            </TextLine>
            <TextLine id="r1l58" custom="readingOrder {index:57;}">
                <Coords points="477,3287 1652,3311 1698,3265 478,3243"/>
                <Baseline points="486,3275 546,3276 606,3277 666,3277 726,3278 787,3280 847,3281 907,3282 967,3283 1027,3285 1088,3286 1148,3287 1208,3288 1268,3290 1328,3291 1389,3292 1449,3292 1509,3293 1569,3293 1629,3293 1690,3293"/>
                <TextEquiv>
                    <Unicode>und manches dürfte auf das große Theaterpublikum seltsam und</Unicode>
                </TextEquiv>
            </TextLine>
            <TextLine id="r1l59" custom="readingOrder {index:58;}">
                <Coords points="472,3320 1662,3347 1702,3289 473,3287"/>
                <Baseline points="480,3313 540,3314 601,3315 661,3315 722,3316 783,3317 843,3318 904,3320 965,3321 1025,3322 1086,3323 1147,3325 1207,3326 1268,3327 1329,3328 1389,3329 1450,3330 1511,3331 1571,3332 1632,3332 1693,3333"/>
                <TextEquiv>
                    <Unicode>vielleicht sogar befremdend wirken. Das ganze Stück ist von</Unicode>
                </TextEquiv>
            </TextLine>
            <TextLine id="r1l60" custom="readingOrder {index:59;}">
                <Coords points="482,3363 1574,3383 1672,3379 1693,3336 483,3323"/>
                <Baseline points="489,3352 548,3354 608,3356 668,3357 728,3359 788,3360 847,3361 907,3362 967,3362 1027,3363 1087,3364 1146,3365 1206,3365 1266,3366 1326,3367 1386,3369 1445,3370 1505,3371 1565,3373 1625,3375 1685,3377"/>
                <TextEquiv>
                    <Unicode>einer nachdenklichen resignierten Stimmung erfüllt, die man im</Unicode>
                </TextEquiv>
            </TextLine>
            <TextLine id="r1l61" custom="readingOrder {index:60;}">
                <Coords points="471,3411 1591,3437 1716,3419 1717,3381 472,3362"/>
                <Baseline points="480,3397 541,3398 602,3398 664,3400 725,3401 787,3402 848,3403 909,3404 971,3406 1032,3407 1094,3409 1155,3410 1216,3411 1278,3412 1339,3413 1401,3415 1462,3416 1523,3416 1585,3417 1646,3418 1708,3418"/>
                <TextEquiv>
                    <Unicode>ersten und vierten Akt am stärksten spürt. Die packendste und</Unicode>
                </TextEquiv>
            </TextLine>
            <TextEquiv>
                <Unicode>box 28/2
La
24. DaS WOf  


der Fabrikant Friedrich Hofreiter, die Hauptfigur des „Weiten
Landes“ sind nahe seelische Verwandte. Auch hier handelt es sich
wieder um die Tragik des innerlich Einsamen und Alternden.
Hofreiter lebt mit seiner jungen Frau Genia in einer Villa
in Baden bei Wien und hier spielen vier von den fünf Akten.
Der erste Akt setzt mit einer echt Schnitzler'schen Stimmung ein:
Die Hauptfiguren kommen von dem Leichenbegängnis eines be¬
rühmten Pianisten, der sich erschossen hat. Man führt nachdenk¬
liche und gleichmütige Gespräche über den Tod und stellt Ver¬
mutungen über die Ursache des Selbstmordes auf. Man glaubt
allgemein, der Pranist habe sich aus unbefriedigtem Ehrgeiz das
Leben genommen. Nur Hofreiter ahnt einen andern Grund. In
einem Gespräche mit seiner Frau wird die Ahnung zur Ge¬
wißheit. Der Pianist hat sich aus unglücklicher hoffnungsloser
Liebe zu Genia umgebracht. Sie selbst zeigt ihrem Mann einen
Brief, den der Pianist eine Stunde vor seinem Selbstmord an
sie gerichtet hat. In den übrigen Szenen des ersten Aktes ier¬
den die sonstigen Figuren des Stückes eingeführt: Eine Frau
Wahl und ihre Tochter Erna, ein junges, kluges Mädchen, eine
Schauspielerin und ihr Sohn Otto, ein junger sympathischer
Marinefähnrich und ein Arzt Doktor Mauer. Hauptsächlich wird
aber das Verhältnis der beiden Ehegatten zu einander charak¬
terisiert. Er betrügt sie fortwährend und sie erfährt alles. Aber
es ist ihr egal, denn sie denkt nicht daran, sich zu rächen. Aber
Hofreiter, ein merkwürdiger komplizierter Mensch, kann die Epi¬
sode mit dem Pianisten nicht vergessen. Es ist ihm ein
Uner¬
träglicher Gedanke, daß Jemand gestorben ist, weil seine Frau
so unerbittlich und tugendhaft war. Er braucht einen Milieu¬
wechsel und fährt in die Dolomiten. Dort, in einem Hotel am
Völser Weiher spielt der dritte Akt. Hier treffen mit Ausnahme
von Genia alle Figuren und noch einige Episoden zusammen,
und auch Hofreiter begegnet Erna, in die er sich verliebt hat.
In der Nähe des Ortes gibt es einen Turm, den Aigenturm,
von dem vor 15 Jahren ein Freund Hofreiters abgestürzt is
und seither hat sich niemand mehr getraut, den Turm zu be¬
steigen. Hofreiter wagt es und zwar in Gesellschaft Eenab. Er
will sich von seiner Frau scheiden lassen, um Eona zu hei¬
raten. Sie küssen sich und sie sagt ihm, daß er heute Nach.
ihre Tür offen finden werde. Inzwischen hat Hofreiters Frau)
Genia in Baden mit jenem Fähnrich ein Verhältnis begonnen.
Die Sache kommt Hofreiter in skandalöser Weise zu Ohren und
obwohl ihm die Angelegenheit ziemlich gleichgültig ist, muß er
sich mit dem Fähnrich schlagen. Er erschießt ihn im Duell und
damit ist das letzte Band zwischen den Ehegatten zerrissen. Er
will verschwinden nach Amerika irgendwo ins Unbekannte.
Er
fühlt sich zu alt, er weicht vor der Jugend, die er in dem Auge
des sterbenden Fähnrichs aufblitzen sah...
Man sieht, Schnitzler hat hier ein kühnes und kompli¬
ziertes seelisches Problem zu lösen gesucht. Man vermag ihm
auf seinen vsychologischen Pfaden nicht immer leicht zu folgen
und manches dürfte auf das große Theaterpublikum seltsam und
vielleicht sogar befremdend wirken. Das ganze Stück ist von
einer nachdenklichen resignierten Stimmung erfüllt, die man im
ersten und vierten Akt am stärksten spürt. Die packendste und</Unicode>
            </TextEquiv>
        </TextRegion>
        <TextRegion orientation="0.0" id="r2" custom="readingOrder {index:1;}">
            <Coords points="1730,1310 1730,3096 2970,3096 2970,1310"/>
            <TextLine id="r2l1" custom="readingOrder {index:0;}">
                <Coords points="1754,1338 2962,1371 2974,1332 1754,1306"/>
                <Baseline points="1762,1330 1822,1332 1882,1334 1942,1336 2002,1338 2062,1340 2122,1341 2183,1343 2243,1345 2303,1346 2363,1348 2423,1349 2483,1351 2543,1352 2604,1353 2664,1355 2724,1356 2784,1357 2844,1358 2904,1359 2965,1361"/>
                <TextEquiv>
                    <Unicode>dramatischste Szene des Werkes enthält der fünfte Akt: Die Rück¬</Unicode>
                </TextEquiv>
            </TextLine>
            <TextLine id="r2l2" custom="readingOrder {index:1;}">
                <Coords points="1760,1379 2907,1410 2976,1370 1761,1338"/>
                <Baseline points="1768,1370 1828,1372 1888,1375 1948,1376 2008,1379 2068,1380 2128,1382 2188,1384 2248,1386 2308,1387 2368,1389 2428,1390 2488,1392 2548,1393 2608,1394 2668,1395 2728,1396 2788,1397 2848,1397 2908,1398 2968,1398"/>
                <TextEquiv>
                    <Unicode>kehr Hofreiters vom Duell und sein Zusammentreffen mit der</Unicode>
                </TextEquiv>
            </TextLine>
            <TextLine id="r2l3" custom="readingOrder {index:2;}">
                <Coords points="1762,1416 2971,1434 2953,1402 1763,1379"/>
                <Baseline points="1770,1408 1829,1411 1889,1414 1948,1416 2008,1418 2068,1420 2127,1422 2187,1423 2247,1424 2306,1426 2366,1427 2426,1428 2485,1429 2545,1430 2605,1431 2664,1432 2724,1433 2784,1434 2843,1435 2903,1436 2963,1438"/>
                <TextEquiv>
                    <Unicode>Mutter des Getöteten. Am meisten äußerliche Bewegung und</Unicode>
                </TextEquiv>
            </TextLine>
            <TextLine id="r2l4" custom="readingOrder {index:3;}">
                <Coords points="1761,1454 2925,1486 2974,1444 1762,1417"/>
                <Baseline points="1769,1448 1828,1450 1888,1452 1948,1455 2008,1457 2068,1459 2127,1461 2187,1463 2247,1464 2307,1465 2367,1467 2426,1468 2486,1469 2546,1470 2606,1471 2666,1471 2725,1472 2785,1472 2845,1473 2905,1473 2965,1473"/>
                <TextEquiv>
                    <Unicode>Handlung enthält natürlich der dritte Akt, der in dem Dolo¬</Unicode>
                </TextEquiv>
            </TextLine>
            <TextLine id="r2l5" custom="readingOrder {index:4;}">
                <Coords points="1763,1494 2978,1519 2978,1481 2839,1472 1763,1457"/>
                <Baseline points="1770,1485 1830,1488 1890,1491 1950,1493 2010,1495 2070,1498 2130,1500 2190,1502 2250,1504 2310,1505 2370,1507 2430,1509 2490,1510 2550,1511 2610,1512 2670,1513 2730,1513 2790,1513 2850,1513 2910,1513 2970,1512"/>
                <TextEquiv>
                    <Unicode>miten=Hotel. spielt. Hier gibt es auch sehr viel episodistisches</Unicode>
                </TextEquiv>
            </TextLine>
            <TextLine id="r2l6" custom="readingOrder {index:5;}">
                <Coords points="1750,1526 2868,1567 2969,1553 2970,1517 1750,1502"/>
                <Baseline points="1757,1528 1817,1528 1877,1530 1937,1531 1998,1533 2058,1535 2118,1537 2178,1539 2239,1542 2299,1544 2359,1546 2419,1547 2480,1549 2540,1550 2600,1551 2660,1552 2721,1551 2781,1551 2841,1550 2901,1548 2962,1545"/>
                <TextEquiv>
                    <Unicode>Füllsel, von dem manches ziemlich konventionell und lustspiel¬</Unicode>
                </TextEquiv>
            </TextLine>
            <TextLine id="r2l7" custom="readingOrder {index:6;}">
                <Coords points="1760,1572 2888,1603 2962,1594 2963,1549 1760,1538"/>
                <Baseline points="1768,1566 1827,1568 1886,1569 1946,1570 2005,1572 2064,1574 2124,1576 2183,1578 2242,1579 2302,1581 2361,1583 2420,1585 2480,1587 2539,1588 2598,1589 2658,1591 2717,1591 2776,1592 2836,1592 2895,1591 2955,1591"/>
                <TextEquiv>
                    <Unicode>mäßig anmutet. Aber manche dieser Nebenfiguren sind sehr</Unicode>
                </TextEquiv>
            </TextLine>
            <TextLine id="r2l8" custom="readingOrder {index:7;}">
                <Coords points="1761,1611 2859,1648 2972,1620 2862,1587 1762,1577"/>
                <Baseline points="1769,1604 1828,1605 1888,1607 1948,1608 2008,1610 2067,1611 2127,1613 2187,1615 2247,1617 2306,1619 2366,1620 2426,1622 2486,1624 2545,1625 2605,1626 2665,1627 2725,1628 2784,1628 2844,1628 2904,1628 2964,1627"/>
                <TextEquiv>
                    <Unicode>eigenartig, zum Beispiel der philosophische und gebildete Hotel¬</Unicode>
                </TextEquiv>
            </TextLine>
            <TextLine id="r2l9" custom="readingOrder {index:8;}">
                <Coords points="1757,1648 2708,1685 2969,1653 1757,1611"/>
                <Baseline points="1764,1641 1823,1644 1883,1646 1943,1648 2003,1649 2063,1651 2122,1653 2182,1654 2242,1656 2302,1657 2362,1659 2421,1660 2481,1661 2541,1663 2601,1664 2661,1665 2720,1666 2780,1668 2840,1669 2900,1670 2960,1672"/>
                <TextEquiv>
                    <Unicode>direktor und er spricht auch das Leitmotiv des Stückes aus:</Unicode>
                </TextEquiv>
            </TextLine>
            <TextLine id="r2l10" custom="readingOrder {index:9;}">
                <Coords points="1758,1692 2104,1689 2171,1707 2218,1691 2358,1715 2359,1676 1759,1649"/>
                <Baseline points="1766,1681 1795,1682 1824,1683 1853,1684 1883,1685 1912,1686 1941,1687 1971,1687 2000,1689 2029,1689 2059,1690 2088,1691 2117,1692 2146,1692 2176,1693 2205,1694 2234,1695 2264,1695 2293,1696 2322,1696 2352,1697"/>
                <TextEquiv>
                    <Unicode>Die Seele ist das weite Land.</Unicode>
                </TextEquiv>
            </TextLine>
            <TextLine id="r2l11" custom="readingOrder {index:10;}">
                <Coords points="1864,1718 2973,1751 2928,1704 1865,1697"/>
                <Baseline points="1872,1725 1926,1725 1981,1727 2036,1728 2090,1730 2145,1731 2200,1733 2254,1735 2309,1737 2364,1739 2419,1740 2473,1742 2528,1743 2583,1745 2637,1746 2692,1747 2747,1747 2801,1748 2856,1747 2911,1747 2966,1746"/>
                <TextEquiv>
                    <Unicode>Das Burgtheater hat an das Werk seinen ganzen noch</Unicode>
                </TextEquiv>
            </TextLine>
            <TextLine id="r2l12" custom="readingOrder {index:11;}">
                <Coords points="1757,1767 2921,1799 2959,1760 1758,1721"/>
                <Baseline points="1765,1759 1824,1760 1883,1761 1942,1763 2002,1765 2061,1767 2120,1769 2180,1772 2239,1774 2298,1776 2358,1778 2417,1780 2476,1781 2535,1783 2595,1785 2654,1786 2713,1787 2773,1787 2832,1787 2891,1787 2951,1786"/>
                <TextEquiv>
                    <Unicode>immer großen darstellerischen Reichtum und viel künstlerische</Unicode>
                </TextEquiv>
            </TextLine>
            <TextLine id="r2l13" custom="readingOrder {index:12;}">
                <Coords points="1755,1803 2976,1849 2938,1794 1756,1767"/>
                <Baseline points="1763,1797 1823,1798 1883,1799 1943,1801 2004,1803 2064,1805 2124,1807 2185,1810 2245,1812 2305,1815 2366,1817 2426,1819 2486,1821 2546,1822 2607,1824 2667,1825 2727,1826 2788,1826 2848,1826 2908,1825 2969,1823"/>
                <TextEquiv>
                    <Unicode>Sorgfalt und Eifer gewendet. Die ursprünglich Kainz zuge¬</Unicode>
                </TextEquiv>
            </TextLine>
            <TextLine id="r2l14" custom="readingOrder {index:13;}">
                <Coords points="1758,1841 2911,1879 2963,1874 2965,1836 1759,1801"/>
                <Baseline points="1765,1836 1824,1837 1884,1838 1943,1839 2003,1841 2062,1843 2122,1845 2181,1847 2241,1849 2300,1852 2360,1854 2420,1856 2479,1858 2539,1860 2598,1862 2658,1863 2717,1863 2777,1864 2836,1864 2896,1863 2956,1861"/>
                <TextEquiv>
                    <Unicode>dachte Hauptrolle spielt Herr Korff, sehr interessant aber zu</Unicode>
                </TextEquiv>
            </TextLine>
            <TextLine id="r2l15" custom="readingOrder {index:14;}">
                <Coords points="1750,1879 2527,1911 2724,1904 2725,1872 1751,1844"/>
                <Baseline points="1758,1873 1805,1874 1853,1876 1901,1877 1949,1878 1997,1880 2045,1882 2093,1884 2141,1885 2189,1887 2237,1889 2284,1891 2332,1892 2380,1894 2428,1895 2476,1896 2524,1897 2572,1898 2620,1899 2668,1899 2716,1899"/>
                <TextEquiv>
                    <Unicode>wenig durchgeistigt, wodurch die Figur Hofreiters</Unicode>
                </TextEquiv>
            </TextLine>
            <TextLine id="r2l16" custom="readingOrder {index:15;}">
                <Coords points="2722,1900 2742,1900 2774,1918 2815,1898 2858,1914 2881,1907 2897,1916 2909,1908 2952,1915 2952,1874 2935,1868 2915,1879 2896,1870 2858,1876 2847,1865 2811,1875 2767,1866 2721,1873"/>
                <Baseline points="2729,1903 2756,1903 2783,1902 2810,1901 2837,1901 2864,1901 2891,1901 2918,1901 2945,1902"/>
                <TextEquiv>
                    <Unicode> zu brutal</Unicode>
                </TextEquiv>
            </TextLine>
            <TextLine id="r2l17" custom="readingOrder {index:16;}">
                <Coords points="1741,1911 2906,1955 2956,1917 1741,1886"/>
                <Baseline points="1748,1913 1808,1914 1868,1916 1928,1917 1988,1919 2048,1921 2108,1923 2168,1925 2228,1927 2288,1929 2348,1931 2408,1933 2468,1935 2528,1936 2588,1938 2648,1939 2708,1940 2768,1941 2828,1941 2888,1941 2948,1941"/>
                <TextEquiv>
                    <Unicode>wird. Die Genia ist eine jener passiven Frauenrollen, die dem</Unicode>
                </TextEquiv>
            </TextLine>
            <TextLine id="r2l18" custom="readingOrder {index:17;}">
                <Coords points="1752,1959 2919,1997 2954,1951 1752,1927"/>
                <Baseline points="1760,1953 1819,1955 1878,1957 1937,1958 1997,1960 2056,1962 2115,1964 2174,1965 2234,1967 2293,1968 2352,1970 2411,1971 2471,1973 2530,1974 2589,1975 2648,1976 2708,1977 2767,1979 2826,1980 2885,1981 2945,1982"/>
                <TextEquiv>
                    <Unicode>Fräulein Marburg so außerordentlich liegen. Das junge</Unicode>
                </TextEquiv>
            </TextLine>
            <TextLine id="r2l19" custom="readingOrder {index:18;}">
                <Coords points="1752,2000 2810,2030 2828,1992 1753,1960"/>
                <Baseline points="1760,1992 1813,1994 1866,1996 1919,1998 1972,1999 2025,2001 2078,2002 2131,2003 2184,2004 2237,2005 2290,2006 2343,2008 2396,2009 2449,2010 2502,2011 2555,2012 2608,2013 2661,2014 2714,2016 2767,2017 2820,2018"/>
                <TextEquiv>
                    <Unicode>Mädchen wird vom Fräulein Hofteufel sehr nett,</Unicode>
                </TextEquiv>
            </TextLine>
            <TextLine id="r2l20" custom="readingOrder {index:19;}">
                <Coords points="2870,2031 2879,2029 2882,2032 2891,2025 2900,2028 2905,2023 2911,2028 2916,2026 2923,2034 2928,2029 2936,2031 2940,2026 2945,2031 2953,2031 2953,1988 2945,1988 2940,1993 2905,1993 2894,1983 2870,1991"/>
                <Baseline points="2877,2016 2911,2016 2945,2016"/>
                <TextEquiv>
                    <Unicode>der</Unicode>
                </TextEquiv>
            </TextLine>
            <TextLine id="r2l21" custom="readingOrder {index:20;}">
                <Coords points="1749,2042 2814,2067 2832,2026 1750,2000"/>
                <Baseline points="1758,2032 1811,2033 1864,2034 1917,2035 1971,2036 2024,2037 2077,2039 2130,2041 2184,2042 2237,2044 2290,2046 2343,2047 2397,2049 2450,2051 2503,2052 2556,2053 2610,2054 2663,2055 2716,2056 2769,2056 2823,2056"/>
                <TextEquiv>
                    <Unicode>Fähnrich von Herrn Gerasch gespielt. Aber auch die</Unicode>
                </TextEquiv>
            </TextLine>
            <TextLine id="r2l22" custom="readingOrder {index:21;}">
                <Coords points="2841,2066 2889,2061 2901,2070 2925,2064 2934,2069 2951,2052 2962,2054 2961,2023 2935,2030 2930,2027 2924,2033 2916,2025 2887,2028 2880,2021 2873,2023 2864,2013 2843,2013"/>
                <Baseline points="2850,2055 2876,2056 2902,2057 2928,2058 2954,2057"/>
                <TextEquiv>
                    <Unicode>klein¬</Unicode>
                </TextEquiv>
            </TextLine>
            <TextLine id="r2l23" custom="readingOrder {index:22;}">
                <Coords points="1749,2083 2715,2113 2815,2107 2830,2066 1750,2041"/>
                <Baseline points="1758,2069 1811,2070 1864,2072 1917,2074 1970,2075 2024,2077 2077,2079 2130,2080 2183,2082 2236,2083 2290,2085 2343,2086 2396,2088 2449,2089 2502,2090 2556,2091 2609,2092 2662,2093 2715,2094 2768,2094 2822,2095"/>
                <TextEquiv>
                    <Unicode>sten Rollen werden von den ersten Künstlern dargestellt:</Unicode>
                </TextEquiv>
            </TextLine>
            <TextLine id="r2l24" custom="readingOrder {index:23;}">
                <Coords points="2850,2091 2858,2091 2868,2102 2878,2101 2891,2108 2905,2105 2913,2110 2928,2111 2940,2106 2954,2108 2956,2067 2937,2066 2928,2071 2923,2066 2906,2070 2888,2060 2883,2065 2851,2063"/>
                <Baseline points="2857,2098 2887,2097 2917,2099 2947,2100"/>
                <TextEquiv>
                    <Unicode>Den</Unicode>
                </TextEquiv>
            </TextLine>
            <TextLine id="r2l25" custom="readingOrder {index:24;}">
                <Coords points="1742,2110 2960,2132 2624,2091 1742,2093"/>
                <Baseline points="1750,2108 1810,2110 1870,2111 1930,2113 1990,2115 2050,2117 2110,2118 2170,2121 2230,2122 2290,2124 2351,2125 2411,2127 2471,2129 2531,2130 2591,2131 2651,2133 2711,2134 2771,2134 2831,2135 2891,2135 2952,2135"/>
                <TextEquiv>
                    <Unicode>Hoteldirektor, den Hartmann hätte spielen sollen, gibt Herr</Unicode>
                </TextEquiv>
            </TextLine>
            <TextLine id="r2l26" custom="readingOrder {index:25;}">
                <Coords points="1746,2156 2932,2191 2948,2148 1747,2109"/>
                <Baseline points="1754,2143 1813,2147 1872,2149 1931,2152 1991,2154 2050,2156 2109,2158 2169,2160 2228,2161 2287,2163 2347,2164 2406,2165 2465,2166 2524,2167 2584,2168 2643,2169 2702,2170 2762,2171 2821,2172 2880,2174 2940,2175"/>
                <TextEquiv>
                    <Unicode>Devrient, die Mutter des Fähnrichs Frau Bleibtreu,</Unicode>
                </TextEquiv>
            </TextLine>
            <TextLine id="r2l27" custom="readingOrder {index:26;}">
                <Coords points="1749,2194 2805,2226 2925,2225 2960,2184 1750,2154"/>
                <Baseline points="1757,2186 1816,2187 1876,2189 1936,2190 1996,2192 2055,2193 2115,2195 2175,2197 2235,2199 2294,2201 2354,2203 2414,2205 2474,2207 2533,2208 2593,2210 2653,2211 2713,2212 2772,2213 2832,2214 2892,2214 2952,2214"/>
                <TextEquiv>
                    <Unicode>einen Hotelportier Herr Thimig, zugleich der Regisseur der</Unicode>
                </TextEquiv>
            </TextLine>
            <TextLine id="r2l28" custom="readingOrder {index:27;}">
                <Coords points="1747,2235 2921,2268 2967,2221 1748,2192"/>
                <Baseline points="1754,2223 1814,2226 1874,2229 1934,2231 1994,2233 2055,2235 2115,2236 2175,2237 2235,2239 2295,2240 2356,2241 2416,2242 2476,2243 2536,2244 2596,2246 2657,2247 2717,2249 2777,2251 2837,2253 2897,2256 2958,2259"/>
                <TextEquiv>
                    <Unicode>Vorstellung, einen Bergführer Herr Balaithy und so weiter.</Unicode>
                </TextEquiv>
            </TextLine>
            <TextLine id="r2l29" custom="readingOrder {index:28;}">
                <Coords points="1749,2266 2903,2310 2952,2265 1749,2234"/>
                <Baseline points="1757,2262 1816,2265 1875,2267 1935,2270 1994,2271 2053,2273 2113,2275 2172,2276 2231,2277 2291,2279 2350,2280 2409,2281 2469,2282 2528,2283 2587,2284 2647,2286 2706,2287 2765,2289 2825,2291 2884,2293 2944,2295"/>
                <TextEquiv>
                    <Unicode>Eine außerordentliche Besetzung wie sie nur für Arthur Schnitz¬</Unicode>
                </TextEquiv>
            </TextLine>
            <TextLine id="r2l30" custom="readingOrder {index:29;}">
                <Coords points="1742,2317 2817,2342 2709,2293 1743,2273"/>
                <Baseline points="1750,2301 1803,2303 1856,2305 1909,2306 1962,2308 2015,2310 2068,2312 2121,2313 2174,2315 2227,2316 2280,2317 2333,2319 2386,2320 2439,2321 2492,2323 2545,2324 2598,2325 2651,2326 2704,2327 2757,2328 2810,2329"/>
                <TextEquiv>
                    <Unicode>ler und nur vom Burgtheater aufgeboten werden kann.</Unicode>
                </TextEquiv>
            </TextLine>
            <TextLine id="r2l31" custom="readingOrder {index:30;}">
                <Coords points="1851,2390 2915,2439 2950,2384 1852,2356"/>
                <Baseline points="1858,2391 1912,2393 1966,2395 2020,2397 2074,2399 2128,2401 2182,2403 2237,2404 2291,2406 2345,2407 2399,2408 2453,2410 2507,2411 2561,2412 2616,2414 2670,2415 2724,2416 2778,2417 2832,2418 2886,2420 2941,2421"/>
                <TextEquiv>
                    <Unicode>Berlin, 14. Oktober. (Telegr.) Arthur Schnitzlers</Unicode>
                </TextEquiv>
            </TextLine>
            <TextLine id="r2l32" custom="readingOrder {index:31;}">
                <Coords points="1745,2449 2946,2489 2948,2418 1747,2396"/>
                <Baseline points="1753,2437 1812,2438 1871,2440 1930,2442 1990,2443 2049,2445 2108,2446 2168,2448 2227,2449 2286,2451 2346,2452 2405,2454 2464,2455 2523,2457 2583,2458 2642,2460 2701,2461 2761,2463 2820,2465 2879,2466 2939,2468"/>
                <TextEquiv>
                    <Unicode>Tragikomödie „Das weite Land“, das wie in Wien,</Unicode>
                </TextEquiv>
            </TextLine>
            <TextLine id="r2l33" custom="readingOrder {index:32;}">
                <Coords points="1740,2503 2947,2511 2901,2471 1742,2449"/>
                <Baseline points="1748,2481 1807,2483 1867,2486 1926,2489 1986,2490 2045,2492 2105,2494 2164,2496 2224,2497 2283,2498 2343,2500 2403,2501 2462,2502 2522,2503 2581,2504 2641,2505 2700,2506 2760,2507 2819,2508 2879,2509 2939,2510"/>
                <TextEquiv>
                    <Unicode>München und Hamburg, sowie an einem Dutzend anderer Büh¬</Unicode>
                </TextEquiv>
            </TextLine>
            <TextLine id="r2l34" custom="readingOrder {index:33;}">
                <Coords points="1740,2542 2951,2574 2951,2538 2851,2515 1741,2504"/>
                <Baseline points="1749,2532 1808,2533 1868,2534 1928,2536 1987,2537 2047,2539 2107,2540 2166,2542 2226,2544 2286,2545 2346,2547 2405,2548 2465,2550 2525,2551 2584,2552 2644,2554 2704,2554 2763,2555 2823,2556 2883,2556 2943,2556"/>
                <TextEquiv>
                    <Unicode>nen heute abend im Berliner Lessingtheater seine erste Auffüh¬</Unicode>
                </TextEquiv>
            </TextLine>
            <TextLine id="r2l35" custom="readingOrder {index:34;}">
                <Coords points="1742,2588 2795,2622 2953,2580 1743,2541"/>
                <Baseline points="1749,2578 1808,2580 1868,2581 1928,2583 1988,2585 2048,2586 2107,2587 2167,2589 2227,2590 2287,2592 2347,2593 2406,2594 2466,2595 2526,2597 2586,2598 2646,2599 2705,2601 2765,2602 2825,2603 2885,2605 2945,2606"/>
                <TextEquiv>
                    <Unicode>rung erlebte, wurde hier nach den beiden ersten Akten freund¬</Unicode>
                </TextEquiv>
            </TextLine>
            <TextLine id="r2l36" custom="readingOrder {index:35;}">
                <Coords points="1733,2638 2932,2670 2953,2623 1734,2587"/>
                <Baseline points="1741,2626 1801,2627 1861,2628 1921,2629 1981,2630 2042,2632 2102,2633 2162,2634 2222,2636 2282,2637 2343,2638 2403,2640 2463,2641 2523,2643 2583,2644 2644,2646 2704,2647 2764,2649 2824,2650 2884,2651 2945,2653"/>
                <TextEquiv>
                    <Unicode>lich, in den drei letzten Akten nur noch kühl aufgenommen. Zum</Unicode>
                </TextEquiv>
            </TextLine>
            <TextLine id="r2l37" custom="readingOrder {index:36;}">
                <Coords points="1744,2674 2786,2722 2955,2709 2956,2662 1744,2642"/>
                <Baseline points="1751,2669 1810,2672 1870,2673 1930,2675 1990,2677 2050,2679 2110,2680 2169,2682 2229,2683 2289,2684 2349,2686 2409,2687 2469,2688 2529,2690 2588,2691 2648,2693 2708,2694 2768,2696 2828,2698 2888,2700 2948,2703"/>
                <TextEquiv>
                    <Unicode>Schluß mischte sich sogar einige Opposition in den Beifall. Doch</Unicode>
                </TextEquiv>
            </TextLine>
            <TextLine id="r2l38" custom="readingOrder {index:37;}">
                <Coords points="1730,2723 2960,2750 2946,2706 1731,2685"/>
                <Baseline points="1738,2715 1798,2717 1859,2719 1920,2721 1980,2722 2041,2724 2102,2726 2162,2728 2223,2730 2284,2731 2345,2733 2405,2734 2466,2736 2527,2737 2587,2738 2648,2740 2709,2741 2769,2742 2830,2744 2891,2745 2952,2747"/>
                <TextEquiv>
                    <Unicode>durfte Direktor Brahm für den in Wien weilenden Dichter</Unicode>
                </TextEquiv>
            </TextLine>
            <TextLine id="r2l39" custom="readingOrder {index:38;}">
                <Coords points="1722,2770 2554,2808 2900,2804 2956,2756 1723,2729"/>
                <Baseline points="1730,2761 1790,2763 1851,2765 1912,2767 1973,2769 2034,2770 2095,2772 2155,2773 2216,2775 2277,2777 2338,2778 2399,2780 2460,2781 2521,2782 2581,2783 2642,2785 2703,2786 2764,2788 2825,2789 2886,2791 2947,2792"/>
                <TextEquiv>
                    <Unicode>vor der Rampe danken. Das Resultat wäre vermutlich noch un¬</Unicode>
                </TextEquiv>
            </TextLine>
            <TextLine id="r2l40" custom="readingOrder {index:39;}">
                <Coords points="1730,2811 2897,2849 2955,2801 1731,2773"/>
                <Baseline points="1738,2810 1798,2812 1858,2814 1919,2816 1979,2817 2040,2819 2100,2820 2160,2821 2221,2822 2281,2824 2342,2825 2402,2826 2462,2827 2523,2828 2583,2829 2644,2831 2704,2832 2764,2833 2825,2836 2885,2837 2946,2839"/>
                <TextEquiv>
                    <Unicode>erfreulicher gewesen, hätte nicht das Stück eine über alles Lob</Unicode>
                </TextEquiv>
            </TextLine>
            <TextLine id="r2l41" custom="readingOrder {index:40;}">
                <Coords points="1736,2860 2900,2901 2943,2895 2945,2845 1737,2827"/>
                <Baseline points="1744,2856 1803,2858 1863,2859 1922,2861 1982,2862 2041,2864 2101,2865 2160,2867 2220,2868 2279,2869 2339,2871 2399,2872 2458,2874 2518,2876 2577,2877 2637,2879 2696,2880 2756,2882 2815,2884 2875,2886 2935,2888"/>
                <TextEquiv>
                    <Unicode>erhabene Wiedergabe gefunden. „Das weite Land“ ist das Land</Unicode>
                </TextEquiv>
            </TextLine>
            <TextLine id="r2l42" custom="readingOrder {index:41;}">
                <Coords points="1736,2910 2804,2915 2892,2951 2950,2942 2951,2897 1736,2876"/>
                <Baseline points="1744,2901 1807,2904 1870,2906 1933,2909 1996,2911 2059,2913 2122,2915 2185,2916 2248,2918 2311,2919 2375,2921 2438,2922 2501,2923 2564,2925 2627,2926 2690,2927 2753,2929 2816,2930 2879,2932 2943,2934"/>
                <TextEquiv>
                    <Unicode>der menschlichen Seele mit allen seinen Rätseln und Ueber¬</Unicode>
                </TextEquiv>
            </TextLine>
            <TextLine id="r2l43" custom="readingOrder {index:42;}">
                <Coords points="1734,2951 2770,3001 2909,2989 2950,2941 1735,2921"/>
                <Baseline points="1742,2951 1805,2953 1868,2954 1931,2956 1994,2958 2057,2959 2120,2960 2183,2962 2246,2963 2309,2965 2373,2966 2436,2968 2499,2969 2562,2971 2625,2973 2688,2974 2751,2976 2814,2978 2877,2981 2941,2983"/>
                <TextEquiv>
                    <Unicode>raschungen. Das Spiel der Widersprüche, das der Dichter uns</Unicode>
                </TextEquiv>
            </TextLine>
            <TextLine id="r2l44" custom="readingOrder {index:43;}">
                <Coords points="1732,3000 2912,3045 2954,3039 2955,2990 1732,2973"/>
                <Baseline points="1740,2999 1800,3001 1860,3002 1921,3004 1981,3006 2041,3007 2102,3009 2162,3010 2222,3012 2283,3013 2343,3015 2403,3017 2464,3018 2524,3020 2584,3022 2645,3023 2705,3025 2765,3027 2826,3030 2886,3031 2947,3034"/>
                <TextEquiv>
                    <Unicode>geben wollte, wirkte leider vielfach nicht befriedigend, oft ab</Unicode>
                </TextEquiv>
            </TextLine>
            <TextLine id="r2l45" custom="readingOrder {index:44;}">
                <Coords points="1735,3071 2560,3066 2727,3105 2879,3055 1737,3005"/>
                <Baseline points="1744,3049 1800,3052 1856,3055 1912,3057 1969,3059 2025,3060 2081,3061 2138,3061 2194,3062 2250,3062 2307,3062 2363,3063 2419,3063 2475,3064 2532,3066 2588,3067 2644,3069 2701,3072 2757,3076 2813,3081 2870,3086"/>
                <TextEquiv>
                    <Unicode>stoßend, und so blieb ein Rest mangelnder Befriedigung.</Unicode>
                </TextEquiv>
            </TextLine>
            <TextEquiv>
                <Unicode>dramatischste Szene des Werkes enthält der fünfte Akt: Die Rück¬
kehr Hofreiters vom Duell und sein Zusammentreffen mit der
Mutter des Getöteten. Am meisten äußerliche Bewegung und
Handlung enthält natürlich der dritte Akt, der in dem Dolo¬
miten=Hotel. spielt. Hier gibt es auch sehr viel episodistisches
Füllsel, von dem manches ziemlich konventionell und lustspiel¬
mäßig anmutet. Aber manche dieser Nebenfiguren sind sehr
eigenartig, zum Beispiel der philosophische und gebildete Hotel¬
direktor und er spricht auch das Leitmotiv des Stückes aus:
Die Seele ist das weite Land.
Das Burgtheater hat an das Werk seinen ganzen noch
immer großen darstellerischen Reichtum und viel künstlerische
Sorgfalt und Eifer gewendet. Die ursprünglich Kainz zuge¬
dachte Hauptrolle spielt Herr Korff, sehr interessant aber zu
wenig durchgeistigt, wodurch die Figur Hofreiters
 zu brutal
wird. Die Genia ist eine jener passiven Frauenrollen, die dem
Fräulein Marburg so außerordentlich liegen. Das junge
Mädchen wird vom Fräulein Hofteufel sehr nett,
der
Fähnrich von Herrn Gerasch gespielt. Aber auch die
klein¬
sten Rollen werden von den ersten Künstlern dargestellt:
Den
Hoteldirektor, den Hartmann hätte spielen sollen, gibt Herr
Devrient, die Mutter des Fähnrichs Frau Bleibtreu,
einen Hotelportier Herr Thimig, zugleich der Regisseur der
Vorstellung, einen Bergführer Herr Balaithy und so weiter.
Eine außerordentliche Besetzung wie sie nur für Arthur Schnitz¬
ler und nur vom Burgtheater aufgeboten werden kann.
Berlin, 14. Oktober. (Telegr.) Arthur Schnitzlers
Tragikomödie „Das weite Land“, das wie in Wien,
München und Hamburg, sowie an einem Dutzend anderer Büh¬
nen heute abend im Berliner Lessingtheater seine erste Auffüh¬
rung erlebte, wurde hier nach den beiden ersten Akten freund¬
lich, in den drei letzten Akten nur noch kühl aufgenommen. Zum
Schluß mischte sich sogar einige Opposition in den Beifall. Doch
durfte Direktor Brahm für den in Wien weilenden Dichter
vor der Rampe danken. Das Resultat wäre vermutlich noch un¬
erfreulicher gewesen, hätte nicht das Stück eine über alles Lob
erhabene Wiedergabe gefunden. „Das weite Land“ ist das Land
der menschlichen Seele mit allen seinen Rätseln und Ueber¬
raschungen. Das Spiel der Widersprüche, das der Dichter uns
geben wollte, wirkte leider vielfach nicht befriedigend, oft ab
stoßend, und so blieb ein Rest mangelnder Befriedigung.</Unicode>
            </TextEquiv>
        </TextRegion>
    </Page>
</PcGts>
