3344 4384
514 252 605 322 Da
1394 257 1853 355 box 29/4
265 251 1242 358 24 weite Land
976 1015 2243 1094 Dieser eine Akt hat im Buch fünf Szenen und kein Wort zu viel.
905 1071 2256 1150 Was der Charakteristik des Menschengekribbels nicht dient, ist übrig
893 1125 2241 1187 für das Lokalkolorit, den Landschaftsbrodem, die Sprengelstimmung,
898 1172 2247 1248 das Grenzschmuggelwesen, den Wirtshausklatsch, das ordinäre Par¬
899 1212 2248 1292 fum ungelifteter Hurenstuben und die Tendenz. Ja, auch die Ten¬
896 1276 2252 1343 denz. Nicht umsonst ist die offizielle Sedanfeier mit Blechmusik und
890 1324 2237 1393 Fahnenumzug der Fond, von dem sich die Anklagerede des Apothe¬
891 1372 2248 1444 kers wider den Nebenbuhler von Gendarmen in seiner amtlichen
886 1424 2229 1482 Eigenschaft abhebt. Den Halbakademiker wurmt, daß solch ein An¬
892 1474 2239 1537 alphabet, solch ein Herr Notizbuch als „Auge des Gesetzes“ aufgestellt
891 1521 2240 1567 ist und seine Dununheit mit der Falschheit der Pfaffen zum Schaden
889 1574 2246 1639 des Bayernlandes verbündet. Oder er tut doch, als ob es ihn wurme.
889 1609 2235 1677 Seine soziale Stellung erfordert so etwas wie ethische Unterkellerung
888 1673 2250 1735 eines keuchenden Sexualneids. Die beiden Kerle kämpfen zuletzt mit
889 1710 2236 1784 den Flinten, zuvor mit den Fäusten und zuerst mit den . .. um ein
881 1755 2237 1822 Weib, um die Innozenz, die sich zwar dem gebrechlichsten zahlungs¬
888 1813 2236 1866 fähigen Mitglied des Honoratiorenschaft nicht verschließt, aber nur
891 1868 2234 1930 sie beide und die stachelnde Eilersucht auf die Kommandantin nötig
890 1904 2241 1979 hat. Dieser Lautensack konnte erdige Geschöpfe entfesseln und bis
882 1958 2240 2021 zur Raserei treiben. Er konnte die Luft zwischen ihnen elektrisch
888 1996 2223 2064 laden und entladen. Er konnte in einem Sonntagnachmittagjahrmarkts¬
883 2066 2233 2126 gewinnnel die derbe und gutartige Süddeutschheit einer bäuerischen
880 2091 2235 2151 Bevölkerung zu farbigster Eindringlichkeit zusammenlassen. Er konnte
880 2159 2229 2224 die stirnenpressende Macht des Katholizismus jählings aufblitzen las¬
880 2209 2227 2272 sen. Seine Werke sind in keinem Zuge zu transponieren. Sie wur¬
877 2256 2225 2299 zeln mit jeder Faser. Er war ein Thoma, dem ein gehöriger Tropfen
884 2300 2219 2360 Fegefeuer eingeheizt und das Gehirn zu so viel Prophetengabe er¬
877 2345 2241 2415 leuchtet hatte, daß manche Sätze — „man sieht es an höherer Stelle
881 2398 2226 2454 nicht gern, daß dem Morde immer noch nachgespürt wird“ — wie
882 2449 2233 2498 aus dem heutigen Tag für den heutigen Tag gesprochen klingen. Ein
879 2495 2230 2566 grimmiger, bitterer, erkennerischer Schwefelhumor zuckt durch den
887 2548 1817 2595 erbarmungslos ruhig gemalten Lebensausschnitt.
952 2588 2225 2669 Dies und das: die in sich selbst beharrende Speckesfülle und die
877 2642 2216 2716 Nervenzuckungen drüber hin muß eine Aufführung zu vereinen wissen.
881 2698 2223 2769 Der Herr des Lustspielhauses hat sich gleichermaßen am Fleisch und
873 2749 2226 2795 am Geist versündigt: er hat von den fünf Szenen eine ganz, und die
872 2790 2218 2865 saftigste, die vierte, entfernt, mitsamt dem schwer entbehrlichen Epi¬
878 2839 2228 2888 log, dem bezeichnend lügenhaften Epitaph für den erschossenen Gen¬
876 2893 2226 2947 darmen Buchholz, oder wie er sonst heißt, dem ein ehrenvoller Selbst¬
881 2943 2221 2992 mord nachgerühmt wird; und er hat in den andern vier Szenen mit
876 2991 2224 3050 einer kaum überbietbaren Taubileit für Lautensacks Dialogik, für ihren
866 3021 2225 3113 Tonlall herumgestrichen, herumgehackt. Durch die metzgerhafte Be¬
880 3095 2218 3154 seitigung von Uebergängen sind Antithesen herausgekommen, Anti¬
872 3136 2217 3209 tnesen — als wolle Einer in Expressionismus machen, der noch gar¬
876 3183 2221 3253 nicht erfahren hat, was Impressionismus ist, und es niemals erfahren
872 3238 2225 3294 wird, weil von allen ismen seiner einzig der Dilettantismus ist. Diese
870 3279 2219 3356 Aufführung — mit einem Kommandanten für allerkleinste Ortsver¬
924 3331 1035 3392 556
2611 1029 3345 1108 bände — ist keifend, kurzatmig, voll
2598 1107 3352 1173 zu verpassen, und ohne Scheu, jede se
2602 1133 3351 1218 in der Seele weh, daß ich Bassermann
2600 1202 3351 1259 sieht sich nicht und wird deshalb. für
2605 1244 3347 1308 tiger Besorgtheit entspringenden Rat
2599 1295 3351 1370 morgen wieder einem einigermaßen gle
2604 1341 3351 1413 gleichstrebenden Ensemble unter der
2600 1388 2890 1447 einzugliedern.
2605 1484 3350 1570 Wiener Theater von Alfre
2628 1554 3350 1619 Auch die Theater hier sind dem
2607 1581 3350 1658 — Clanz und Freude des Metiers
2594 1644 3312 1705 plagen sich im „Nachtgeschäft“
2604 1693 3351 1753 schwingen, das heißt: sie arbeiten
2595 1731 3350 1795 haus, im Tingl. Oder zumindest in
2599 1789 3351 1839 denen die Bühnen selbst sich helfer
2601 1817 3351 1884 lukrativer nützen wollen. Die zur
2599 1862 3351 1925 bedingt nötigen Mittel heiligen der
2597 1902 3350 1970 Literarisch hat die wiener Schaubül
2600 1958 3347 2018 bedeutet jetzt weniger als gar nichts
2599 1993 3338 2059 hier zum ersten Wort, auch kein neu
2604 2050 3351 2094 der wiener Kultur springt der Theat
2597 2089 3351 2148 ab. Und nicht einmal das Theat
2588 2140 3347 2193 mehr Freude. Die Schauspieler si
2588 2179 3345 2229 linge“ aber das liebende Publikum
2597 2224 3342 2270 seine Gönnerschaft hat keinen Nähl
2595 2254 3340 2317 Zeit. Ein Glück noch, daß es auch
2596 2299 3351 2385 Heulen komisch in ihrer Gehetzth
2587 2346 3059 2421 pathetischen Asthma.
2678 2412 3343 2495 Also finden die Klagen des Ka
2593 2471 3351 2551 und schnöde Ordnung der Welt heu
2594 2531 3340 2581 wenn ein so starker Komödiant wie
2592 2563 3350 2622 trägt, in klassischer Heldenattitude,
2591 2611 3351 2676 Mienen, die Unterlippe voll Bitterkei
2596 2647 3352 2721 haupt aufwärts, gewissermaßen: mit
2583 2701 3351 2766 polemisierend. „Augenrollen und I
2595 2750 3343 2795 Chronist von der ersten mannheimer
2584 2788 3349 2841 sich bei der Neu-Inszenierung der „F
2584 2838 3351 2902 nau im Deutschen Volkstheater) all
2588 2885 3339 2940 szenierung, die viel mit Vorhängen
2595 2922 3350 2980 und den Szenenwechsel bei hochg
2593 2963 3351 3023 holt keinen neuen Ton und keine n
2596 3011 3349 3061 Wo sie's versucht, wirkt es als Pos
2584 3050 3282 3111 jede innere Beziehung mangelt.
2583 3097 3350 3156 Franz Moor vom Scheinwerfer mit
2582 3146 3340 3200 optischer Vorschmack des Höllenfeuen
2592 3194 3344 3239 das fast wie Parodie auf das Stil-Be
2583 3238 3350 3290 Eine Konvention, die erschrecklich da
2579 3278 3352 3335 erkannt zu werden. Herr Onno fü
2590 3317 3349 3396 Schlangenhaut des Franz. Seine Bes
