3392 4608
1371 134 1777 219 box 28/4
249 155 1208 259 24. Das weite-Land
669 313 1164 430 Ausschnitt aus
831 619 938 709 4
1322 726 1454 829 40
597 880 1724 960 Das weite Land. Ein Halbdutzend deutscher Bühnen, Brahms
518 929 1722 1007 „Lessingtheater“ darunter und die Wiener Burg, hat Artur Schnitzlers
517 972 1735 1039 neue Tragikomödie „Das weite Land“ jetzt aus der Tause gehoben.
514 999 1734 1083 Und fast überall stand man respektvoll bei dem Akt, hörte respektvoll
1414 1042 1732 1099 Abermals sind's
522 1054 1404 1130 zu und aufmerksam und fröstelte ein wenig ...
521 1099 1736 1154 echte Schnitzlersche Menschen, poselos vom Leben nebeneinander=,
514 1125 1741 1194 zueinander=, gegeneinandergestellt, alle tragen sie, unverschminkt durch
518 1172 1734 1231 Sympathie oder Widerwillen, Gesichter voll unausdringlicher, stiller
520 1200 1736 1281 und rücksichtsloser Wahrhaftigkeit ihres Wesens und Wollens, alle
530 1249 1727 1313 zugleich sind einheitlich belastet von wienerischer Daseinsatmosphäre.
525 1280 1735 1352 Es ist kein Stück von der Ehe, kein Stück von zertrümmerten Ehen,
521 1342 1744 1387 deren hier mehrere trüb vorüberrollen, auch ist's kaum ein Stück vonder
525 1380 1742 1437 Liebe: vielleicht vom Unbegreiflichen in der Liebe, wenn's die Männer
532 1387 1749 1469 trifft, und von ihren Zerstörerkräften, die ohne äußere Knallesselte
530 1438 1753 1505 lautlos tödlich wirken können. Die Figur des reichen eleganten
528 1492 1746 1548 Wiener Fabrikanten Friedrich Hofreiter, der die Frauen nimmt,
520 1514 1754 1590 zynisch und liebenswürdig nimmt, wo sie ihn locken, der's nicht be¬
528 1555 1747 1628 greift, daß sich um der Tugend seiner eignen Frau willen ein
535 1587 1760 1661 hoffnungsloser Musiker erschoß (wohlgemerkt: die grausame Tugend
1082 1636 1760 1691 — kurz, dieser ganze Hofreiter, der
529 1662 1086 1710 seiner Frau begreift er nicht),
527 1669 1757 1739 dann widerspruchsvoll mit seiner lächelnden Moral und plötzlich
532 1703 1762 1781 eigensinnig verletzt in seiner Gatteneitelkeit einen resigniert erhörten
526 1753 1765 1825 Liebhaber seiner müden Frau im Duell kaltmacht, ist gar nicht der
537 1793 1758 1860 wirkliche, innerste Sinn der Schnitzlerschen Tragikomödie. In ihrem
537 1830 1760 1919 Silhonettenreigen ist er nur ein Bild, ein Bild für sich, an dem die
541 1865 1764 1939 psychologischen Retusthen reizten, übrigens ganz und gar ein wiene¬
538 1904 1754 1977 risches Bild: so ein merkwürdiger, rauschgierig durchs Leben treibender
545 1938 1761 2021 Kerl, der männliche Raublust, Schwachheit, Laune, Hohn, bestrickende
535 1979 1773 2062 Weichheit, Schmiegsamkeit, fast kindliches Spielverlangen, mord¬
547 2023 1762 2093 bereiten Haß, spöttelnde Sentimentalität und sentimentale Spott¬
542 2081 1761 2135 sucht in abenteuerlicher und wienerisch bedingter Nachbarschaft hält.
550 2116 1668 2186 Freund Anatols schärfer angefaßter, unsympathischerer Vetter
540 2145 1763 2224 Aber zum Sinn von Schnitzlers Spiel trägt er bloß als Teil im
543 2188 1768 2247 Ganzen ein Bruchstück bei; dieser amüsante, philosophische Hotel¬
546 2205 1772 2287 direktor Aigner, der vor Jahren mit seiner Gattin zerfiel und in
551 2263 1771 2338 seinem Hotel am Völser Weiher galant Eroberung auf Eroberung
550 2300 1768 2371 häuft, verkündet im Vestibül zwischen Gongschlägen und Flirt¬
549 2362 1775 2416 bemühung die stille, Schnitzlersche Nachdenklichkeit: „Warum ich sie
1575 2379 1770 2426 Sollt' es
551 2387 1497 2444 (seine Frau, die Schauspielerin) betrogen habe —?
555 2407 1775 2491 Ihnen noch nicht aufgefallen sein, was für komplizierte Subjekte
556 2475 1776 2528 wir Menschen im Grunde sind? So vieles hat zugleich Raum in
1123 2495 1775 2556 Treue und Treulosigkeit ... An¬
554 2519 1120 2569 uns —! Liebe und Trug ...
559 2535 1771 2602 betung für die eine und Verlangen nach einer andern oder nach
559 2577 1776 2652 mehreren. Wir versuchen wohl Ordnung in uns zu schaffen, so
552 2620 1715 2691 gut es geht, aber diese Ordnung ist doch nur etwas Künstliches.
564 2652 1773 2730 Das Natürliche ... ist das Chaos. Ja — mein guter Hofreiter,
1210 2697 1781 2759 Und so ziehen sie alle vorbei
551 2709 1149 2772 die Seele ist ein weites Land..
565 2737 1779 2801 in diesem Stück, der Hoteldirektor und der Lebemann=Fabrikant,
557 2793 1789 2850 die Alten und die Jungen, die Männer und die Frauen, mit ihren
566 2812 1778 2885 wilden und unerlaubten Wünschen, die schrunkenlos sind und sich
564 2852 1787 2923 durchsetzen, todwund machen und verspielen. Sie alle wollen viel¬
563 2893 1773 2959 leicht ehrlich „Ordnung schaffen“: sie alle irrlichterlieren, völlig um¬
568 2930 1781 3013 strickt, hilflos getrieben, im weiten Land .. . Und selbst Frau
565 2971 1788 3043 Genia, die Edle und Reine und Zerbrochene, sagt's hoffnungslos
564 3013 1799 3095 zuletzt zu einem leidgestreiften, herb gewordnen Freund: „Nehmen
566 3050 1786 3120 Sie's nicht gar zu schwer. Es wäre doch lächerlich, wenn Sie, ein
565 3101 1792 3160 Mensch, der das Leben von seiner ernstesten Seite kennt, dergleichen
573 3118 1797 3205 Spielerei und Spiel wichtig nähmen. Liebessachen sind nichts andres,
554 3188 1802 3245 Doktor, glauben Sie mir. Und wenn man erst drauf gekommen
586 3250 1804 3314 ist, sie sehr lustig anzusehen, — und mitzumachen.“ Nachsichtig
580 3315 1793 3352 steht Artur Schnitzler mitten im Reigen, im Girren und Sichzer¬
589 3342 1803 3396 fleischen, dennoch ein schwermütiger Zeichner all dieser unverschleiert
586 3399 1798 3442 erschauten und unversärbt reproduzierten Lebenstatsächlichkeiten.
588 3423 1805 3480 Sein Drama hat als Bühnenwerk weder in Berlin, noch in der Burg
590 3467 1802 3518 noch irgendwo seine Hörer leidenschaftlich mitfortgerissen. Die
593 3495 1802 3553 „Handlung“ sehlte, die „Spannung“ und der eigentliche „Held“:
583 3535 1805 3601 der versteckt gleitende Ringeltanz des nackten Lebens, der Aufzug
582 3588 1813 3626 all der wohlerzogenen, in ihren Formen, in ihrem Begehren äußerlich
594 3618 1800 3672 geräuschlosen, sorgsam geseilten Schnitzlerschen Menschen steht seind¬
586 3649 1796 3705 lich gegen jede donnernde Emotion. Aber von dem Stück, das
593 3695 1803 3758 jenseits von Gut und Böse so tapfer gegen die baualen Sympathie¬
590 3739 1816 3781 bedürfnisse des Publikums geschrieben ward, nahm man doch neben
596 3794 1805 3821 der Nachdenklichkeit noch den Persönlichkeitsglanz des Dichters mit:
587 3810 1807 3864 wie er die „tragikomischen" Dinge, die Hermann Bahr etwa zum
597 3844 1802 3908 Schlusse mehr heiter=komisch, Bernhard Shaw skeptisch=ironisch ge¬
589 3888 1814 3939 raten, aus scheinbarer Lustigkeit, scheinbarer Komik mit melancholisch
600 3928 1814 3976 bewegter Betrachtung zu jener weitmenschlichen Tragödie hinüber¬
597 3968 1806 4031 führt, die sie in Wahrheit sind mit ihren schmerzlich lächelnden,
611 4004 1800 4067 gefühlsverschämten und gegen den eignen Verstandeswillen macht¬
1425 4044 1783 4105 Karl Fr. Nowak.
602 4061 967 4122 losen Liebesopfern.
1766 4098 1803 4153 —
2594 816 2833 891 Belblatt
2315 880 3137 962 Redaktion und Expedition: Berlin SW 68
1996 818 2151 972 10
1999 1028 3208 1100 mit ansehen. Dabei wird die Gelegenhalt benutzt, dem Zuschauer
2009 1071 3216 1136 die innere Einrichtung eines solchen Unkerseebootes vor Augen zu
2004 1108 3215 1185 führen. Die Hebung des gesunkenen Bootes gelingt mit Hilfe
2007 1149 3206 1212 eines Hebeschiffs, und zur Feier der Mettung findet ein Schlußbild
2013 1188 3203 1252 auf dem Panzerkreuzer „von der Tenn“ ein großes Fest statt, bei
2007 1223 3219 1295 dem die Marineabteilung der Berlicker Jugendwehr sich in militäri¬
2019 1275 3208 1330 schen Exerzitien glänzend bewährt.] Hervorzuheben ist vor allen
2009 1307 3194 1366 das dritte Bild „Die Wunder der Ziefsee“ das das Leben auf dem
2013 1333 3177 1400 Meeresgrunde und den Kampß der Taucher mit den Meeres
2013 1396 3216 1440 ungeheuern sehr gut veranschamicht. Die Tänze des Ballettkort#
2977 1422 3211 1476 und eberso
2011 1433 2956 1502 lind mit hemunbernämerter Krahkn. Mnnein
2985 1460 3216 1519 neue #s¬
2827 1467 2925 1563 7
2975 1489 3233 1575 ige Zu ein
2129 1537 2956 1660 Dr. Max Goldschmidte2
2274 1658 2757 1741 S Bureau für 2
3066 1724 3217 1802 Graf
2248 1722 2759 1812 Zeitungsausschnitte
2989 1775 3223 1831 smittel der
2635 1799 2940 1869 Telephon III. 3051.
2993 1821 3220 1871 hn die Er¬
2080 1815 2390 1887 Berlin N. 24
2980 1859 3219 1911 ht auf die
2987 1897 3240 1953 onaten Ge¬
2332 1920 2724 1993 Ausschnitt Aus
2979 1933 3232 1993 ache Stall¬
2994 1974 3200 2027 as er als
2984 2010 3192 2068 im Unter¬
3004 2059 3052 2100 n
2168 1949 2859 2166 Freisiunige Zeitung. Berft
2414 2287 2733 2388 97 M 191
3001 2364 3049 2422 rte
2127 2498 3094 2621 Kunst und Wissenschaft
2458 2603 2792 2675 Lessing=Theater
2095 2648 3243 2742 Das weite Land Tragikomödie in fünf Aften von Arthur
2020 2690 2291 2770 Schnitzler.
2103 2726 3236 2792 Schnitzlers melancholische, graziöse Kunst verleugnet sich —
2021 2769 3234 2833 leider — auch in seinen Dramen nicht. Ja, es scheint, als ob ihr
2024 2820 3241 2870 je länger, desto mehr auch in seinen Bühnendichtungen die führende,
2027 2851 3241 2911 alles andere überdeckende Stimme zugeteilt werden soll. Leider!
2029 2895 3241 2952 Denn Schnitzlers Dramen leben dann nur durch feine Stimmungen,
2040 2931 3247 2989 und dieses Leben ist dementsprechend ein zartes, leis blühendes,
2040 2970 3246 3028 das man behutsam pflegen muß. Daran ändert im neuesten Fall
2043 3008 3245 3069 die Tatsache nicht, daß der Dichter einige Lustspiel= beinahe Possen¬
2045 3035 3243 3106 typen hineingestellt hat, so den ewigen Tennisspieler (der mit
2047 3081 3241 3147 seinen stereotypen Bemerkung allmählich auf die Nerven fällt), so im
2044 3103 3245 3186 Dolomitenhotel den todmüden Touristen, der von der Hotelglocke
2032 3182 3235 3226 aus dem Schlaf aufgeschreckt wie vor tausend Teufeln „über die
2037 3201 3240 3264 ganze Bühne“ zur Tür hinaus flüchtet. Dramen Schnitzlers aus
2033 3241 3233 3301 den letzten Jahren heißen „Der einsame Weg“, „Der Ruf des
2033 3283 3243 3333 Lebens", „Das weite Land“ Lyrische Titel, nachdenkliche Titel.
2048 3323 3231 3380 „Das weite Land der Seele“ ist ein verschwimmendes Land, in
2043 3343 3248 3420 dem sich Schnitzlers kontemplative Schilderungen mit ihren feinen
2038 3395 3252 3460 Kanälen verlieren. Er ist der Maler der Zwischenfarben, der##
2048 3438 3256 3495 Dichter der Zwischenspiele und Zwischenstufen, der verwischenden
2050 3472 3248 3528 Grenzen. Und fast immer handelt es sich bei ihm um das Liebes¬
2040 3512 3238 3580 leben. Bei Schnitzler ist „ihr ganzes Weh und Ach von einem
2166 3582 3262 3661 Das Werk ist soeben in S. Fischers Verlag, Berlin, in
2014 3614 2425 3698 Buchform erschienen.
