3392 4608
1312 331 1742 420 box 28/4
604 362 662 414 U
181 352 1159 457 24. DaseiteLand
857 1086 1561 1282 Nonee Teghlatt ! St###m.
1818 1445 2818 1523 Die deutlichste Nacherzählung der Schnitzlerschen
1761 1490 2816 1559 Tragikomödie wäre die unwahrste. Man muß sich anzu¬
861 1491 1620 1612 Berliner Theaterbrief.
1756 1539 2818 1603 deuten begnügen, an welchen Exempeln Schnitzler seine
1764 1575 2810 1636 Einsicht bewährt, daß der Mensch, sofern er nicht die glück¬
1006 1588 1469 1672 Von Hermann Kienzl.
1752 1620 2816 1675 liche Primitivität einer Kraftnatur besitzt, weniger dem
1756 1651 2815 1713 Willen seines Herzens als einem Willen der Triebe
781 1638 1755 1712 Von den dreizehn Paten, die Artur Schnitzlers
1767 1689 2813 1753 unterworfen ist. Volkstümlich gesagt: Die Leichtbeweg¬
713 1702 1752 1757 Tragikomödie „Das weite Land“ am 14. Oktober aus
1767 1730 2822 1798 lichen handeln gegen ihren Willen. Ein Mann, eine
711 1740 1763 1804 der Feuertaufe hoben, war einer das Berliner Lessing¬
1768 1765 2825 1834 Frau. Der Mann liebt nur diese Frau, die Frau nur
704 1781 1764 1828 theater. Die Bühne Brahms hatte einen ihrer ganz
1774 1797 2825 1873 diesen Mann. Und müssen beide sich betrügen und zu
707 1826 1764 1879 großen Tage. Diese Feinheit, Abgestimmtheit und Ver¬
1769 1834 2837 1915 Grunde richten. An den Schemen körperlicher Tugend
711 1862 1766 1920 schlungenheit des Zusammenspiels kann nicht übertroffen
1761 1891 2836 1954 glaubt weder er, noch eigentlich sie; doch sind sie nicht stark
713 1902 1762 1955 werden. Am Wiener Burgtheater z. B. ahnt man nichts
1772 1927 2829 1996 genug, das Gefühl gegen die Tücke der Sinne stolz auf¬
710 1937 1765 1994 von der Vollkommenheit eines solchen Ensembles, von
1775 1961 2835 2028 recht zu halten. Sind es wirklich nur die Sinne? Das
718 1974 1759 2035 der stillen Innerlichkeit und unbeirrbaren Natürlichkeit
1768 1998 2831 2070 Wort fälscht wohl schon wieder. Frau Genia scheint den
714 2018 1766 2065 eines Stils, dem jeder theatralische Makel, ja fast schon
1772 2039 2839 2107 Ehebruch zu wählen, weil ihre Treue sie dem Manne ent¬
716 2058 1765 2120 der Wunsch nach lauter Resonanz im Publikum genom¬
1773 2074 2838 2155 fremdet hat. So glaubte der Mann. Doch ihre Untreue
714 2090 1766 2151 men zu sein scheint. Hinter der jüngsten Großtat des
1768 2114 2822 2181 erträgt er, der treulos=getreue Zyniker, nicht. Er schießt
714 2132 1763 2185 Lessingtheaters schlich die Sorge: wenn es wahr werden
1764 2161 2831 2222 den jungen Fähnrich, das Opfer fremder Herzenswirrun¬
721 2173 1757 2228 sollte, daß Dr. Brahm im Jahre 1314 sein Werk verläßt,
1769 2194 2831 2268 gen, nieder. Befreit ihn des gewalttätige Bekenntnis?
722 2213 1758 2268 so wird das Sprichwort lügen, daß kein Mensch unersetz¬
1761 2234 2825 2319 Nein, jetzt erst hat er sich ganz verloren und die Frau
722 2263 912 2322 lich sei.
1767 2291 2273 2357 verloren. Ein Bankerott.
793 2274 1774 2339 Warum gilt heute das erste Wort den Schauspielern?
1836 2295 2827 2372 Man muß die Freunde, da man sie nicht zur Offen¬
716 2332 1771 2388 Weil es fast ein Wunder ist, wie sie, die dem Theater ge¬
1766 2349 2830 2420 barungsquelle des Lessingtheaters führen kann, auf das
721 2370 1776 2428 hören, ein Stück, das seinem Wesen nach dem Theatrali¬
1783 2390 2824 2458 Buch verweisen. (Es ist bei S. Fischer, Berlin, erschienen.)
725 2412 1772 2476 schen so unendlich fern ist, vor dem Theater bewahrten;
1778 2434 2827 2500 Doch — auch die Feinspürigsten, unter den Lesern wie
719 2436 1765 2503 weil die Reinheit ihrer nachempfindenden Kunst ein Dich¬
1784 2476 2830 2540 unter den Zuschauern, werden in der verwirrenden Fülle
724 2487 1776 2552 terwerk gerettet hat, das für die Bühnen im allgemeinen
1774 2496 2839 2579 psychologischer Details zu einem betrübenden Resultat ge¬
726 2526 1773 2597 verloren ist. Der Name Schnitzler oder einzelne starke
1778 2545 2840 2616 langen: Exakt, wie die Mathematik, ist diese Psychologie,
729 2567 1783 2622 Szenen mögen da oder dort einen Erfolg entschieden
1784 2592 2836 2656 die mit unbekannten Größen arbeitet; allzu exakt, als
718 2604 1782 2668 haben. Doch ich spreche nicht vom Beifall (der in Berlin
1775 2628 2840 2690 daß sie für Leben gelten könnte, das immer unlogisch ist.
727 2640 1779 2718 maßvoll und einmütig war); ich spreche von der künstleri¬
1785 2664 2839 2734 Ersonnen aus Lebensweisheit, nicht erlebt ist das Schau¬
721 2701 1039 2763 schen Rettung.
1775 2703 2831 2770 spiel, ob es auch in einzelnen Teilen von Leben strotzt.
802 2708 1781 2789 Ich liebe, ich bewundere sie, die unendlich zarte Hand
729 2741 2831 2829 Schnitzlers. Ihr ist, wie der Hand eines genialen Ge= Schnitzlers grüblerischer Hang war stärker als sein Herz¬
1784 2790 2828 2852 schlag, die Eingebung schwächer als die kunstvolle Auf¬
733 2802 1790 2877 burtshelfers (auch eines Künstlers unter Handwerkern),
735 2810 2852 2914 eine seingliedrige Schlankheit und schonungsvolle Milde lösung. Deduktiv ist die Technik dieses Dramas, das die
1778 2853 2833 2920 Gesellschaft des Wiener Westens in überaus zahlreichen
732 2882 1784 2951 eigen. Diese Dichterhand dringt tastend in die verschlos¬
724 2945 2832 2970 senen Organe der Menschen ein, zu den Geheimnissen! Typen vorführt; Lurusweibchen, Hahnreie, Halbjung¬
734 2941 2840 3032 innerster Wunden. Der Mensch weiß nichts von sich selbst. frauen, Modeschriftsteller, Sporttrotteln, Lebekünstler und
1785 2978 2834 3043 wie die Bazillenträger der Dekadenz alle heißen. Sie!
733 3003 1779 3070 „Sollte es Ihnen noch nicht aufgefallen sein,“ sagt eine
1788 3014 2841 3085 sind interessant, nicht um ihrer selbst willen, doch dank
732 3043 1789 3104 Person des Schauspiels, „was für komplizierte Suhjekte
1780 3055 2841 3126 dem melancholischen Sarkasmus ihres Dichters. In der
727 3077 1780 3153 wir Menschen im Grunde sind? So vieles hat zugleich
736 3096 2844 3190 Raum in uns! Wir versuchen wohl Ordnung in uns zu  Genanigkeit der psychologischen Präparate erinmert
1777 3136 2837 3188 Schnitzler an Ibsen. Nur die Menschen Ibsens und ihre
736 3149 1735 3237 schaffen, so gut es geht, — wir stellen Begriffe auf
1793 3175 2563 3259 Probleme sind von anderer Wichtigkeit.
731 3190 1784 3277 geben Namen: Liebe — Haß — Eifersucht —, aber diese
1852 3191 2844 3278 Die Meisterspieler einzeln zu nennen, hieße hier
733 3240 1515 3307 Ordnung ist doch nur etwas Künstliches.“
1788 3244 2839 3315 ihrer Gesamtheit den Ruhm entziehen. Doch gemäß den
804 3258 1778 3356 Die Reflexion, mit der Schnitzler seinem Schauspiel
1781 3290 2840 3348 höheren Ansprüchen ihrer Rolle sei Irene Triesch
731 3318 1780 3392 den Namen gibt („Die Seele ist ein weites Land,“
1792 3329 2852 3398 hervorgehoben, wundervoll in ihren klaren und leisen Di¬
736 3353 1793 3437 setzt jener Dolmetsch noch hinzu) vergröbert schon den
1786 3391 2028 3447 stinktionen.
734 3401 1791 3466 psychischen Naturalismus der Dichtung. Wie es an an¬
724 3432 1794 3501 derer Stelle heißt: „Ich sagte es dir offen und deutlich,
734 3474 1791 3551 so deutlich, daß es heinahe schon wieder nicht wahr ge¬
732 3529 1076 3601 worden ist ...“
