3436 4320
-28 2052 67 2152 100
956 160 1343 269 box 7/3
450 170 633 246 Anat
291 173 782 300 4. anntol
905 1340 2843 1438 #m. Zühlungen an das Ausland viel Gold ge= droht unser Goldzug in der — Silberverwehung
537 1362 744 1437 uns der
183 1357 409 1453 ege den
1792 1391 2283 1456 stecken zu bleiben.
192 1413 1794 1480 #i bewahren? Nun, die Ge= braucht und ob diese Nachfrage einem willigen
1784 1481 2846 1552 in welcher der Dichter seine eindringliche psychologische
728 1507 1787 1574 route bestimmt. Und diese dreifache Eigenschaft seines
1782 1518 2848 1592 Schärfe bekundet. Seine Bauern machen allerdings nicht
201 1526 493 1632 Autoren.
740 1552 1796 1608 Naturells bekundet auch sein jüngstes Buch, in dem Hevesi
1788 1584 2833 1648 den Eindruck urwüchsiger Gestalten, es fehlt ihnen der
171 1602 1787 1673 toren wird oft der Vorwurf uns in vierundzwanzig abgerundeten Aufsätzen berichtet,
1794 1617 2852 1707 Erdgeruch, sie sprechen zu sein, zu klar, es sind stylisirte
750 1637 1789 1712 was er Alles auf der Reise von Kalau, dem die „Kalauer“
191 1651 759 1726 für den Tag schreiben und
1790 1690 1993 1760 Figuren.
750 1681 1796 1763 ihre Entstehung verdanken, bis Säkkingen, der Stadt des
175 1697 756 1778 Werke zu schaffen, die sich über
1877 1691 2835 1780 Als die beste Geschichte der Sammlung erscheint mir
758 1740 1790 1798 berühmten Trompeters, beobachtet, gedacht und empfunden.
198 1748 749 1809 erheben. Heuer haben sie diesen
1787 1767 2849 1830 die letzte: „Ein Poet“ — hier hat David ein Stück
757 1786 1793 1856 Hevesi ist jedoch beileibe kein empfindsamer Reisender. Und
190 1807 758 1865 #et. Fast alle hervorragenden
1792 1810 2844 1892 modernen Journalisten=Elends schlicht, einfach und er¬
762 1834 1793 1899 wenn ihn zuweilen, wie im Kirchhof zu Meißenheim am
184 1849 762 1908 Diesmal auf dem Büchermarkt
1795 1862 2850 1932 greisend geschildert. — Ein eigenthümliches Widerspiel zu
763 1880 1798 1943 Grabe der Friederike Brion von Sesenheim, eine Thräne
187 1897 762 1957 Bepäck erschietten. Wenn auch
1791 1911 2846 1984 David's Dichterfigur bildet Hermann Bahr. Der Eine:
752 1928 1794 1990 die Augen feuchtet, so ist dies nicht erkünstelte Sentimen¬
190 1940 761 2008 en dach ihre Werke insgesammt
1791 1954 2846 2031 ernst, düster und knorrig, der Andere: frivol, kokett, und
764 1969 1796 2035 talität, sondern der Ausfluß eines echten Pietätsgefühls,
185 1993 763 2050 sie sind interessant, anregend,
1791 2007 2853 2070 wie ein hysterisches Weib momentanen Impulsen folgend.
757 2021 1797 2091 das sich in wenigen einfachen und ehrlichen Worten
180 2040 765 2100 chleuchtet, so daß wir auf die
1797 2042 2856 2109 Bahr hat bereits die verschiedensten Wandlungen durchgemacht.
764 2077 973 2147 offenbart.
195 2081 770 2147 Jahr gezeitigt, mit einem wohl¬
1801 2093 2853 2159 Er ist daher schwer zu fassen. Er scheint nichts mit Ernst zu
845 2090 1794 2182 Alles in Allem: ein gemäthliches Buch, bei dem der
182 2129 767 2198 Kriotischen Stolzes blicken dürsen.
1795 2140 2847 2212 betreiben und dabei muß er als künstlerische Individualität
759 2159 1798 2229 Leser nicht nur auf seine Kosten kommt, sondern abendrein
178 2174 770 2233 dwig Hevesi mit einem
1796 2194 2852 2262 doch ernst genommen werden, denn er ist ein entschiedenes
759 2207 1792 2284 noch ein klein wenig Gelehrsamkeit, in humorvoller Weise
198 2224 757 2288 „Von Kalau bis Säkkingen“
1794 2232 2854 2298 Talent, das allerdings noch auf der Suche nach einem
770 2253 1803 2322 kredenzt, als Zugabe erhält. — Das Lächeln, das Hevesi
184 2273 765 2336 Holf Bonz und Komv) entgegen.
1800 2280 2853 2347 Gebiete ist, auf dem es sich voll entfalten könnte. Dem
764 2303 1796 2375 auf unsere Lippen gezaubert, verschwindet, wenn wir uns
184 2321 773 2378 ahrzehnte dahingerollt, seitdem
1800 2320 2852 2390 krassen Naturalismus hat er sich indeß allem Anscheine
766 2352 1802 2410 in J. J. David's „Probleme“ (Dresden und
187 2368 772 2429 d als Erzähler rastlos thätig ist.
1799 2374 2854 2445 nach glücklich entwunden. Das beweist uns sein jüngstes
766 2394 1808 2462 Leipzig, Verlag von Heinrich Minden) versenken. Warum
185 2415 770 2479 heute nicht die geringste Er¬
1800 2418 2862 2502 Novellenbuch „Dora“ (Berlin, S. Fischer, 1893). Er folgt
764 2437 1810 2497 Probleme? Warum dieser etwas aufdringliche Titel? Jede
194 2449 772 2528 Künstlernatur, arbeitet er un¬
1811 2466 2333 2548 jetzt den Spuren Bourgel's.
765 2486 1815 2554 Novelle behandelt doch ein psychologisches Problem. Oder
179 2503 770 2572 den keine Mühe bleichet. Und
1886 2500 2856 2582 „Dora“ ist eine Ehebruchsgeschichte, die Bahr so
764 2528 1813 2617 wollte uns der Dichter nahelegen, daß er an ganz außer¬
189 2544 773 2618 die ihn stets frisch erhält: einen
1802 2567 2854 2632 treuherzig erzählt, als handelte es sich um selbstverständliche
768 2590 1807 2648 ordentlichen Aufgaben seine Kraft erprobt hat? War dies
169 2603 767 2671 ähler gebt er demgemäß großen,
1799 2610 2860 2676 Dinge. Dora ist eine sehr anständige, rechtschaffene Ehe¬
769 2633 1804 2694 der Fall, so hat er uns ein wenig enttäuscht. Der ersten
177 2647 778 2716 s dem Wege. Er steht auf der
1802 2651 2860 2721 brecherin und der Abgeordnete Graf Bludinski, der seinen
769 2678 1805 2753 Novelle des Buches: „Warum starb Sionida?“ liegt ein
172 2694 786 2758 nd läßt heitere Gestalten an sich
1796 2691 2861 2787 Freund betrügt, ist zwar eine sehn vervöse, aber dabei doch
772 2708 1678 2811 Problem zu Grunde, das wir nicht recht begreisen.
186 2741 781 2797 Lebensschicksale er mit innigem
1799 2751 2858 2823 ehrliche Natur. Kurz eine sehr gemüthliche, sehr erbauliche
851 2747 1808 2826 Eine Russin erzählt dem Autor einen seltsamen Fall
186 2787 780 2862 n zuwtilen die Erfindung stockt,
1808 2800 2868 2861 Ehebruchsgeschichte. Aber ich fürchte, daß Bahr diese Ehe¬
767 2806 1813 2899 aus ihrem Leben. Sie hat in Gedanken die Ehe gebrochen,
171 2839 785 2906 er Staub von seinen Füßen
1803 2835 2855 2914 bruchsgeschichte nur deshalb so erbaulich gestaltet hat und
780 2857 1815 2930 und an dieser Gedankensünde stirht ihr Kind. Das ist pure
185 2876 786 2955 alien, nach England, nach,
1803 2886 2858 2970 so gemüthlich ausklingen läßt, weil ihm die Kraft fehlt,
230 2911 1812 2979 ist kein zielloser Wander= Mystik, von der sich ein sonst so klar blickender Poet wie
1805 2938 2870 2997 tiefer in seine Figuren einzudringen Er ergötzt uns durch
195 2951 1811 3039 tumort. Es ist der Künstler] David fernhalten sollte. Viel höher steht die zweite Ge¬
184 3036 2872 3106 er, der Poet, der seine Reise= schichte „Die Schwachen“, eine schlichte Bauerngeschichte, sein gankelndes psycholoaisches Spiel, aber das flattert
