3436 4320
427 161 633 225 Anat
288 161 747 276 4.
941 136 1315 236 box 7/3
1469 915 2108 988 ALLGEMEINE KUNST-CHRONIK.
789 925 891 1014 61.
760 1051 1788 1116 legenheit; ich kann das ganze Buch mit bestem Gewissen
1976 1047 2583 1108 Unsres Fühlens heut und gestern,
1980 1089 2524 1152 Böser Dinge hübsche Formel,
768 1095 992 1165 empfehlen.
1664 1099 1753 1149 N.
1980 1137 2518 1182 Glatte Worte, bunte Bilder,
883 1145 1790 1193 „Mutter!“ Roman von Heinz Tovote. (Berlin,
1972 1171 2551 1233 Halbes, heimliches Empfinden,
766 1185 1795 1244 F. Fontaue & Co.) Nicht der neueste Roman Tovote’s und
1971 1212 2387 1263 Agonien, Episoden
775 1247 1788 1288 auch nicht sein, bester, Geschrieben ist „Mutter“ bereits
1972 1247 2561 1308 Manche hören zu, nicht alle
1970 1291 2587 1346 Manche träumen, manche lachen,
765 1291 1797 1349 vor drei Jahren; so, liegt er zeitlich vor dem „Ljebes¬
1966 1325 2592 1384 Manche essen Eis und manche
777 1336 1786 1389 rausch“ und dem „Frühlingssturm“, in denen einige Per¬
1976 1366 2559 1431 Sprechen sehr galante Dinge
764 1388 1780 1439 sonen aus der „Mutter“ wieder aufgenommen, werden. Ein
1811 1429 2825 1479 Kritisch, hann ich mich in solche Stimmung wol versetzen,
777 1439 1779 1495 vierter Roman, „Das. Ende vom Liede“, soll diese ganze
1804 1476 2833 1534 und menschlich vermag ich sie zu begreifen, zu Zeiten
770 1485 1786 1522 Reihe Berliner Liebesromane zu Ende führen; dann will
1822 1523 2821 1580 auch zu theilen: sie ist ja so bequem, wie jedes Gehen¬
760 1530 1780 1576 Tovote zeigen, dass er auch andera. Stoffe, heherrscht. Dies
1810 1568 2824 1639 lassen und Gleiten, immer bequem ist. Aber es gibt
760 1575 1785 1643 alles erfahren wir aus dem, langen, Vorwort, mit dem Tovote,
1808 1628 2833 1689 Stunden, da man sich mit größeren Absichten und ziel-.
758 1626 1784 1671 nach seiner schlechten Gewohnheit, auch dieses Buch ein¬
1803 1664 2825 1727 bewusstem, Widerstand hinwegtäuschen möchte über die
758 1677 1779 1733 leitet. Welche Berechtigung hat,, ein, Vorwort bei einem
764 1728 1771 1775 Roman? Ungefähr die gleiche wie eine lange gedruckte
1805 1720 2833 1780 eigene Schwäche, und für diese Stunden, wüsste ich keinen
1807 1778 2817 1837 schlechteren, keinen unsympathischeren Begleiter als.
755 1769 1780 1816 Einführung bei einem Bilde. Entweder ist, es überflüssig,
1813 1818 2825 1873 Schnitzler’s „Anatol“. Und noch etwas liegt in ihm, was.
760 1813 1773 1863 oder es zeigt einen Fehler des. Buches an. Ein Kunstwerk
1805 1859 2826 1911 ihm ein größeres Publikum immer fernehalten wird: etwas
756 1863 1771 1921 braucht keine Einleitung, keine Erläuterung, keine capfatio
754 1921 1779 1986 benevolenkar; an sich muss es verstanden werden, sonst
1806 1910 2825 1976 Negatives. Es fehlt ihm jene Brutalität und Deutlichkeit,
762 1955 1783 2025 war des. Künstlers Liebesmüh verloren. Bei Tovotc's,
1811 1962 2828 2019 die ein Künstler immer nöthig hat, wenn er wirken will,
1795 2023 2823 2077 jener Hochdruck, den er seinen Gedanken und Empfindungen.
754 2012 1777 2056 Romanen sind die Vorworte auch immer zu entbehren.
1817 2067 2823 2119 verleihen muss, sobald sie sich von seiner Seele loslösen,
761 2066 1775 2115 Unsere jungen Schriftsteller lieben es, ihrem künftigen
1795 2108 2829 2160 un 1 der allein sie der Offentlichkeit begreiflich und an¬
770 2107 1770 2165 Biographen vorzuarbeiten. Und niemals noch ist der Unfug,
1811 2155 2824 2211 nehmbar macht. Die meisten Bücher, in denen feine Dinge.
762 2158 1777 2208 die unbedentendsten Mitlebenden biographisch zu. behandeln,
1812 2198 2816 2256 auf feine Art gesagt werden, sind zuerst für den Ver¬
767 2207 1784 2266 zu solcher Ausdehnung gedichen, wie geradle heute. Diese
1809 2252 2837 2315 fassen geschrieben, dann für einen beschränkten Kreis.
765 2253 1774 2306 Anmerkung wan nöthig; kürzer kann ich mich über das
1814 2298 2822 2354 bekannter oder, durch Anlage und Erfahrungen, ver¬
753 2315 1772 2365 Buch, selbst fassen. Ein, junger Mann, der eig, junges
754 2354 1782 2396 Mädchen zärtlich liebt, entdeckt, dass ihr Vater in. Wirk¬
1809 2341 2828 2409 wandter Personen und exst in dritter Linie, nach einem
1807 2403 2824 2447 langen Zwischenraum, auch für ein entfernteres Publikum.
763 2401 1778 2446 lichkeit auch sein Vater, der Geliebte seiner angebeteten
758 2438 1783 2488 Mutter ist. Die moderne Art, das kleinste Gefühl gleich
1814 2449 2834 2492 So zarte Regungen und Triebe, wie Schnitzler sie schildert,
754 2495 1761 2552 auf ein Dutzend Seiten hinaus auseinander zu zerren,
1803 2492 2829 2549 verstehen nur einzelne allein die Freunde, denen man
765 2531 1768 2601 besonders wenn dies so wahl- und ziellos geschicht wie
1812 2533 2831 2598 einen Ton ganz leise nur anzuschlagen braucht. und
753 2595 1767 2646 bei Tovote, ist nicht nur ermüdend, sondern gibt auch
1815 2588 2824 2646 sofort exwacht in ihrer Erinnerung eine gemeinsame
754 2628 1775 2687 kein rechtes Gesammtbild. Auch Tovote’s Methode, zu
1811 2634 2827 2684 Stimmung, ein gemeinsames Gefühl, alt und vergessen
761 2683 1766 2747 arbeiten, die wir aus seinem eigenen Geständnis (vgl. Ein¬
1796 2681 2834 2751 durch lange Jahre. Sie sind für Menschen, die, selbst
753 2734 1778 2782 leitung zum „Frühlingssturm“) kennzu, mag daran Mit¬
1790 2727 2817 2784 Künstler, ähnliche Empfindungen aus eigenster Erfahrung
1795 2781 2825 2842 kennen und die halben und flüchtig angedeuteten durch
763 2779 1770 2830 schuld tragen. Von allen Modernen hat es Tovote am
1804 2831 2815 2892 alle Winkelzüge und Vertuschungen einer verfeinerten
755 2835 1772 2884 schnellsten zu einer gewissen Beliebtheit gebracht. Wenn
1794 2875 2816 2927 Technik herausspüren. Diese werden in „Anatol“ manches,
756 2877 1771 2924 ich boshaft wäre, wünde ich sagen, gerade das spreche für
765 2910 1335 2981 seine geringere Künstlerschaft.
1808 2924 2813 2987 Reizvolle üinden: im Großen und Ganzen aber wird es
1551 2928 1747 2986 F. M. F.
1808 2969 2818 3034 dabei bleiben müssen: ein unsympathisches Buch. Immer¬
856 2967 1775 3041 „Anatol.“ Von Arthur Schnitzler. (Berlin,
1800 3018 2825 3075 hin aber ein Buch, stark durchflutet von einer, wenn auch
753 3029 1770 3090 Bibliographisches Bureau.) Schnitzler ist einer der be¬
1804 3062 2826 3113 nicht allzu starken, Persönlichkeit; eines von denen, die
759 3073 1769 3129 gabtesten des jungen Wien. Das wird man erkennen, wenn
1802 3114 2824 3172 man sich von der Scele schreiben muss. Ob es sich Schnitzler
759 3127 1770 3184 erst einmal sein Schauspiel „Das Märchen“ ie Berliner
1799 3174 2827 3216 aber wirklich von der Seele und nicht erst recht in sie
766 3169 1774 3229 Lessing-Theater zur Aufführung gelangt sein wird. Vor¬
1800 3209 2239 3275 hinein geschrieben hat?
2576 3205 2787 3274 F. M. F
760 3218 1767 3280 läufig bietet er uns sieben kleine Einakter, ## ziöse Plau¬
1896 3258 2822 3314 „Der verlorene Sohn.“ Berliner Sittenbild von
767 3255 1780 3342 dereien, bei denen feinsinnige, geislreiche und witzige
1827 3299 2822 3356 'aul Bliss. (Verlag von Freund & Jeckel, Berlin 1892.)
759 3317 1774 3371 Franzosel Pathen gestanden haben. Auf dieses hindeutend
1798 3358 2815 3412 Ein prächtiger Mensch, dieser Karl Meinhold, alles kann
765 3357 1776 3431 wag, wer will, die einleitenden Verse von Loris nehmen
1801 3407 2805 3464 er, Klavier spielt er, süß und leidenschaftlich zum Ver¬
764 3419 1771 3477 — das Vorwort eines Achtzehnjährigen zum Buche eines
1798 3455 2805 3502 lieben, Novellen schreibt er, dass es eine Art hat, nur
752 3445 1774 3521 Dreißigjährigen —: reizende Verse übrigens, die nur den
1800 3496 2810 3555 charakterfest kann er nicht bleiben. Hiedurch verschuldet
751 3510 1774 3579 einen Fehler haben, dass sie auch vor fünfzig andere
1801 3564 2810 3606 er den Tod seines ihm zugethanen Zöglings Willi, mit
760 3557 1771 3626 Bücher, d. h. eigentlich vor gar keines passen würden.
1793 3597 2804 3649 dessen Mutter er buhlt, und den Selbstmord der ihn hin¬
759 3588 1768 3675 Aber sie sind aus jener Stimmung hervorgegangen, von
1789 3653 2821 3700 gebungsvoll liebenden Sophie Walter, die ihm ihre Ehre
758 3654 1775 3699 der ein großer Theil unserer jungen Wiener Schriftsteller
1800 3688 2818 3751 geopfert. Seine für sie gehegte, scheinbar tiefere Neigung,
760 3702 1769 3757 sich treiben lässt, und in deren Strömung sie sich bei¬
1785 3737 2816 3786 die der Drang nach Reinheit in ihm erweckte, macht einer
750 3744 1764 3822 nahe als Steuermann fühlen. Sie bezeichnen diese Stimmung
755 3791 1113 3854 sogar ganz genau:
1792 3783 2825 3834 neuerwachenden Leidenschaft platz, die ihn dem Laster
1798 3834 2809 3889 und schließlich dem Wahnsinn entgegenführt. Bliss’ Roman,
919 3843 1411 3910 Also spielen wir Theater,
1796 3886 2813 3946 im Allgemeinen kein originelles Werk, weist bei allen
921 3889 1468 3952 Spielen unsre eignen Stücke,
923 3940 1522 3996 Frühgereift und zart und traurig,
1795 3926 2810 3976 Mängeln Einzelzüge auf, die eine ganz hervorragende Be¬
914 3967 1427 4033 Die Komödie unsrer Seele,
1780 3992 2810 4042 gabung des Verfassers verrathen. So sei hier besonders des
