3436 4320
959 172 1351 270 box 7/3
314 179 696 270 4. Anato
467 238 772 302 ertere enetere eten e
202 1185 1245 1264 Zimmer der Ermordeten schlafen, streitsüchtig geschildert.
887 1237 1846 1310 Lärm und Spektakel sind übrigens in dem Hause
201 1255 802 1313 and getrennt, deren Quartierleute,
209 1289 1840 1357 n. Diese behaupten, trotzdem sie] Odeongasse Nr. 1 sehr häufig und es vergeht keine Nacht,
806 1384 1843 1434 weisen, einen offenen Sinn für die modernen Bestrebungen
197 1394 814 1463 fläche. Daß im Gemüthe seiner
821 1434 1843 1488 auf theatralischem Gebiete. Müller war sogar einer der
204 1439 803 1502 d einfältig sie auch sein mag, ein
812 1485 1842 1536 Ersten, die in Wien für Ibsen Propaganda machten. So
205 1486 799 1559 ß, das läßt er uns nicht einmal
813 1523 1825 1576 hoch er jedoch auch den nordischen Dramatiker schätzt, s#
193 1534 807 1601 er dieses tiefe und schmerzliche Ge¬
820 1576 1832 1630 ist er gleichwohl kein unbedingter Bewunderer seiner Werke.
193 1581 803 1649 age gefördert hätte, erst dann
813 1616 1841 1675 Er sieht in Ibsen nur einen Bahnbrecher und er wagt
191 1624 803 1702 nd voll, erst dann hätte uns Bahr
815 1664 1841 1723 sogar die kühne Behauptung, daß Gerhard Hauptmann
243 1676 798 1747 er nicht nur ein geistreicher,
818 1715 1840 1767 bereits über Ibsen hinausgedrungen sei, und daß er ihn in
247 1720 805 1785 Anempfindungsfähigkeit aus¬
216 1740 259 1783 n
811 1755 1846 1805 den „Einsamen Menschen“ an Gestaltungskraft übertroffen
201 1760 809 1849 sondern auch ein Dichter ist. Diesen
813 1806 1844 1866 habe. Seltsamerweise besitzt Müller, der ja einen scharfen
205 1825 461 1888 ch erbringen.
823 1861 1838 1916 theaterpraktischen Blick hat, für die mudernen französischen
205 1841 802 1930 Hermann Bahr's ist Arthur
814 1901 1842 1956 Dramatiker gar kein Verständniß. Er preist unter den
193 1910 803 1973 nas die schillernde Beweglichkeit des
815 1943 1854 1998 Meistern der französischen Bühne nur Augier, der jetzt schon
195 1959 799 2042 ffehlt. In seinem Buche „Anatol“
816 1996 1842 2065 in Frankreich als antiquirt gilt, und er geräth in einen
219 2000 808 2073 des Bibliographischen Bureaus)
828 2044 1840 2097 heiligen Zorn beim Gedanken, das Wilbrandt als Burg¬
196 2052 814 2122 tler in sieben reizenden Einaktern
815 2074 1849 2141 theaterdirektor die Pariser Dramatiker auf der ersten Bühne
197 2099 815 2167 und als geistvollen und scharfen
825 2131 1852 2188 Deutschlands eingebürgert. Das ist eine deutschthümelnde
188 2150 802 2213 deutigen Gesellschaftsschichte kennen.
827 2184 1847 2239 Schrulle, von der den zukünftigen Direktor des Raimund¬
190 2196 814 2261 us demselben Holze geschnitzt, wie
822 2230 1852 2291 Theaters die harte Zucht der Nothwendigkeit gar bald heilen
193 2239 819 2309 aber er hat mehr Gemüth, mehr
830 2280 976 2349 dürfte.
191 2294 811 2347 gende Körperlichkeit, als der Held
906 2288 1851 2378 Von demselben Autor ist dieser Tage erst ein neues
200 2334 817 2399 Ehebruchsgeschichte. Und obendrein
826 2359 1842 2422 Buch „Im Jahrhundert Grillparzer's“ (Wien, Verlag von
194 2381 816 2444 Maivetät der Empfindung inmitten
827 2418 1534 2473 Kirchner und Schmidt 1893) erschienen.
190 2429 805 2496 tion. Durch diesen Zug gewinut
910 2434 1849 2518 In diesem Werke liefert der Verfasser durch eine ein¬
193 2472 815 2541 hie. Anatol richtet vorderhand sein
831 2505 1847 2578 gehende und an psychologischen Tiefblicken reiche Charakte¬
197 2527 810 2591 skünstlerinnen, Balletdamen und
822 2565 1846 2621 ristik der hervorragendsten österreichischen Dichtergestalten
213 2569 816 2635 da ihn der Verfasser als ver¬
822 2599 1857 2645 ein lebendiges Bild jenes literarischen Jahrhunderts in
190 2604 808 2687 fißt, so werden wir hoffentlich in
824 2657 1852 2720 Oesterreich, das mit dem 15. Jänner 1891, dem hundertsten
206 2662 818 2723 seinen externen Liebesdrang auf
831 2700 1859 2751 Geburtstage Grillparzer's, seinen Abschluß gefunden. Es ist
200 2701 813 2787 r tieferen Perspektive sich bethätigen
827 2739 1856 2797 dies eine sehr verdienstliche Arbeit, die jedoch eine viel
823 2786 1860 2844 tiefere Perspektive dadurch gewonnen hätte, wenn der Autor
192 2789 816 2861 [Guttenbrunn ist kein Jünger der
823 2831 1856 2895 nicht leichthin, sondern in eindringlicher Weise die Dichter,
191 2856 821 2915 besitzt trotzdem, wie seine „Drama¬
187 2879 1877 2981 esden, E. Pierson's Verlag 1892) be= deren Entwicklung er vorführt, mit den geistigen Strö¬
2177 1151 2788 1261 2 Betit umrO
1867 1163 2081 1252 Scnade
1848 1232 2519 1304 Riemens hing über die Brust hinab.
1929 1248 2895 1327 Am Haise waren von links nach rechts
1852 1360 2905 1451 mungen unserer Zeit in Zusammenhang gebracht und da¬
1853 1422 2207 1491 nach gedeutet hätte.
1928 1449 2898 1524 Der Privatdozent an der hiesigen Universität, Herr
1852 1506 2891 1567 Dr. Emil Reich, sonst ein friedlicher, theoretisirender
1851 1557 2896 1624 Aesthetiker, ist in seinem Buche „Die bürgerliche Kunst
1847 1602 2899 1669 und die besitzlosen Klassen" (Leipzig 1892, Verlag von
1861 1648 2894 1710 Wilhelm Friedrich) jählings als geharnischter Fürsprecher
1852 1709 2901 1760 der modernen Kunst und der Forderung: Panem et
1856 1748 2894 1807 circenses (Brot und Spiele) auf die Arena des künstleri¬
1852 1769 2895 1855 schen und politischen Parteikampfes hinausgestürmt. Er
1853 1849 2894 1904 übersieht jedoch in seinem Feuereiser, daß viele Wege in
1859 1889 2432 1959 den Tempel der Kunst führen.
1935 1912 2894 1986 Von einem Künstler zu verlangen, daß er ausschließ¬
1854 1981 2893 2038 lich soziale Stoffe behandeln soll, ist ein einseitiges, unge¬
1857 2025 2902 2083 rechtes Begehren. Seinem beredten Plaidoyer hingegen,
1856 2068 2903 2122 dafür, daß man die soziale Frage nicht blos als Magen¬
1849 2125 2900 2175 frage betrachten dürfe, sondern dem arbeitenden Proletariat
1855 2160 2896 2231 auch sein Recht auf geistigen Genuß mittelst Antheil an der
1859 2207 2906 2286 Kunst sichern müsse, Zimmen wir aus ganzem Herzin bei.
1946 2253 2904 2324 Und nun wollen wir zum Schluß noch die Arbeit
1856 2305 2897 2363 eines jungen Schriftstellers, Herrn B. Stern, her¬
1861 2357 2902 2420 vorheben, der durch zwei gediegene kulturgeschichtliche We#e
1855 2407 2900 2463 über Rußland bereits die Anerkennung fachwissenschaftlicher
1865 2444 2905 2512 Kreise errungen hat. Seine jüngste Arbeit: „Die Roma¬
1857 2488 2908 2550 now's“ (Berlin 1893, Verlag S. Cronbach), behandelt auf
1861 2547 2901 2608 Grund eines reichen Quellenmaterials intime, zumeist
1860 2591 2903 2648 erotische Episoden aus dem russischen Hofleben. Bei der
1867 2648 2906 2694 Lektüre dieses Werkes finden nicht nur der Historiker, son¬
1863 2687 2906 2747 dern auch der gewöhnliche Leser seine Rechnung. Es ist
1865 2724 2916 2798 interessant, pikant, liest sich fast wie ein Roman und wird
1861 2776 2608 2849 baber sichtrlch bald sein Publikum finden.
2396 2821 2870 2900 Morco Brociner.
