3296 4224
161 160 520 236 4. Anat
118 845 1695 944 ung #umt Saunal—
143 943 1578 1055 7 Mase## Bakmgokn beechenern-
161 1044 397 1135 N44.
1425 1068 1777 1175 2/07.
2296 1120 2726 1222 Telefor 12801.
834 1202 1032 1286 Anatol.
1951 1225 3011 1305 W. igl’s Unternehmen für Zeitungs-Ausse
603 1246 1236 1336 „Von Arthur Schnitzler.
2835 1289 3021 1354 Ausschnitt
679 1315 1184 1369 Illustrirt von M. Coschell.
581 1345 1263 1409 S. Fischer, Verlag in Berlin.
2164 1349 2817 1450 „OBSENVER
2886 1338 3011 1430 Nr.
438 1390 1464 1463 Sieben Szenen aus dem „Leben“ eines „Levemannes“
380 1430 1483 1497 sind ohne inneren Zusammenhang in diesem Buch vereint.
1816 1430 3066 1521 österr. behördl. conc. Bureau für Zeitungsberichte u. Personaluse
370 1479 1486 1544 An welche Tradition das leichtlebige Wiener Völkchen, das
390 1526 1481 1585 sich hier tummelt, zum liebsten anknüpfen möchte, verrät.
1686 1442 3056 1596 =lecvien. IX, Türkenstrasse 17.
377 1565 1485 1621 schon die Einleitung, ein Gedicht von Loris (Hugo von#
2169 1585 2844 1663 Filiale in Budapest: „Figyeló“ —
369 1612 1479 1662 Hofmannsthal), dessen Rückblick auf das Rokkoko=Zeitalter
371 1658 1491 1708 wenigstens den Vorzug der Grazie hat. In Schnitzler's
1766 1677 3120 1748 Vertretungen in Berlin, Chicago, Genf, London, Newyork, Paris, Rom, Stoch
382 1692 1496 1745 eigenen Dramolets herrscht doch eine raffinirte Frivolität
379 1720 1489 1790 vor. Meist handelt es sich ausdrücklich um Szem aus der
377 1768 1474 1816 Halbtrelt. Ein Probkem, mit welchem Schnitzker auch in
1761 1788 2326 1869 Ausschnitt aus:
376 1814 1476 1880 seinem „Paracelsus“ spielt, rollt die erste Nummer auf:
344 1874 1444 1938 „Die Frage an das Schicksal“ ist die Frage nach der Liebe
2252 1870 2963 1971 Anehner Wesesee achrichte
346 1919 952 1979 an die hypnotisirte „Geliebte“.
972 1926 1449 1976 In pikanter Zuspitzung
1784 1926 1964 2010 vom
2133 1931 2443 2043 #/44
345 1958 1461 2010 wird entwickelt, wie der Held schließlich nicht den Muth
349 1997 1459 2049 findet, die entscheidende Frage zu stellen — aus Furcht,
339 2052 1460 2092 einer Untreue auf die Spur zu kommen. — Dasselbe Mit¬
345 2079 1444 2126 glied der jennesse dorée begleitet das zweite Bild auf
346 2119 1456 2165 „Weihnachtseinkäufe“ für sein Mädchen aus der Vorstadt.
339 2163 1449 2207 Er flirtet unterwegs mit einer verheiratheten Frau aus
346 2204 1442 2247 der Gesellschaft: sie giebt ihm Blumen mit — und das
1967 2224 2613 2289 een delteltr Oragmpereg..
338 2232 1442 2294 eindeutige Geleitwort: „Diese Blumen, mein süßes Mädl,
2006 2260 2878 2338 * Anakol, die unter diesem Titel vereinigten bekannten
337 2271 1445 2326 schickt Dir eine Frau, die vielleicht ebenso lieben kann wie
1939 2273 2891 2382 sgeistreichen Junggesellen=Capriccios Arthur Schnitz¬
1282 2318 1441 2375 Anatol
344 2315 1135 2363 Du und die den Muth dazu nicht hatte.
1934 2330 2895 2419 flers: Die Frage an das Schicksal, Episode, Denksteine,
336 2353 1448 2401 gesteht auf die Frage, was er mache: „Ich mache nichts,
1955 2375 2907 2451 Abschiedssouper, Agonie und Anatols Hochzeitsmorgen
334 2396 1442 2443 wie gewöhnlich!" Er „liebt“ eben und thut weiter nichts
1952 2412 2881 2491 sind in einer neuen eleganten und vornehmen Ausgabe
345 2434 1454 2490 mehr, ganz entsprechend der Auffassung des Lebemannes
1942 2451 2893 2538 bei S. Fischer in Berlin erschienen. M. Coschell hat
345 2466 1455 2522 in den Pariser, Halbwelt=Dramen. Die Genußsucht wird
1936 2497 2888 2584 zahlreiche Vollbilder und Zeichnungen im Text beigesteuert,
333 2514 1451 2574 ausdrücklich bis zum Kultus gesteigert, andererseits doch
1948 2534 2887 2612 die, so hübsch sie an und für sich auch sind, just für den
337 2542 1444 2604 wieder mit geflissentlicher Frivolität der Wechsel im Gegen¬
1946 2569 2881 2665 Anate, doch etwas zu biedermaierisch ausgefallen sind¬
335 2576 1445 2631 stand der Liebe mit Wendungen abgethan, wie: „Es ist,
1938 2605 2798 2707 man vermißt dabei etwas von dem Gerste Rezniceks.
342 2626 1444 2696 wie wenn man irgendwo einen Regenschirm stehen läßt
342 2668 1209 2716 und sich erst viele Tage später erinnert ..
1316 2669 1445 2720 Das
345 2691 1456 2750 Schlußstück ist jedenfalls das stärkste Stück: eine letzte
332 2739 1450 2795 Liaison von „Anatol am Hochzeitsmorgen“, überdies mit
1799 2744 1891 2812 Für
1916 2738 2907 2831 50 Zeitungsausschnitte (Artikel oder Noüzen). Kr. 15.-
333 2775 1445 2826 dem schamlosen Abschiedswort: „Zu Ihnen kann man zurück¬
1898 2791 1988 2840 100
2814 2767 3040 2860 28— in
342 2828 1358 2875 kehren, jene (die junge Frau) kann man verlassen!“
1898 2830 1992 2880 200
2813 2841 2900 2884 50.
340 2851 1442 2926 Die Achtung vor der neuesten litterarischen Richtung wird
2805 2872 2953 2936 110.—
332 2898 856 2970 dieses Buch nicht erhöhen.
2790 2895 3059 2975 200.—] im
1822 2893 1997 2981 „ 1000
1307 2928 1420 3005 ff.
1883 2961 3209 3030 Im Gegensatze zu anderen Bureaux für Zeitungsausschnitte ist das
1769 2999 3220 3071 Abonnement durch keine bestimmte Zeitdauer begrenzt: — auch steht es den
1776 3056 3085 3120 Abonnenten frei die aufgegebenen Themen zu ergänzen oder zu ändern.“
1887 3127 3214 3197 Der „OBSERVER“ veranstaltet täglich einen Auszug enthaltend die
1775 3182 3213 3215 Inhaltsangabe aller wichtigen Mittheilungen der Wiener Morgen¬
1770 3216 3206 3273 blätter (Tagesjournale ausser „Neue Freie Presse“ und „Wiener Zeitung“)
1773 3256 3201 3303 wodurch eine Uebersicht über das gesammte politische und wirthschaftliche Leben
1775 3292 3211 3355 des In- und Auslandes in drastischer Kürze geboten wird. Diese Mittheilungen
1781 3339 2582 3404 werden in Wien um 9 Uhr Früh verschickt.
2067 3398 2914 3492 Prospecte gratis und franco.
