3484 4256
375 173 801 242 4. Anato
542 231 857 282 W
1028 165 1413 256 box 7/3
1849 1010 1990 1072 Kritik.
1190 1015 1306 1089 110
1942 1092 2649 1164 Schnitzler ist hier wieder der liebe, herzige
1284 1102 1713 1159 Manche hören zu, nicht alle,
1287 1145 1768 1204 Manche träumen, manche lachen,
1943 1161 2650 1204 Kerl, als welchen ich ihn in seinem treff¬
1288 1188 1786 1233 Manche essen Eis ... und manche
1944 1201 2617 1250 lichen Schauspiel „Das Märchen“ und —
1286 1223 1764 1277 Sprechen sehr galante Dinge ...
1945 1243 2563 1300 und auch sonst kennen gelernt habe.
1289 1264 1792 1316 ... Nelken wiegen sich im Winde,
1996 1288 2649 1336 Bin neugierig, ob sich unsere Theater¬
1283 1298 1690 1342 Hochgestielte, weiße Nelken,
1281 1327 1882 1381 Wie ein Schwarm von weißen Faltern ..
1930 1331 2656 1389 leiter zu diesem Einakter entschließen werden.
1278 1373 1716 1424 Und ein Bologueserhündchen
1948 1384 2669 1434 Lustig und wahr zu sein, — dazu haben
1290 1406 1752 1472 Bellt verwundert einen Pfau an.
1951 1429 2661 1491 es die deutschen Schwänkefabrikanten nie
1257 1451 1915 1533 Anatol kehrt — originell, aber auch
1944 1476 2660 1527 bringen können, und die französischen auch
1202 1511 1908 1581 etwas monoton! — in allen Seenen wieder.
1937 1526 2659 1580 nicht: letztere sind nur lustig, erstere ge¬
1196 1559 1912 1612 Natürlich ist er nur ein Pfendonym für
1949 1575 2652 1627 wöhnlich keins von beiden. Drum be¬
1209 1621 1914 1668 Arthur Schnitzler. Zumeist ist sein Freund
1940 1616 2658 1678 herrschen sie unsere Bühnen. Einmal sollte
1198 1654 1911 1714 Max bei ihm, den ich auch kenne, und
1943 1667 2650 1726 man es versuchen, nur einmal, zum kosten:
1205 1705 1917 1755 immer eine andere Dame: Cora, Gabriele,
1937 1711 2647 1773 man lasse ausländische Frivolität und in¬
1205 1750 1901 1804 Bianca, Emilie, Annie, Else, Ilona. Also,
1931 1765 2659 1816 ländische, von alten Späßen lebende Phili¬
1198 1801 1913 1862 Erlebnisse eines „Dekadenten“, Nuancen,
1948 1809 2659 1871 strosität beiseite und gönne einem Dichter
1195 1851 1907 1909 Episoden, traurig und lustig, Schnurren
1942 1857 2140 1916 das Wort!
2333 1857 2624 1915 Karl Kraus.
1202 1892 1920 1949 und Ernst. Viel Witz, viel Satire; der
1203 1936 1915 1998 Dialag sehr fein, sehr natürlich. Für den
2049 1933 2537 2011 Soziale Litteratur.
1200 1987 1908 2048 Gesamteindruck sind Loris' Worte die ent¬
1996 1992 2650 2052 Willy Pastor. Vom Kapitalis¬
1198 2034 1912 2099 schiedene Formel. „Halb und heimlich“
1940 2049 2651 2103 mus zur Einzelarbeit. Berl'. Putt¬
1196 2081 1920 2138 und ohne Aufregung, wie wenn es sich vor
1938 2094 2656 2159 kammer & Mühlbrecht. 1892. — Die
1204 2129 1910 2188 Licht und Lärm scheute, so im raschen, ich
1940 2134 2663 2199 v. Kardorffsche Doppelwährung und der
1204 2174 1906 2231 möchte sagen, Gleichgiltigkeitsstilder Dramen
1936 2191 2665 2244 Biehl=Ackermannsche Innungszwang sind
1206 2224 1912 2285 Strindbergs und, wie sich die jungen Ita¬
1941 2233 2651 2295 die stets ungeladenen Gäste jeder Reichs¬
1200 2268 1910 2324 liener ausnehmen, wenn sie das Spiel der
1932 2279 2658 2345 tagsperiode. Nach langen Debatten mit
1202 2318 1538 2377 Duse protegiert.*)
1939 2325 2659 2387 dem ewig gleichen Inhalt werden die
1258 2359 1910 2419 Mir als Nichtdekadenten hat natürlich
1935 2370 2666 2431 Eindringlinge verabschiedet. Eben stecken
1195 2415 1907 2469 das fünfte Stückchen am besten gefallen,
1936 2425 2659 2485 sie schon wieder den Kopf zur Thüre
1190 2459 1900 2517 und ich mache kein Hehl aus der auf¬
1940 2466 2667 2515 herein. Herrn v. Kardorff entschlüpfte
1194 2501 1912 2560 richtigen Freude, die ich an diesem „Ab¬
1941 2519 2665 2578 der jedenfalls originelle Gedanke, daß nur
1200 2568 1917 2618 schiedssouper“ hatte, gleich damals, als mir
1939 2568 2659 2617 das Silbergeld die Militärvorlage kom¬
1204 2618 1919 2661 es ein Freund Schnitzlers, auch so eine
1932 2613 2660 2667 pensieren könne die protestantischen und
1205 2652 1904 2707 Art Anatol oder Max oder so was, vorlas.
1937 2662 2667 2718 katholischen Reaktionäre kündigen einen
1201 2694 1913 2754 Das ist eine tolle, köstliche, prächtige Ko¬
1942 2706 2656 2760 Antzag betreffs Einführung des obliga¬
1196 2747 1919 2790 mödie, ein kleines Kabinettstück flotter
1942 2754 2658 2815 topischen Befähigungsnachweises an. Das
1206 2791 1908 2851 Realistik. Er versteht es, in so engem
1942 2797 2657 2858 Material über diese letztere Frage ist erst
1196 2844 1906 2887 Rahmen wahrhaftige Menschen zu schaffen.
1940 2859 2658 2905 kürzlich in einer fleißigen Arbeit, die aus
1194 2884 1918 2948 Realismus des Lustspiels! Für mich ist
1946 2895 2667 2960 dem Conradschen staatswissenschaftlichen
1191 2932 1915 2990 dieses „Abschiedssouper“ ein Seitenstück
1944 2948 2659 3007 Seminar in Halle hervorging, dargestellt
1192 2984 1922 3028 zur „Cavalleria rusticana“ des Giovanni
1942 2993 2660 3051 worden. Wir halten mit Hampke, dem
1196 3034 1336 3090 Verga.
1936 3038 2642 3100 Verfasser der Uniersuchung, die gezeich¬
1257 3071 1919 3138 Es ist ein echtes Bühnenstück, nur
1934 3082 2665 3149 neten Bestrebungen nicht nur nicht für
1207 3119 1917 3184 müssen auch die Darsteller, besonders die
1939 3129 2665 3195 schädlich für unsere Industrie in ihrer
1201 3173 1913 3230 Darstellerin der Annie, was können. Dann
1931 3185 2663 3237 technischen Vervollkommnung und in ihrer
1206 3223 1910 3289 ist dem Prachtlustspiel der Erfolg sicher.
1943 3227 2665 3282 Stellung auf dem Binnen= und Weltmarkte,
1936 3274 2668 3336 wir gehen sogar noch einen Schritt weiter
1268 3285 1908 3346 *) Teufel! De bin ich ja wiederum ganz in
1936 3316 2669 3384 und erklären die zünftlerische Bewegung
1208 3332 1631 3385 den Bahrstiel hinein geraten!
