3436 4256
461 141 611 218 Ana
302 150 762 269 4. M
963 129 1309 237 box 7/3
825 1218 2905 1309 erschweren die Arbeit der Polizei= trag für die Kost schuldig bleiben. Sie wird als etwas
1876 1287 2291 1350 streitsüchtig geschildert.
825 1289 1868 1344 behörde. Neben dem Zimmer der Ermordeten schlafen,
830 1327 1884 1395 nur durch eine dünne Wand getrennt, deren Quartierleute,
1962 1310 2907 1394 Lärm und Spektakel sind übrigens in dem Hause
822 1389 2907 1438 die Ebeleute Freimann. Diese behaupten, trotzdem sie Obeongasse Nr. 1 sehr häufig und es vergeht keine Nacht,
1881 1476 2905 1539 weisen, einen offenen Sinn für die modernen Bestrebungen
819 1481 1868 1542 Alles blos an der Oberfläche. Daß im Gemüthe seiner
1870 1538 2912 1580 auf theatralischem Gebiete. Müller war sogar einer der
816 1525 1865 1582 Dora, so leichtsinnig und einfältig sie auch sein mag, ein
1879 1571 2905 1625 Ersten, die in Wien für Ibsen Propaganda machten. So
822 1569 1874 1627 geheimes Weh nisten muß, das läßt er uns nicht einmal
1875 1619 2906 1666 hoch er jedoch auch den nordischen Dramatiker schätzt, so
834 1620 1868 1673 ahnen. Aber erst wenn er dieses tiefe und schmerzliche Ge¬
1882 1662 2897 1717 ist er gleichwohl kein unbedingter Bewunderer seiner Werke.
822 1669 1861 1721 heimniß ihrer Seele zu Tage gefördert hätte, erst dann
1874 1714 2905 1761 Er siebt in Ibsen nur einen Bahnbrecher und er wagt
819 1706 1865 1766 wäre die Gestalt rund und voll, erst dann hätte uns Bahr
1880 1757 2906 1809 sogar die kühne Behauptung, daß Gerhard Hauptmann
828 1760 1861 1819 lebhaft demonstrirt, daß er nicht nur ein geistreicher,
1870 1807 2906 1864 bereits über Ibsen hinausgedrungen sei, und daß er ihn in
826 1803 1868 1866 mit einer schmiegsamen Anempfindungsfähigkeit aus¬
1870 1850 2912 1897 den „Einsamen Menschen“ an Gestaltungskraft übertroffen
821 1847 1868 1909 gerüsteter Schriftsteller, sondern auch ein Dichter ist. Diesen
826 1900 1515 1961 Beweis muß er aber noch erbringen.
1877 1897 2911 1951 habe. Seltsamerweise besitzt Müller, der ja einen scharfen
1874 1946 2910 1993 theaterpraktischen Blick hat, für die modernen französischen
917 1937 1873 2001 Ein Geistesgenosse Hermann Bahr's ist Artöur
1876 1993 2915 2046 Dramatiker gar kein Verständniß. Er preist unter den
827 1980 1868 2038 Schnitzler, dem allerdings die schillernde Beweglichkeit des
1876 2035 2904 2098 Meistern der französischen Bühne nur Augier, der jetzt schon
831 2039 1861 2091 Verfassers der „Dora“ fehlt. In seinem Buche „Anatol“
1868 2076 2912 2154 in Frankreich als antiquirt gilt, und er geräth in einen
822 2085 1871 2146 (Berlin 1893, Verlag des Bibliographischen Bureaus)
822 2129 1861 2199 lernen wir Herrn Schnitzler in sieben reizenden Einaktern
1871 2131 2897 2183 heiligen Zorn beim Gedanken, das Wilbrandt als Burg¬
824 2182 1862 2239 als Stimmungsmaler und als geistvollen und scharfen
1879 2179 2902 2239 theaterdirektor die Pariser Dramatiker auf der ersten Bühne
1871 2226 2917 2280 Deutschlands eingebürgert. Das ist eine deutschthümelnde
816 2229 1870 2287 Beobachter einer unzweideutigen Gesellschaftsschichte kennen.
1881 2273 2902 2323 Schrulle, von der den zukünftigen Direktor des Raimund¬
826 2272 1875 2326 Sein Anatol ist zwar aus demselben Holze geschnitzt, wie
1873 2310 2906 2391 Theaters die harte Zucht der Nothwendigkeit gar bald heilen
815 2317 1872 2379 Bahr's Graf Bludinski, aber er hat mehr Gemüth, mehr
1870 2363 2025 2430 dürfte.
818 2369 1867 2424 Tiefe und mehr überzeugende Körperlichkeit, als der Held
1961 2386 2891 2470 Von demselben Autor ist dieser Tage erst ein neues
824 2415 1865 2465 der oben charakterisirten Ehebruchsgeschichte. Und obendrein
1879 2454 2902 2524 Buch „Im Jahrhundert Grillparzer's“ (Wien, Verlag von
830 2465 1869 2510 eine gewisse rührsame Naivetät der Empfindung inmitten
1866 2514 2579 2563 Kirchner und Schmidt 1893) erschienen.
832 2509 1871 2569 seiner sittlichen Korruption. Durch diesen Zug gewinnt
1960 2547 2900 2609 In diesem Werke liefert der Verfasser durch eine ein¬
829 2562 1870 2617 Anatol unsere Sympathie. Anatol richtet vorderhand sein
1871 2594 2897 2655 gehende und an psychologischen Tiefblicken reiche Charakte¬
822 2600 1867 2649 Augenmerk auf Zirkuskünstlerinnen, Balletdamen und
1880 2648 2898 2708 ristik der hervorragendsten österreichischen Dichtergestalten
831 2654 1867 2711 Vorstadtmädchen. Aber da ihn der Verfasser als ver¬
1879 2693 2899 2748 ein lebendiges Bild jenes literarischen Jahrhunderts in
828 2698 1864 2761 heirateten Mann entläßt, so werden wir hoffentlich in
1872 2738 2893 2798 Oesterreich, das mit dem 15. Jänner 1891, dem hunderssten
835 2744 1856 2798 einem zweiten Bande seinen externen Liebesdrang auf
1863 2788 2892 2838 Geburtstage Grillparzer's, seinen Abschluß gefunden. Es ist
822 2786 1871 2859 einer Gebiete mit einer tieferen Perspektive sich bethätigen
1868 2835 2897 2889 dies eine sehr verbienstliche Arbeit, die jedoch eine viel
831 2842 971 2912 sehen.
1868 2879 2907 2942 tiefere Perspektive dadurch gewonnen hätte, wenn der Autor
921 2857 1877 2940 Adam Müller=Guttenbrunn ist kein Jünger der
1869 2928 2903 2987 nicht leichthin, sondern in eindringlicher Weise die Dichter,
828 2926 1864 2987 „Modernen“, aber er besitzt trotzdem, wie seine „Drama¬
823 2959 2921 3047 turgischen Gänge“ (Dresden, E. Pierson's Verlag 1892) be= deren Entwicklung er vorführt, mit den geistigen Strö¬
2908 1220 3375 1305 Mörder zunachst
2910 1290 3374 1340 Schnalle war rechts vorn
2915 1331 3379 1394 Riemens hing über die B
2996 1382 3372 1433 Am Halse war
2909 1470 3386 1542 mungen unserer Zeit in 3
2913 1520 3280 1582 nach gedeutet hätte.
3002 1562 3370 1626 Der Privatdozent a
2909 1614 3373 1672 Dr. Emil Reich, son
2908 1667 3380 1726 Aesthetiker, ist in seinen
2913 1704 3377 1772 und die besitzlosen Kia
2915 1760 3382 1821 Wilhelm Friedrich) jähli
2914 1807 3370 1858 der modernen Kunst u
2909 1848 3388 1907 circenses (Brot und Spie
2903 1897 3382 1955 schen und politischen P
2912 1933 3376 2003 übersieht jedoch in seinem
2909 1990 3383 2046 den Tempel der Kunst fü
2999 2042 3380 2096 Von einem Künstler
2905 2076 3372 2140 lich soziale Stoffe behand
2906 2137 3378 2191 rechtes Begehren. Seine
2912 2170 3381 2230 dafür, daß man die sozial
2920 2226 3368 2284 frage betrachten dürfe, son
2913 2268 3385 2336 auch sein Recht auf geistig
2905 2319 3382 2383 Kunst sichern müsse, stim
3001 2364 3379 2428 Und nun wollen lo
2902 2411 3374 2478 eines jungen Schriftstell
2906 2458 3367 2512 vorheben, der durch zwei
2904 2501 3373 2566 über Rußland bereits die
2903 2550 3372 2608 Kreise errungen hat. Se
2906 2603 3372 2659 now's“ (Berlin 1893, Ver
2902 2647 3371 2709 Grund eines reichen O
2902 2696 3370 2752 erotische Episoden aus d
2899 2735 3373 2796 Lektüre dieses Werkes sin
2907 2790 3384 2846 dern auch der gewöhnlich
2904 2835 3371 2890 interessant, pikant, liest sic
2900 2882 3370 2957 daher sicherlich bald sein
