3296 4224
183 134 608 215 4. Anatol
832 135 981 217 box
455 185 554 243 u i 2
553 454 1076 546 Literarisches.
299 525 1393 587 „Anatol“. Von Arthur Schnitzler. Berlin, 1898.
388 571 856 638 Berlng von S. Bischer.
360 608 1403 682 Arthur Schnitzler, der schuell bekannt gewordene Verfas¬
292 669 1410 720 jer dek in Berlin und neuerdings auch in Wien mit Erfolg
303 706 1406 755 aufgefährten Schauspiels „Freiwild“, hat sieden Einakter
291 747 1397 788 unter dem Titel „Anatol“ zu einem Bande vereinigt. Ob¬
292 790 1395 841 gleich die Wircen jede für stet, ein völlig abgeschlossenes
301 828 1410 877 Ganzes bilden, so stehen doch alle insofeen in einem inneren
296 857 1397 918 Zusammenhange, all der Titelheld Anatol und zum Theil
298 908 1401 967 auch dessen Intimus Max in sämmtlichen Einaktern im
306 940 1409 1000 Mittelpunkt der Handlung stehen. Auch das Thema ist
298 983 1397 1031 Aberall dasselbei es handelt sich in allen Fällen um die
304 1026 1400 1077 freie Liebe zwischen beiden Geschlechtern, oder genauer um
305 1062 1400 1111 den zahen Kampf zwischen Mann und Weib auf diesem
307 1093 1382 1140 Webiet. Nicht ganz mit Unrecht haben die „Jungen“
378 1138 1397 1184 leidenschaftlicher Weise für das Weih Partei
611 1182 1398 1231 sogar dem##t, die Prostituirte mit einem
296 1168 508 1228 ergriffen,
334 1217 1402 1259 Morienschein zu umgeben, ihr oft die höchsten Seeleneiger¬
295 1269 1393 1314 schaften anzudichten und sie als bedauernswerthes unschul¬
301 1298 1398 1337 diges Opfer der vorgeblich korrumpirten Begriffe der Gesell¬
301 1339 1396 1398 schaft Aber das, idas jedem der Geschlechter auf dem Gebiele
303 1376 1397 1428 der ###be erlaubt ist, hinzustellen. Schnitzler, bekanntlich
303 1414 1395 1462 auch ein Moderner, nimmt einen eiwas anderen Standpunkt
297 1451 1392 1510 ein; er halt die Chancen beider Geschlechter ungefähr für
300 1482 1401 1554 dieselben. Allerdings hat der Mann viel vor dem Weibe
296 1536 1397 1586 voraus, vor allen Dingen ist er der Entfacher der Leiden¬
300 1577 1393 1631 schaft, der Wählende, der als solcher die Gefühle entgündel,
304 1618 1403 1656 die in jedem Weide schlummern und die in der meisten
309 1649 1399 1698 Fallen nicht zum Ausbruch kamen, wenn sie nicht vom
175 1650 309 1726 50 Zei
308 1691 1464 1761 Manne angefacht warden. Und dann desteht ein weiterer,
138 1708 239 1756 100
305 1735 1415 1789 vielleicht der größte Vorzug des Mannes darin, daß ein nach
132 1752 240 1796 200
303 1770 1450 1809 freier Wahl eingegangenes Liebesverhältniß seine gesellschaft¬ ar
295 1814 1467 1854 liche Stellung nur seiten, seine Zukunft faß in keinem Falle zu aus
111 1814 239 1889 1000
306 1855 1425 1907 erschättern vermag, wöhrend das Weib durch ein nicht lega¬
188 1877 250 1924 Im
257 1877 1424 1933 Gelifirtes Verhältnit in der Regel fast Alleb ans's Spiel setzt.
52 1900 300 1970 Abonnement
303 1931 1506 1981 Elementares Dedürfniß nach finnlicher Liede ist in beider. den
56 1956 303 2021 Abonnenten
306 1970 1401 2028 Geschlechtern vorhanden und jedes von ihnen sucht dieses
294 2012 1412 2067 Bedürfniß in der am wenigsten gefährlichen und folgenreichen
298 2050 1405 2103 Weise zu erfüllen. Was fur den Mann nur eine Episode,
291 2092 1403 2140 das ist für das Beib das Leben und daher der mit Erbitte¬
289 2122 1399 2164 rung und allen Mitteln geführte Kampf zwischen den Ge¬
296 2160 1405 2204 schlechtern. In diesem Kampfe läßt Schnitzter den Mann
301 2204 1397 2252 fast immer unterliegen, weil er außer seiner Sinnlichkeit fast
298 2242 1401 2300 gar keine anderen Waffen hat, während das Weid neben der
307 2291 1395 2335 Sianlichkeit ein ganzes Arsenal von Liß, Schlauheit und
301 2328 1398 2371 raffinirten Künsten in's Treffen führt. Schnitzler kennt in
305 2368 1410 2433 allen sieben Einaktern nur einen Typus des Mannes und des
290 2402 1396 2443 Weibes — beide Geschlechter verrathen und betrügen nur
303 2442 1393 2495 einander und von jener Liebe, die die „Alten“ als das Höchste
291 2483 1387 2537 und Größte priesen, weiß er nichts zu sagen. Das tugend¬
292 2517 1393 2579 hafte Weib scheint der Verfasser überhaupt nicht zu kennen
302 2563 1385 2602 denn die einzige erhabene Frau, die er schildert, läßt schließ¬
303 2601 1388 2644 lich einer Kokotte bei der Uebersendung eines Bonquels
298 2641 1395 2692 sagen: Diese Biumen schickt Dir eine Frau, die vielleicht
304 2685 1388 2729 ebenso lieben kann wie Du und die den Muth nicht dazu
308 2723 1393 2765 hat ... Alle Einakter sind mis viel Nachdenken und Geist
297 2757 1394 2818 niedergeschrieben, sie nehmen sich, wie Beiträge zur Lösung
304 2804 1403 2857 eines Problems aus. Der Dialog ist knapp und kurz, manche
315 2837 1396 2878 Ausdrücke haben in ihrer Tiefe und Präzision den Charakter
296 2875 1397 2931 scharf umrissener Sentenzen. Ob sie auf der Bühne durch¬
304 2922 1391 2976 schlagen werden, möchte ich bezweifeln, da sie trotz aller Le¬
302 2958 1397 3004 bendigkeit zu wenig äußere Handlung haben und aller
314 2997 1397 3044 Effekte entbehren. Der Schwerpunkt des Ganzen liegt oft
298 3029 1388 3100 in wenigen Sätzen und das Theaterpublikum will mehr
298 3075 1397 3138 unterhalten, als zum Denken engeregt werden. Denen aber,
297 3115 1396 3154 welche die Entwickelung der zeitgenösst'chen Literatur auf¬
296 3162 1399 3206 merksam verfolgen, möchte ich Schnitzle#'s „Anatol“ warm
297 3191 1400 3255 empfehlen, nicht nur ##s charakteristische literarische Erschei¬
297 3232 1382 3295 nung, sondern auch als die ernste Arbeit eines Denkers, die
288 3268 1415 3340 zur bewußten Stellungnahme zu mancher wichtigen Frage
1232 3316 1357 3371 . Gr.
295 3307 465 3378 anregt.
2495 1400 2714 1482 #enanfpasnieesseren
2166 1487 2523 1568 Telefon 12801.
1868 1574 2816 1663 Unternehmen für Zeitungs-Ausschnitte.
2863 1611 3093 1688 Ausschnitt
1556 1614 2629 1766 70 N „OBSERVER
2633 1674 3076 1775 Nr. 40
1606 1757 3081 1850 I. österr. behördl. concess. Bureau-für Zeitungsberichte und Personalnachrichten
1914 1833 2783 1925 Wien, IX/, Türkenstrasse 17.
1862 1915 2825 1999 Filiale in Zudupest: „Figyelö“, VIII. Josefsring 31 a.—
1608 2050 2067 2134 Ausschnitt aus:
2171 2040 2898 2150 Hamburgischer Correspondent
1599 2159 1983 2268 vom (7·78.
2201 2271 2427 2346 Anatol.
2052 2316 2535 2398 Von Artkur Schnltler.
1898 2359 2724 2417 Dritte Auflage. Berlin. S. Fischer. 1898.
1819 2406 2863 2483 Der Held in den sieben Einaktern dieses Buches ist Anatol;
1747 2441 2837 2513 in den meisten tritt auch sein Herzensfreund Max als inter¬
1735 2490 2848 2545 locuteur und Helfer in der Noth auf. Außerdem wirkt in jedem
1738 2518 2845 2591 Stück eine Dame mit. Und sie heißt Cor;, Gadriele, Bianca,
1741 2548 2845 2628 Emilie, Annie, Else, Ilona. Das läßt tief blicken. Anatol ist
1746 2590 2842 2669 ein dichterisch veranlagter, verzärtelter junger Mann, der den
1742 2638 2842 2691 seinsten Stimmungen zugänglich ist, eine Mischung von Werther
1736 2687 2842 2753 und Don Juan, aber so, daß er keine Spur von der tollen
1736 2718 2846 2789 Lebens= und Liebeslust des edlen Spaniers hat. Es ist von
1739 2753 2840 2825 einem eigenen pikanten Reiz, daß in Verhältnissen, in denen
1739 2799 2835 2863 das Sexuelle, wie man erwarten sollte, eine Hauptrolle spielt,
1729 2838 2845 2897 gerade das Gemüth= und Stimmungsvolle am meisten betont
1731 2875 2849 2946 wird. Anatol nennt sich mit Recht seinem Freunde Max
1728 2909 2831 2986 gegenüber, dem eine robuste Anschauung und eine gesunde
1729 2948 2837 3017 Heiterkeit eigen ist, einen Hypochonder der Liebe. Es wirkt
1734 2994 2831 3064 komisch, wenn Anatol von seiner Geliebten wiederholt Treue
1724 3030 2838 3091 verlangt, ja eine Treue sogar in Worten, Blicken und Gedanken.
1728 3061 2533 3123 Und sie heißt Cora, Gabriele, Bianca
2527 3077 2836 3135 Uebrigens sind
1731 3111 2833 3175 Gabriele und Else Ehefrauen — anderer. Die Ebe steht natür¬
1733 3141 2826 3214 lich in d= Anschauung dieser Herren stets im Gegensatz zur
1727 3188 2833 3257 Liebe. Sie ist allem Anscheine nach nur dazu da, um gebrochen
1714 3217 2741 3287 zu werden. Oder vielleicht doch zu Repräsentationszwecken.
1801 3269 2830 3332 Es ist ein kleines — wir möchten wünschen, sehr kleines
1785 3293 2826 3358 Stück Welt, das uns Schnitzler zeigt. Aber in der Dar¬
1721 3338 2820 3415 stellung dieses Genres vornehmer Liebelei ist er Meister. Reich
1713 3365 2821 3448 an Grazie und keckem Humor sind diese kleinen Dialoge, und
1707 3419 2831 3483 manch feine Bemerkung erfreut den Leser. Hier eine solche:
1714 3443 2341 3515 „Das Weib ist ein Räthsel; — so
2339 3460 2821 3526 sagt man. Was für ein
1725 3501 2808 3563 Räthsel wären wir oft für das Weib, wenn es vernünftig
1714 3538 2813 3605 genug wäre, über uns nachzudenken“. Die Schnigler'schen Stücke
1606 3563 1714 3617 Fer
1717 3575 2814 3643 sind kleinen eleganten Nippes zu vergleichen; es ist Meißener
2821 3598 3004 3656 inclusive
1722 3609 2791 3695 Porzellen. Den Liebhabern solcher Sächelchen wird das Büchlein
2839 3647 2983 3684 Porto.
1716 3639 2019 3708 Freude bereiten.
2820 3673 2995 3712 Zahlbar
2667 3671 2756 3731 Sp.
2820 3695 3016 3761 in Vora
1614 3704 1787 3790 „ 1000
2627 3715 2823 3786 „ 100.—
1727 3769 3053 3832 Im Gegensatze zu anderen Bureaux für Zeitungsausschnitte ist das
1604 3800 2641 3864 Abonnement durch keine bestimmte Zeitdauer begrenzt:
2638 3813 3050 3880 — auch sieht es den
1599 3858 2950 3912 Abo nenten frei die aufgegebenel. Themen zu erganzen oder zu ändern.
