3296 4224
283 156 543 225 Anato
130 154 591 269 4. 1
786 142 1174 226 box 7/3
1534 978 1666 1048 Kritik.
867 979 993 1051 110
969 1074 1393 1133 Manche hören zu, nicht alle,
1621 1065 2324 1132 Schnitzler ist hier wieder der liebe, herzige
965 1117 1451 1176 Manche träumen, manche lachen,
1611 1133 2330 1187 Kerl, als welchen ich ihn in seinem treff¬
964 1157 1466 1207 Manche essen Eis ... und manche
1620 1178 2307 1235 lichen Schauspiel „Das Märchen“ und —
966 1195 1442 1245 Sprechen sehr galante Dinge ...
1621 1223 2247 1282 und auch sonst kennen gelernt habe.
976 1234 1464 1283 .. . Nelken wiegen sich im Winde,
964 1268 1367 1319 Hochgestielte, weiße Nelken,
1665 1264 2334 1325 Bin neugierig, ob sich unsere Theater¬
969 1304 1544 1359 Wie ein Schwarm von weißen Faltern ..
1611 1322 2341 1371 leiter zu diesem Einakter entschließen werden.
962 1343 1382 1401 Und ein Bologueserhündchen
1624 1363 2335 1407 Lustig und wahr zu sein, — dazu haben
958 1378 1432 1439 Bellt verwundert einen Pfau an.
1611 1405 2335 1470 es die deutschen Schwänkefabrikanten nie
934 1424 1583 1502 Anatol kehrt — originell, aber auch
1614 1446 2337 1508 bringen können, und die französischen auch
871 1485 1595 1546 etwas monoton! — in allen Seenen wieder.
1611 1508 2336 1562 nicht: letztere sind nur lustig, erstere ge¬
876 1531 1595 1586 Natürlich ist er nur ein Pfeudonym für
1608 1542 2342 1596 wöhnlich keins von beiden. Drum be¬
875 1583 1583 1640 Arthur Schnitzler. Zumeist ist sein Freund
1606 1596 2332 1650 herrschen sie unsere Bühnen. Einmal sollte
877 1625 1591 1683 Max bei ihm, den ich auch kenne, und
1619 1652 2338 1701 man es versuchen, nur einmal, zum kosten:
866 1673 1584 1723 immer eine andere Dame: Cora, Gabriele,
1602 1691 2338 1747 man lasse ausländische Frivolität und in¬
881 1718 1591 1771 Bianca, Emilie, Annie, Else, Ilona. Also,
1613 1741 2395 1789 ländische, von alten Späßen lebende Phili=
876 1767 1593 1812 Erlebnisse eines „Dekadenten“, Nuancen,
1609 1776 2320 1837 strosität beiseite und gönne einem Tich#
871 1818 1591 1876 Episoden, traurig und lustig, Schnurren
1608 1828 1817 1896 das Wort!
2016 1830 2300 1897 Karl Kraus.
864 1902 1586 1962 Dialag sehr fein, sehr natürlich. Für den
1725 1909 2218 1982 Soziale Litteratur.
875 1955 1585 2014 Gesamteindruck sind Loris' Worte die ent¬
1660 1964 2318 2024 Willy Pastor. Vom Kapitalis¬
868 2002 1578 2067 schiedene Formel. „Halb und heimlich“
1611 2022 2334 2069 mus zur Einzelarbeit. Berlin. Putt¬
875 2057 1583 2100 und ohne Aufregung, wie wenn es sich vor
1609 2072 2345 2129 kammer & Mühlbrecht. 1892. Die
875 2103 1577 2163 Licht und Lärm scheute, so im raschen, ich
1601 2119 2199 2184 v. Kardorffsche Doppelwährung
2230 2116 2333 2174 der
872 2145 1583 2198 möchte sagen, Gleichgiltigkeitsstilder Dramen
1603 2162 2327 2224 Biehl=Ackermannsche Innungs und
865 2193 1581 2251 Strindbergs und, wie sich die jungen Ita¬
2211 2212 2340 2283 53.
1607 2209 2175 2267 die stets ungeladenen Gäste jed¬
873 2236 1578 2294 liener ausnehmen, wenn sie das Spiel der
1605 2253 2353 2314 tagsperiode. Nach langen Teoclichen.
872 2281 1210 2343 Duse protegiert.*)
1608 2301 2323 2360 dem ewig gleichen Inhalt werden die
937 2334 1588 2389 Mir als Nichtdekadenten hat natürlich
1609 2348 2326 2399 Eindringlinge verabschiedet. Eben stecken
863 2380 1581 2437 das fünfte Stückchen am besten gefallen,
1614 2395 2325 2442 sie schon wieder den Kopf zur Thüre
872 2434 1582 2479 und ich mache kein Hehl aus der auf¬
1609 2436 2336 2498 herein. Herrn v. Kardorff entschlüpfte
866 2466 1576 2530 richtigen Freude, die ich an diesem „Ab¬
1605 2494 2334 2538 der jedenfalls originelle Gedanke, daß nur
869 2529 1577 2578 schiedssouper“ hatte, gleich damals, als mir
1605 2532 2308 2595 das Silbergeld die Militärvorlage kom¬
874 2565 1577 2616 es ein Freund Schnitzlers, auch so eine
1604 2574 2332 2644 pensieren könne, die protestantischen und
876 2622 1578 2674 Art Anatol oder Max oder so was, vorlas.
1602 2636 2332 2671 katholischen Reaktionäre kündigen einen
866 2665 1577 2715 Das ist eine tolle, köstliche, prächtige Ko¬
1606 2682 2326 2730 Antrag betreffs Einführung des obliga¬
873 2711 1579 2765 mödie, ein kleines Kabinettstück flotter
1610 2718 2333 2770 torischen Befähigungsnachweises an. Das
877 2756 1591 2816 Realistik. Er versteht es, in so engem
1603 2765 2334 2829 Material über diese letztere Frage ist erst
875 2808 1572 2862 Rahmen wahrhaftige Menschen zu schaffen.
1610 2816 2326 2877 kürzlich in einer fleißigen Arbeit, die aus
875 2860 1589 2911 Realismus des Lustspiels! Für mich ist
1609 2866 2335 2913 dem Conradschen staatswissenschaftlichen
875 2902 1579 2960 dieses „Abschiedssouper“ ein Seitenstück
1607 2902 2325 2974 Seminar in Halle hervorging, dargestellt
873 2940 1581 3002 zur „Cavalleria rusticana“ des Giovanni
1606 2954 2319 3029 worden. Wir halten mit Hampke, dem
871 2995 1010 3044 Verga.
1606 3005 2312 3064 Verfasser der Untersuchung, die gezeich¬
922 3037 1575 3094 Es ist ein echtes Bühnenstück, nur
1605 3055 2329 3111 neten Bestrebungen nicht nur nicht für
872 3076 1577 3143 müssen auch die Darsteller, besonders die
1616 3103 2319 3161 schädlich für unsere Industrie in ihrer
873 3134 1583 3198 Darstellerin der Annie, was können. Dann
1598 3141 2332 3205 technischen Vervollkommnung und in ihrer
866 3176 1574 3245 ist dem Prachtlustspiel der Erfolg sicher.
1601 3206 2334 3252 Stellung auf dem Binnen= und Weltmarkte,
1608 3236 2332 3302 wir gehen sogar noch einen Schritt weiter
947 3251 1579 3311 *) Teufel! Da hin ich ja wiederum ganz in
854 3294 1292 3354 den Bahrstiel hinein geraten!
1608 3289 2337 3343 und erklären die zünftlerische Bewegung
