3484 4256
336 135 670 223 4. Ana
993 126 1371 245 box 7/3
505 158 829 252 Anddo
1677 1323 3417 1402 —. ., 2. Foderation) berechner; danach steht heute dessen Velganon an der Berathc
624 1343 3393 1436 gegenwärtige Cabinet heraus, die Oppositionsblätter der Lohn auf 140 pCt., eine 25perc. Lohnreduction würde. Die sechs Provinzen, in
627 1406 3396 1507 eben so viele Gründe zum Tadel. Indessen hat das bedeutet also im Verhältnisse zum heutigen Lohne nur Antillen=Insel getheilt ist, hatten
630 1465 3392 1524 Cabinet Giolitti jenes Budget unverändert von seinen eine 18percentige. Vom Juli 1888 bis zum August municipale Vertretung, eine Art
1686 1579 3422 1654 mit den deutschen Nachtretern in den Fußstapfen der seinem Schaden, der Band anhebt
883 1568 1417 1713 Feuilleton.
1678 1637 2725 1699 anmuthigen Gyp. Nicht nur daß sich, um bei dem
2724 1637 3421 1707 die schwächste. Es ist die einzige,
482 1566 792 1792 J1.4
1685 1685 3422 1756 Bilde zu verbleiben, die Spuren des leichten, schmalen, gebrauchten Chablonenfiguren keinerl
1680 1732 3434 1805 kleinen Schuhes der Französin zu jenen plump=derber regen vermag, und uninteressant im
1678 1776 3421 1844 Männerstiefel ausweiten, schlimmer noch, was dort pörend in der Pointe, das ist doch
960 1769 1387 1875 Literatur.
1689 1833 3405 1903 aus allzu leichtgeschürztem Uebermuthe hervorquillt, Autor hat das hingeworfene Wort
630 1825 1687 1918 „Bunte Reihe.“ Ein Geschichtenbuch von Moritz Gold¬
1690 1874 3423 1957 macht sich hier als berechnende Absicht fühlbar, und feierlich nehmen“ zum Motto seine
625 1905 1662 1973 schmidt. Frankfurt a. M. 1893, Gebrüder Knauer. —
1679 1925 2733 1981 wirkt das Merkbarwerden einer Absicht allezeit ver¬
2717 1940 3410 2021 und meint es, nach Art der
635 1955 1682 2036 „Anatol“ von Arthur Schnitzler. Berlin 1893, biblio¬
1679 1981 3412 2052 stimmend, so muß jene der Frivolität geradezu als sie ein Mal in Frivolität
974 2006 1359 2087 graphisches Bureau.
1687 2035 3430 2099 verletzend empfunden werden. Zwei Bücher, die uns äußerste Spitze treiben zu müssen.
669 2054 1678 2142 Die Mißachtung der Gemeinplätze ist ein arger
1691 2082 2738 2147 vorliegen, ein Geschichtenbuch „Bunte Reihe" von
2724 2093 3421 2161 schon angedeutet, bei den Franzo
622 2116 1683 2194 Irrthum, denn nur Wahrworte von unanfechtbarer
1698 2132 2727 2195 Moritz Goldschmidt und „Anatol“, ein Cyklus
2727 2146 3413 2211 ment des Temperamentes kundg
628 2183 1685 2252 Prägung, die ihrerzeit einmal eine überraschende Offen¬
1688 2182 2721 2267 dramatischer Scenen von Arthur Schnitzler, erhärten
2717 2191 3417 2263 ihnen zur effectersonnenen, sorgsa
621 2227 1685 2288 barung der Weisheit gewesen, werden zu solchem Ge¬
1683 2230 1985 2299 dies neuerlich.
2716 2232 3419 2300 Marschroute, auf der sie ihre galli
621 2277 1688 2338 meingut. Derart dauerhafte Wahrheiten — denn von
1724 2253 2722 2353 Der weit geistvollere und relativ natürlicher produ¬
2712 2292 3426 2357 übertrumpfen suchen, und das Resul
631 2328 1685 2393 manchen gilt ja der Ausspruch, den Ibsen seinem
1688 2339 2728 2395 cirende der beiden Autoren ist Moritz Geldschmidt.
2721 2339 3421 2400 Plumpheit an Stelle sprudelnden U
621 2376 1699 2452 „Volksseind“ in den Mund legt: „Eine Wahrheit ist
1683 2381 2726 2461 Eine starke Ader gesunden Humors, der häufig und
2716 2394 3399 2449 in „Der Asra“ ist Goldschmidt
617 2433 1688 2496 allemal nur dreißig Jahre lang eine solche“ — ver¬
1678 2436 2718 2503 nicht immer ungezwungen in die Ironie hinüberspielt,
2721 2445 3424 2515 nahegekommen. Allein spielt er auch
611 2479 1679 2543 dienen im Gegentheile alle Hochachtung, und eben ihre
1680 2486 2726 2547 Kenntniß vornehmlich jener Welt, in der man sich
2720 2494 3431 2564 dieser einen, der Frivolitätssaite, so
622 2525 1686 2595 Abgedroschenheit ist ihr bestes Ehrenzeugniß. Zu diesen
1678 2547 2721 2602 nicht langweilt, geschickte Situations=Gestaltung, eine
2718 2539 3422 2608 licher Weise nicht seine einzige, und
620 2586 1677 2650 höchst ehrenwerthen Gemeinplätzen zählt auch der Satz:
1677 2576 2724 2655 hochgradige Versatilität des Styles, die sich stets dem
2715 2597 3426 2666 dem Bande auch ein paar harmlos
621 2629 1679 2699 „Wenn Zwei dasselbe thun, ist es ein gar Verschieden¬
1684 2634 2717 2707 Geschilderten anpaßt und die Eigenart jeder Persönlich¬
2723 2637 3420 2716 die anmuthend berühren. Eine präch
626 2678 2726 2770 artiges.“ Wie sehr bekräftigt dies wieder die Nachfolge, keit auch in ihrer Sprechweise scharf ausprägt, das
2726 2693 3426 2767 „Der Giorgione“ eine kaum minder
625 2728 1696 2780 die Gyp in der deutschen Literatur findet! Was dieses
1677 2734 2727 2796 sind Vorzüge, die namentlich für einen Schriftsteller,
2725 2727 3429 2814 in welcher der Held mit ursprüng
620 2781 1691 2846 Enkelkind Mirabeau's kühnlich an überpikanter Frivolität
1679 2785 2726 2859 der vor Allem darauf ausgeht, amüsant zu sein, höchst
2712 2801 3426 2876 zeichnet ist. Die werthvollste Num
622 2829 1686 2893 leistet, giebt sich, wie anfechtbar es auch vom ethischen
1676 2834 2722 2904 wekthvoll sind, die aber bei ernsterer Verwerthung
3112 2847 3424 2925 „Der Glaube
2717 2843 3116 2916 Reihe“ ist wohl
621 2880 1678 2958 Standpunkte aus bleibt, mit einer so natürlichen
1669 2881 2723 2958 wohl noch besser zur Geltung kommen würden. Im
2723 2884 3067 2968 Vorwurf und
3050 2883 3352 2968 psychologisch
622 2927 1680 2998 Verve, geistsprühenden Laune und feinen Ironisirung,
1680 2951 2720 3010 allzu Grellen dieser „Bunten Reihe“ werden sie im Ver¬
2712 2943 3363 3012 hübsches Bild verdirbt sich
628 2981 1686 3049 daß sein Reiz auf jen. Gesellschaft, aus der es hervor¬
1675 2993 2722 3051 blüffungsdienste geradezu entwerthet. Die widerliche
2713 2997 3427 3055 Manierirtheit der Darstellung, wic
619 3027 3426 3126 gegangen, immerhin begreiflich ist. Anders aber ist es Erzählung „Der Romanschluß“, mit der, sehr zu Caprice“. Was sollen häufig e
