3484 4320
309 175 721 263 4. Anato
459 213 782 294 Mindeel
959 162 1331 269 box 7/3
3200 1184 3401 1256 e vorne u
2906 1179 3102 1255 Scnade
1841 1190 2286 1276 streitsüchtig geschildert.
791 1186 1838 1283 behörde. Neben dem Zimmer der Ermordeten schlafen,
2883 1244 3404 1312 Riemens hing über die Bru##
1920 1250 2880 1310 Lärm und Spektakel sind übrigens in dem Hause
791 1267 1842 1320 nur durch eine dünne Wand getrennt, deren Quartierleute,
2970 1286 3402 1343 Am Halse waren
795 1305 2879 1377 die Ebeleute Freimann. Diese behaupten, trotzdem sie Odeongasse Nr. 1 sehr häufig und es vergeht keine Nacht,
2889 1386 3404 1453 mungen unserer Zeit in Zusch
1842 1388 2873 1444 weisen, einen offenen Sinn für die modernen Bestrebungen
792 1399 1841 1451 Alles blos an der Oberfläche. Daß im Gemüthe seiner
2888 1429 3260 1497 nach gedeutet hätte.
1842 1441 2880 1508 auf theatralischem Gebiete. Müller war sogar einer der
797 1454 1840 1511 Dora, so leichtsinnig und einfältig sie auch sein mag, ein
2958 1471 3387 1541 Der Privatdozent an
1848 1490 2873 1543 Ersten, die in Wien für Ibsen Propaganda machten. Se,
804 1499 1847 1569 geheimes Weh nisten muß, das läßt er uns nicht einmal
2877 1513 3384 1589 Dr. Emil Reich, sonst
1852 1536 2880 1585 hoch er jedoch auch den nordischen Dramatiker schätzt, so
804 1544 1848 1606 ahnen. Aber erst wenn er dieses tiefe und schmerzliche Ge¬
2881 1568 3388 1637 Aesthetiker, ist in seinem
1841 1578 2879 1640 ist er gleichwohl kein unbedingter Bewunderer seiner Werke.
792 1590 1836 1658 heimniß ihrer Seele zu Tage gefördert hätte, erst dann
2882 1616 3406 1684 und die besitzlosen Klassen
1847 1627 2885 1690 Er sieht in Ibsen nur einen Bahnbrei#er und er wagt
797 1638 1846 1701 wäre die Gestalt rund und voll, erst dann hätte uns Bahr
2883 1664 3401 1732 Wilhelm Friedrich) jählings
1842 1670 2876 1729 sogar die kühne Behauptung, daß Gerhard Hauptmann
798 1682 1847 1743 lebhaft demonstrirt, daß er nicht nur ein geistreicher,
2885 1710 3403 1782 der modernen Kunst und
1851 1722 2883 1779 bereits über Ibsen hinausgedrungen sei, und daß er ihn in
790 1730 1834 1787 mit einer schmiegsamen Anempfindungsfähigkeit aus¬
2883 1754 3409 1820 circenses (Brot und Spiele)
1848 1770 2879 1831 den „Einsamen Menschen“ an Gestaitungskraft übretroffen
792 1769 1842 1840 gerüsteter Schriftsteller, sondern auch ein Dichter ist. Diesen
2881 1798 3430 1867 schen und politischen Part##
1843 1810 2881 1868 habe. Seltsamerweise besitzt Müller, der ja einen scharfen
806 1833 1488 1894 Beweis muß er aber noch erbringen.
1846 1859 3392 1913 theaterpraktischen Blick hat, für die modernen französtschen] Obersieht jedoch in seinem F.
889 1870 1846 1948 Ein Geistesgenosse Hermann Bahr's ist Arthur
2888 1892 3404 1963 ben Tempel der Kunst führe
1856 1905 2881 1962 Dramatiker gar kein Verständniß. Er preist unter den
797 1919 1838 1969 Schnitzler, dem allerdings die schillernde Beweglichkeit des
2970 1942 3399 2007 Von einem Künstler zu
1853 1959 2886 2012 Meistern der französischen Bühne nur Augier, der jetzt schon
803 1966 1842 2028 Verfassers der „Dora“ fehlt. In seinem Buche „Anatol“
2887 1988 3410 2047 lich soziale Stoffe behandel
1852 2008 2880 2061 in Frankreich als antiquirt gilt, und er geräth in einen
798 2011 1839 2071 (Berlin 1893, Verlag des Bibliographischen Bureaus)
2885 2039 3388 2100 rechtes Begehren. Seinem
1852 2043 2882 2106 heiligen Zorn beim Gedanken, das Wiibrandt als Burg¬
811 2059 1847 2125 lernen wir Herrn Schnitzler in sieben reizenden Einaktern
2884 2081 3387 2147 dafür, daß man die soziale
1852 2092 2883 2146 theaterdirektor die Pariser Dramatiker auf der ersten Bühne
798 2112 1841 2165 als Stimmungsmaler und als geistvollen und scharfen
2886 2135 3404 2192 frage betrachten dürfe, sonde
1847 2144 2883 2196 Deutschlands eingebürgert. Das ist eine deutschthümelnde
798 2146 1852 2209 Beobachter einer unzweidentigen Gesellschaftssebichte kennen.
2885 2179 3403 2241 auch sein Recht auf geistigen
1854 2189 2882 2244 Schrulle, von der den zukünftigen Direktor des Raimund¬
797 2201 1844 2261 Sein Anatol ist zwar aus demselben Holze geschnitzt, wie
2891 2231 3399 2295 Kunst sichern müsse, stimme
1860 2237 2885 2301 Theaters die harte Zucht der Nothwendigkeit gar bald heilen
805 2254 1849 2304 Bahr's Graf Bludinski, aber er hat mehr Gemüth, mehr
2975 2275 3391 2334 Und nun wollen wir
800 2302 1849 2360 Tiefe und mehr überzeugende Körperlichkeit, als der Held
2898 2313 3403 2382 eines jungen Schriftsteller
1940 2302 2887 2388 Von demselben Autor ist dieser Tage erst ein neues
812 2340 1837 2416 der oben charakterisirten Ehebruchsgeschichte. Und obendrei
2890 2367 3395 2430 vorheben, der Durch zwei ge
1849 2368 2880 2424 Buch „Im Jahrhundert Grillparzer's“ (Wien, Verlag von
800 2385 1850 2461 eine gewisse rührsame Naivetät der Empfindung inmitten
2879 2403 3399 2486 über Rußland bereits die A#
1860 2414 2555 2494 Kirchner und Schmidt 1893) erschienen.
811 2434 1842 2500 seiner sittlichen Korruption. Durch diesen Zug gelomut
2885 2460 3405 2513 Kreise errungen hat. Sein#
1935 2440 2887 2531 In diesem Werke liefert der Verfasser durch eine ein¬
814 2475 1850 2553 Anatol unsere Sympathie. Anatol richtet vorderhand sein.
2894 2507 3399 2562 now's“ (Berlin 1893, Verla
1851 2514 2881 2580 gehende und an psychologischen Tiefblicken reiche Charakte¬
809 2527 1853 2589 Augenmerk auf Zirkuskünstlerinnen, Balletdamen und
2894 2558 3396 2624 Grund eines reichen Qu
1853 2564 2881 2617 ristik der hervorragendsten österreichischen Dichtergestalten
819 2575 1853 2640 Vorstadtmädchen. Aber da ihn der Verfasser als ver¬
2888 2590 3401 2663 erotische Episoden aus den
1855 2607 2883 2661 ein lebendiges Bild jenes literarischen Jahrhunderts in
817 2617 1853 2681 heirateten Mann entläßt, so werden wir hoffentlich in
2891 2645 3401 2720 Lektüre dieses Werkes finde
1860 2651 2873 2717 Oesterreich, das mit dem 15. Jänner 1891, dem hundertsten
820 2667 1853 2736 einem zweiten Bande seinen externen Liebesbrang auf
2887 2696 3403 2747 dern auch der gewöhnliche
1857 2699 2885 2763 Geburtstage Grillparzer's, seinen Abschluß gefunden. Es ist
810 2705 1852 2785 einem Gebiete mit einer tieferen Perspektive sich bethätigen
2883 2742 3398 2800 intereisant, pikant, liest sich
1858 2750 2886 2810 dies eine sehr verdienstliche Arbeit, die jedoch eine viel
807 2775 959 2840 sehen.
2890 2789 3406 2867 baher sicherlich bald sein Vu#
1863 2786 2886 2857 tiefere Perspektive dadurch gewonnen hätte, wenn der Autor
906 2783 1853 2866 Adam Müller=Guttenbrunn ist kein Jünger der
1866 2841 2886 2903 nicht leichthin, sondern in eindringlicher Weise die Dichter,
821 2862 1852 2917 „Modernen“, aber er besitzt trotzdem, wie seine „Drama¬
804 2877 2911 2980 kuraischen Gänge“ (Dresden, E. Pierson's Verlag 1892) be= deren Entwicklung er vorführt, mit den geistigen Strö¬
