3296 4224
134 141 604 247 4. Anatol
441 197 513 258 □
366 521 623 703 20
800 139 1195 235 box 7/3
751 453 1062 691 4
1660 644 1871 737 — 56
636 743 2981 852 besten geistreichsten dramatischen Szeuen des französischen Thea= seinem Humor eingegebene Genrebilder, gegen die nur geistige
638 810 1100 879 ters aufnehmen können.
1801 817 2976 883 Beschränktheit oder krankhafte Prüderie etwas einwenden könnte.
722 842 1793 915 Geistesverwandt mit „Anatol“ ist ein im Verlag von
1803 870 2974 934 Ueberhaupt — wo ein Autor uns so über den Gegenstand in
620 898 1803 950 S. Fischer in Berlin erschienenes Bändchen Novellen von
1799 903 2976 993 freie Höhe heht, daß wir lachen müssen, da ist die in erotischen
615 937 1787 1009 Hermnn Bahr, welches nach der ersten Novelle den Titel:
1806 957 2627 1033 Motiven liegende Gefahr schon überwunden.
621 975 1795 1045 Dora irägt. Auch auf dieses kleine Buch möchten wir den
620 1036 1800 1078 oben zilierten Ausspruch Fontanes angewenbet wissen. Ueber
1875 1017 2965 1106 Vom Jura zum Schwarzwald. Geschichte, Sage,
620 1071 1788 1130 den Verfasser, dessen Laufbahn wir immer im Auge behalten,
1793 1061 2976 1155 Land und Leute. Herausgegeben unter Mitwirkung einer An¬
614 1116 1788 1178 da sein allererstes Auftreten mit im Dialog außerordentlich
1799 1120 2974 1180 zahl Schriftsteller und Volksfreunde von F. A. Stocker,
623 1161 1795 1230 kraftvollen dramatischen Versuchen uns sein Talent bewie:,
1797 1172 2969 1236 Redaktor der „Basler Nachrichten“. (Aarau, H. R. Sauer¬
618 1206 1798 1262 können wir mit Befriedigung mitteilen, daß er, nachdem er
1798 1210 2292 1283 länder, 1892.) 9. Band.
629 1253 1797 1300 eine zeitlang völlig unterzugehen schien in wahren Orgien
1884 1247 2972 1333 Der verdiente Herausgeber ist leider im vorigen Jahr
619 1295 1784 1353 hysterischer Dekadenzbelletristik über die übelriechendsten Stoffe,
1807 1296 2970 1373 aus dem Kreise der Lebenden geschieben; seine Zeitschrift, welche
624 1334 1796 1404 sich auf einmal zu maßvolleren, künstlerisch wertvollen Leistungen
1798 1356 2976 1419 hoffentlich einen tüchtigen Fortsetzer finden wird, vermag jedoch
626 1376 1786 1447 emporgearbeitet hat. Vor allem spricht für die Stärke seines
1808 1395 2965 1459 sein Andenken bei uns lange in Ehren zu erhalten. Die vor¬
618 1415 1816 1496 Talentes auch sein enormer Fleiß. Hermann Bahr ist seit!
1805 1437 2976 1504 liegenden drei Hefte enthalten: vom Herausgeber die interessante
627 1472 1799 1535 kurzer Zeit Mitredakteur der Wiener „Deutschen Zeitung" und
1794 1474 2983 1542 Lebensbeschreibung des Bildhauers Ferd. Schlöth mit Portrait
621 1498 1787 1570 als solcher hat er in dieses Blatt eine geistige Regsamkeit ge¬
1803 1528 2963 1593 und die nicht minder lesenswerte des Malers Heinrich Jener
619 1561 1796 1610 bracht, die nach der litterarisch=belletristischen Seite den Wert
1801 1572 2972 1641 mit dem Bilde „die Vorstädter Kirchweih von 1499 zu Solo¬
622 1599 1784 1667 dieser Zeitung um 100 Prozent erhöht. Wunderbar ist auch
1802 1612 2965 1678 thurn“, an Erzählungen: „zweite Heirat“ von Ad. Ribane,
627 1643 1799 1720 sein Anpassungsvermögen an das jeweilige Element, in dem er
1798 1658 2976 1722 übersetzt von Elise Ebersold (ist eigentlich nur die Skizze eines
638 1694 1797 1760 sich bewegt. Sein Pariser= und sein Berlinertum hat er wie
1810 1704 2975 1766 Romans) und „Kloster Olsberg“, kulturhistorische Bilder (aus
623 1731 1797 1809 Schlangenhäute abgestreift und stellt bereits den eingefleischten
1798 1733 2979 1806 der Alemannenzeit) von K. Biedermann, ferner: „das Volks¬
620 1783 1794 1844 Wiener vor. Die drei Novellen in diesem Büchlein sind echte
1806 1788 2969 1872 schulwesen in den Jurakantonen am Ende des 18. Jahrhunderts,“
625 1830 1799 1891 Wienergeschichten, ganz durchtränkt von dem leichtlebigen Sinn
1802 1841 2976 1917 von Walther Gimmi, Pfarrer in Schönengrund, „Natur und
621 1858 1786 1927 der lustigen Stadt an der schönen blauen Donau. Im Ver¬
1788 1885 2968 1943 Volksleben im Schwarzwald“ von Karl Kollbach (aus dessen
618 1915 1783 1970 gleich zu ihnen sind die neueren Berliner Romane und Novellen
1805 1922 2973 1973 „rheinischem Wanderbuch"), „Vereinigung von Groß= und Klein¬
626 1956 1786 2011 wirklich langweilig und pedantisch, so daß man den Uebermut
1800 1971 2966 2037 basel“ aus einem Vortrage von Prof. Dr. Andreas Heusler
617 2001 1780 2064 Hermann Bahrs, der in der Novelle „Dora“ gegenüber dem
1793 2019 2976 2090 (aus demselben sei das Fremdwort „entamirt“ hier einem
615 2045 1784 2115 Berliner Schriftsteller Heinz Tovote, Johannes Schlaf und
1803 2060 2972 2112 größern Leserkreise zur Kenntnis gebracht), „ein Spaziergang
619 2085 1785 2163 Arno Holz hervorbricht, für nicht unberechtigt erachten muß.
1796 2096 2980 2177 nach Bellelay“ von Jos. Schilliger in Pruntrut, „über Alter
616 2136 1779 2210 Auch wird die kleine Bosheit den Genannten gegenüber in
1799 2152 2971 2227 und Art der Haus= und Tiernamen“ von Dr. E. L. Rochholz
619 2183 1779 2249 einem lustigen Scherz verübt. Ein polnischer Kavalier hat mit
1789 2185 2157 2259 u. s. w. u. s. w.
2826 2200 2913 2259 G.
617 2235 1789 2288 der von ihm geliebten F.au eines oft in Geschäften abwesenden
617 2275 1794 2338 Wiener Stadtbahningenieurs in verschiedenen kleinen Städten
1869 2269 2976 2348 Unsere jungen Mädchen und ihre Aufgaben in
625 2315 1796 2376 in der Nähe Wiens unerlaubte Stelldicheins. Wo nun das
1788 2319 2977 2372 der Gegenwart. Ein Buch für Eltern und Töchter. Her¬
622 2354 1782 2415 Pärchen absteigt, da trägt der Verführer in die Fremdenliste
1795 2365 2967 2426 ausgegeben von A. Klapp (Verfasserin von „der erste Preis“
608 2391 1783 2473 jeweilen den Namen eines der genannten Berliner Schriftsteller
1802 2400 2974 2484 „Nelly“ 2c.). (Berlin, L. Oehmigke, 1892.) 144 S. Mk. 1. 60.
620 2449 1800 2502 ein: „Johannes Schlaf mit Gemahlin" u. s. w. So reist¬
1875 2455 2982 2510 Aehbrich wie in dem Bachtein Zwas soll der Junge wer¬
609 2487 1783 2559 das Paar immer „unter einem von diesen gern berühmten
1792 2492 2966 2548 den?“ werden hier die einzelnen Berufe besprochen, welche das
604 2525 801 2598 Namen.“
1798 2540 2964 2604 Mädchen ergreifen kann; dies geschieht vom Standpunkt der
710 2553 1789 2641 Eines natürlich wird viele Leser von „Dora“ verletzen,
1801 2586 2964 2648 Frauenemanzipation aus, aber mit Maß und Einsicht. Die
607 2609 1778 2680 die vom Verfasser vorausgesetzte Selbstverständlichkeit dissoluten
1796 2631 2971 2701 einzelnen Erörterungen sind um so bemerkenswerter, da sie von
605 2663 1791 2712 Ehelebens. Aber hier hat man nicht ihn verantwortlich zu
1796 2674 2976 2715 verschiedenen Verfasserinnen stammen z. B. „Ein Kapitel über
617 2700 1780 2758 machen, sondern die Gesellschaft, wie sie ist. Wir sint doch
1791 2714 2974 2778 Gesundheitslehre“ von Dr. med. Anna Kuhnow, „Die Lehrerin
610 2758 1778 2808 auch nicht so thöricht, Juvenal zu tadeln, sondern halten sogar
1792 2762 2967 2833 von Helene Höhnk", „Die Gärtnerei“ von Marie Millien,
614 2794 1777 2860 seine schonungslose Schilderung der Korruption der römischen
1790 2804 2973 2885 „Photographie und Glasmalerei“ von Hildegard Lange 2c. G.
613 2836 1773 2894 Gesellschaft für etwas wertvolles. Sollten wir nun so philister¬
606 2881 1772 2936 zöpfisch sein, was wir dem antiken Dichter hoch anrechnen dem
1869 2905 2971 2981 Zu unserer Rezension über „Das blaue Buch“ von
617 2931 1791 2986 modernen Sittenschilderer zum Vorwurf zu machen? Gewiß
1798 2955 2960 3020 Adalbert Meinhart und zwar speziell zu der darin ent¬
623 2983 1777 3035 nicht. Nur lesen wir Juvenal nicht mit den Gymnasiasten und
1784 2998 2961 3073 haltenenen Erzählung: „Die Prinzessin von Portugal“ geht uns
607 3020 1782 3076 ebenso werden wir es mit Hermann Bahrs Schriften halten
1793 3043 2964 3107 von geschätzter Seite die Mitteilung zu, daß diese Geschichte
617 3054 1783 3122 müssen. Sie sind auf großstädtische und auf erwachsene Leser
1777 3090 2954 3146 des historischen Hintergrundes keineswegs ganz enthehre, indem
609 3111 1775 3174 von Lebenserfahrung berechnet, auf Leser, die frei und vernünf¬
1796 3136 2950 3198 eine Chronik in der Thal einen Grafen Albrecht von Werden¬
606 3152 1768 3213 tig genug sind, um auch den Humor der Sünde zu verstehen,
1790 3181 2959 3264 berg erwähne, der aus einem Kreuzzug eine fremde Frau nach
619 3192 1778 3263 alle die komischen Verdrießlichkeiten, in die ein unerlaubtes Verhält¬
1789 3215 2262 3286 Werdenberg heimbrachte.
623 3242 1783 3300 nis die Leute stürzt. So ist es z. B. von wahrhaft Molié¬
1872 3247 2962 3334 Was sodann die burgerliche Benutzung der sogenannten
615 3270 1783 3337 rescher Komik, wenn der polnische Kavalier, den der betrogene Ehe¬
1795 3313 2958 3363 „gemeinen Matten“ betrifft, die in der mit T. gezeichneten
622 3327 1774 3388 mann zu seinem intimen Freund erkoren hat und hiedurch
1788 3354 2954 3422 Rezension der Rechtsgeschichtlichen Abhandlungen von Wyß er¬
612 3372 1778 3435 schrecklich langweilt, vor sich hin philosophiert: „Es kommt viel
1795 3401 2967 3462 wähnt ist, so bemurkt uns derselbe kundige Leser unseres
615 3419 1772 3473 weniger darauf an, die richtige Frau zu finden, die einem
1780 3441 2955 3511 Blattes, daß dieser Brauch nicht wohl ein „Kuriosum“ dürfe
613 3459 1776 3502 paßt, als vielmehr die Frau des richtigen Mannes, der einem
1791 3486 2959 3565 genannt werden, da er eine allgemein bekannte Sache und be¬
612 3500 1772 3552 paßt. Von der schönsten, besten und nächsten Frau hat man
1786 3535 2616 3608 sonders in der Ostschweiz sehr verbreitet sei.
613 3546 1770 3595 nichts, wenn man mit der Weise des Mannes nicht stimmt.“
617 3584 1777 3645 Daß die Unmoral moralische Reflexionen anstellt oder doch
617 3639 1777 3697 wenigstens ihre Ruchlosigkeit zu einem System von Lebensregeln
2001 3620 2738 3706 Berichtigung des Verfassers.
619 3681 1776 3747 erheben möchte, das wirkt durch den innern Kontrast drollig
1854 3697 2944 3763 In voriger immer (6) des Sonntagsblattes ist Seite 44,
616 3729 1782 3790 und dabei bleibt doch immer dem sittlichen Bewußtsein des
1786 3722 2955 3801 5. Zeile von unten Titel und Verfasser des Buches „Der
616 3767 1775 3840 Lesers die Schadenfreude an den Wirrsalen und Verlegenheiten
1791 3781 2960 3844 schlimme Alchymist“ durch ein Versehen falsch angegeben worden.
619 3811 1776 3858 eines solchen gewissenlosen Lebenskünstlers unverkürzt. Auch die
1787 3827 2947 3868 Es muß heißen: Der schlimme 2c. . .. Capuc. wegen seiner drey¬
605 3863 1768 3920 beiben kleineren Novellen desselben Bandes: „Die Schneiderin“
1789 3868 2949 3944 fachen Capell schriftmäßig erforschet. Von Claudio Scho¬
601 3898 2233 3985 und „Jeanette“, besonders das letztere Novellettchen, sind von I binger, Zürich, 1699.
1363 3966 2245 4048 Druck und Verlag von Jent & Co. in Bern.
