3436 4256
956 113 1328 202 box 7/3
445 124 732 190 Anatol
295 130 763 238 4. 1
547 731 1406 794 Sieben Einakter, welche im Grunde genommen
549 803 1404 844 alle dasselbe behandeln: die sexuelle Verkom¬
546 825 1411 878 menheit der Gegenwart. Keine Handlung, keine
552 874 1399 910 Charaktere von ausgesprochener Eigenart, son¬
544 915 1403 961 dern laute gleiche, glatte, von dem modernen
539 947 1416 984 Gesellschaftsfirnis übertünchte Typen: dafür aber
545 991 1407 1028 ein geistsprüllender natürlicher und packender
547 1025 1407 1082 Dialog. Ich möchte diese Dichtungen am liebsten
548 1061 1377 1109 dramatische Feuilletons nennen. Schnitzler —
544 1111 1420 1155 Anatol ist ein Kranker; aber weil er ein Dichter
547 1145 1398 1195 ist. hat er vor den anderen Kranken die Selbst¬
546 1185 1411 1234 erkenntnis voraus. Mit einem eynischen Wohl¬
547 1224 1410 1278 behagen legt er die eiternden Wunden blos
550 1267 1404 1316 und lächelt dazu. Die „Moralischen“ werden
541 1304 1411 1347 sich über das Buch öffentlich entrüsten, aber
543 1344 1410 1383 heimlich werden sie es mit einer krankhaften
550 1379 1404 1425 Gier lesen. Anatol ist ein Verfallsprodukt, das
536 1419 1407 1463 Sterbelied einer abgelebten, dahinziechenden
547 1462 1413 1512 Generation. Was sell uns eine solche P’oesie?
534 1490 1413 1538 Die Kranken heilt sie nicht, sondern intiziert
541 1540 1405 1595 nur die Gesunden. Merkt’'s doch endlich, ihr
540 1579 1422 1622 Propheten der Zukunft, dass im Sturmeswehen
546 1619 1414 1658 ein neuer Frühling anbricht und werft die wel¬
531 1650 1407 1711 kenden Rosen beiseite, deren Duft Gift ist.
538 1703 1417 1749 Damit soll uatürlich gegen Schnitzler kein Tadel
538 1742 1410 1778 ausgesprochen werden. Der Kritiker hat nur
540 1772 1403 1826 zu untersuchen, ob in einem Dichter eine Indi¬
550 1814 1401 1859 vidualität steckt; und das ist hier gewiss der
539 1859 1414 1913 Fall. Freilich wird diese Individualität vielen
545 1890 1410 1944 nicht zusagen; aber wir alle, die wir wie
541 1936 1410 1982 Thomas unsere Hände in die Wundmale der
537 1978 1403 2029 Menschheit gelegt haben, drücken dem Autor
966 2015 1417 2070 Die Lektüre hat mich
534 2005 966 2066 dankbar die Hand.
547 2053 1413 2107 in ein nervöses Wohlbehagen eingelullt; ich
538 2096 1414 2143 muss hinaus und die frische, gesunde Luft
546 2133 1400 2189 einsangen, welche von den schneestarrenden
553 2169 1384 2214 Gebirgshäuptern der Sudeten herniederwelt. —
568 2212 1405 2265 Braunseifen Mähren Josef Schmid-Braunfels.
533 2263 1405 2319 Bergfeuer. Evangelische Erzählungen von M. G.
663 2319 1419 2381 Conrad. München. Dr. E. Albert & Co.,
669 2357 880 2414 München.
627 2393 1412 2461 M. G. Conrad, der unermüdliche Vorkämpfer
542 2438 1424 2494 für Wahrheit und Klarheit. hat sich in diesem
540 2486 1418 2537 seinem letzten Werke eine hochbedentsame Auf¬
546 2534 1408 2585 gabe gestellt, nämlich im Gewande der Trich¬
544 2566 1421 2619 tung die Lehre des grossen Galiläers frei von
538 2607 1418 2662 allen Schlacken und allem Ubersinnlichen der
535 2645 1422 2701 modlernen Meuschheit wieder nahe zu bringen
541 2685 1404 2732 und den unvergänglichen Kern auch für die
552 2725 1418 2775 zu retten und geniessbar zu machen, die durch
544 2769 1417 2822 den umhüllenden mystischen und dogmatischen
549 2803 1414 2857 Formelkram der Botschaft des Evangeliums
548 2846 1406 2894 längst entfremdet sind. Und Conrad tritt an
548 2883 1424 2938 dliese schöne Aufgabe nicht nur mit heiligem
540 2922 1417 2966 liebendem Eifer, sondern auch als echter Dichter
554 2957 1421 3001 heran. Er verstcht es, die packendsten Momente
548 3001 1415 3044 herauszugreiten und da, wo seine Quellen nur
545 3037 1420 3095 Türftige Andeutunges geben, dennoch mit kühner
540 3075 1422 3129 Phantasie und jener markigen und reichen Sprache,
556 3123 1419 3171 die alle seine Werke auszeichnet. ergleifende
551 3159 1420 3211 warm lebendige Bilder im Alfresco-Stil eines
555 3200 1413 3254 Michel Angelo uns zu entwerfen. Das zeigt
555 3245 1428 3291 sich vor allem in der „Am Brunnen“ betitelten
555 3286 1415 3326 Erzählung, die uns Jesus und die Samariterin
546 3318 1442 3372 vorführt. Die eigenen Worte des Galiläers
1402 727 1554 800 aber
1432 788 1551 849 gan
1430 833 1556 879 verl
1433 872 1551 930 hoffe
1459 918 1548 961 Br
1432 983 1562 1046 „Dar
1450 1184 1537 1258 .5
1442 1247 1542 1313 Mnd
1462 1305 1537 1346 ril
1457 1397 1500 1462 v0
1439 1452 1530 1511 Lan
1444 1808 1531 1869 Hne
1441 1859 1534 1910 due
1444 1975 1528 2018 Pr.
1719 1810 1936 1897 Kagan
1729 1895 1886 1969 12 18,
1724 1959 1907 2040 6-Mae
2050 1761 3157 1835 Arthur Schnitzler gehört gleichfalls in die allererste Reihe
1980 1811 3163 1875 der hoffnungsvollen Jungösterreicher. „Anatol" (Berlin. Biblio¬
1986 1875 3168 1925 graphisches Bureau) legitimirt ihn: sieben einaktige Studien des
1991 1909 3143 1966 Fin-de-Siecle-Menschen, des aus Paris in die Atmosphäre des
1991 1952 3177 2025 Wienertums importirten.?Es sind echte und rechte Komödien, flott
1979 2006 3164 2067 voll Leben und geistreicher Einfälle, mit Menschen, die in kurzen,
1985 2048 3165 2111 knappen Strichen lebendig gezeichnet sind und wie Menschen sprechen:
1989 2101 3150 2153 Décadence, mit gesunder, frischer Realistik dargestellt. Wie prächtig
1984 2147 3162 2216 ist doch dieses „Abschiedssouper“ wie müßte das, natürlich von guten
1973 2192 3160 2251 Schauspielern gegeben, auf dem Theater wirken.D Das ist so das
1976 2245 3155 2307 Genre „Berliner Residenztheater“, wo die Strindberg gedeihen, wo
1984 2288 3160 2357 es freilich auch Menschendarsteller, wie Rittner und Vertens, giebt.
1976 2328 3153 2391 Schade, daß man Schnitzlers „Märchen“ ein in der seinen
1984 2384 3151 2440 Psychologik überaus interessantes Drama, das einige große Bühnen
1968 2435 3163 2491 längst zur Aufführung angenommen haben, noch immer nicht zu sehen
1967 2477 2168 2527 bekommt.
