3344 4224
459 174 906 246 Exzentrik
251 180 921 297 13 Mn  aa
1031 136 1452 264 bos 2/2
2231 306 2303 371 M
1740 359 2635 424 Doktor“ über die schlechten Tischsitten seiner Zuchtbs
1742 390 2719 459 lerin in spontaner Wut sich empört. Easetzt über seieen
1748 431 2704 499 Rückfall und moralischen Lapsus sucht er Trost und
1739 466 2721 550 Verzeihung bei dem „Erwecker“, muß aber zu seiner Ner¬
1745 507 2713 577 blüffung hören, daß er auf Grund dieser „echten“, mensch¬
1736 554 2737 622 lich=ent prechenden Aufwallung immerhin noch Aussicht
1732 596 2713 645 habe, nach Aussöhnung mit seinem Herrn Vater ein an¬
1732 622 2736 715 ständiger Korvskommandant zu werden. Mit dieser
1728 663 2466 726 tröstlich=untröstlichen Aussicht wird dann der
1730 705 2426 761 allein gelassen. — Man siehte Bahr wil
1733 741 2104 796 Dekadence verspotten
2141 750 2403 803 ie sich aus Schn
1735 784 2021 834 scher Laune reuig
2214 786 2395 841 atorisch geb
1734 820 1993 872 ihr wahres We
2229 831 2382 882 zu könner
1738 854 1978 912 (nach Wiener
2237 871 2383 922 es sisch
2679 855 2742 934 4
1742 892 1953 959 stür handel
1834 942 1946 988 ie das
2549 953 2708 1017 burlesk
1845 979 1950 1030 rell an
2386 987 2721 1061 e Farce statt einer
1868 1017 1979 1068 treffer
2395 1030 2480 1084 tritt.
2371 1045 2707 1118 ener Gast Artur
1873 1095 2007 1157 aeeggemue-9
2212 1104 2296 1150 zent
2585 1100 2736 1156 stige,
1851 1143 2474 1191 recht wohlfeile und für Schnitzler
1852 1176 2314 1229 teristische Geschichte von der
862 1171 2305 1272 Die Münckzer Dramatische Gesellschaft ####hoher einer Variété=Größe, der di
2345 1141 2487 1270 uiste.
818 1233 2266 1296 Instaltete gestern im großen Saale der Vier Jahreszeiten lichen Sternen des Ronacher=Pr
2309 1258 2495 1311 ramme inn
807 1266 2479 1346 Ihren ersten diesjährigen Vortragsabend. Humon##mörlichst weichen muß. Das zahlreiche
815 1308 2525 1389 Bahr begrüßte die ihm schon von früheren Besuchm ## denkee dafür mit stärkerem Beifall als für die er
811 1346 1151 1407 wohlgewogenen Mür
1276 1362 2661 1436 s Rezitator, in seinen ein## ##es Abends, wiewohl diese ohne Frage die intetessantere
802 1389 1884 1445 kümlichen Vortragsweise, einer Mischung aus 1###g## Har.
2662 1415 2712 1493 —
795 1433 1787 1509 Wiener Behäglichleit und schausvielerischen Rout##
794 1468 1751 1542 trug zunächst seinen noch unveröffentlichten Gin##ere
800 1509 1754 1566 „Der Klub der Erlöser“ vor. Ein junger Perig.
806 1543 894 1593 Spre
1025 1555 1749 1616 egierenden Hauses, das sich schwer ae dur
796 1572 854 1626 M
1019 1597 1754 1647 ersündigt hat, ist unter dem Eindruck #e
1045 1633 1746 1699 lageliteratur, namentlich aber auch der ##
1049 1670 1747 1728 ialen Karikaturisten dermaßen „in seh ge¬
1059 1709 1757 1783 er in dekadenter Zerknirschung beicht ###
770 1738 843 1793 di
1064 1748 1748 1810 radition feierlich abzuwerfen und als g###
772 1775 870 1826 will
1052 1786 1747 1848 für alle Schuld der Vergangenheit dimih
761 1818 875 1868 eine
1058 1824 1738 1888 at der Demut sich und die Welt zu ersttg
765 1852 891 1904 Er
1056 1863 1748 1927 von seiner Familie los und zieht aich
761 1890 926 1942 auf ei
1025 1905 1749 1965 nsel im Meere zurück, um dert auf
784 1940 1726 1996 phantastischem Schlosse als schlichter „Herr Dostor“
791 1972 1744 2047 sich mit einer Zuchttäuslerin, die er einst als Dirne mit
784 2020 1739 2090 entwürdigen half, trauen zu lassen: ein weltgeschichtlicher
814 2051 1061 2102 kt, zu bessen
1943 2037 2088 2106 Sne Perine ereen
1261 2062 1747 2121 ehung er mehrere vormteile¬
772 2082 1036 2143 freie Mitgliede
1886 2093 2758 2142 de Verfasser geschildert werden. Auch dieses neu
1245 2105 1744 2157 en Hauses verschiedene Jour¬
779 2125 1043 2181 Inalistin, vor al
1894 2139 2851 2195 rebutt des seichten Wiener Kaffechausliteran nuns
1266 2128 1740 2195 karikaturisten einlädt, in dem
782 2166 1039 2218 er seinen seelisch
1862 2180 2451 2240 fand ein dankbares Publikum.
1270 2181 1742 2234 rehrt und jetzt seinen auer¬
789 2208 1058 2257 kennenden „Rich
1281 2224 1743 2277 Aber seine Hofinungen
1890 2202 2749 2276 R. IV [Berliner Premieren.] Wie und unser
783 2244 1098 2304 scheitern; der Karik
1253 2254 1735 2312 i dem dekadenten Renegaten,
1850 2240 2822 2321 liner K. W.=Korrespondent telegraphiert, wurde vort
782 2284 1737 2355 der seine ganze Kraft aus Leiefrüchten sog, lediglich
1854 2293 2855 2369 im Trianonthater am Donnerstag das dreiainge
776 2314 1726 2398 massipste Verachtung: und bei der Hochzeitsvorfeier — die
1856 2344 2725 2401 Lustspiel: et letzte Kronbabour
777 2359 1722 2430 mit weihevoller Wagnermusik inszeniert und auch durch
1863 2366 2835 2443 Gresac u. Veber mit einem sarten Helterteitserfalg
748 2397 1731 2477 plönliches Auftauchen eines Devpeloängers des Koisers
1855 2417 2764 2482 zum ersten Male aufgeführt. Der ###lheldst
746 2433 1730 2523 der Sahara“ verherrlicht wird — kommt es sofort zum
1859 2460 2809 2515 etwas angejährter Lebemann, der an der S
764 2487 1719 2563 brastischen Krach zwischen den „Brautleuten“, da der „Herr
1864 2500 2790 2555 mutter seines Sohnes Feuer jöng und sich ind ##
1861 2546 2731 2600 joch spangen läßt, während sein Sohl durch der
1844 2582 2706 2644 bate Mittel der Eisersucht aus einem gleichgit
1839 2625 2663 2682 seinem lieben, glühenden Gattelt sich entwicke
1840 2668 2623 2720 ####t#schen, ver einer durchungs guten
940 2706 2571 2772 IK. B. [Die dramatische Gesenschaft) hatte für zhrenzwirtsam zur Geltung gebrachten Aperaus
934 2760 2533 2813 ihten Vortragsabend, der am 2. November vor einendernen „Vernunftehen“ hielten das
918 2800 2542 2854 nicht sehr zahlreichen Publitum im Saale der „Dier Schlusse in behaglicher Stimmung. —
915 2834 2561 2886 Jähreszeiten“ staufnd, Hermann Bahr aus Wienitheater hatte eine ammante Parodie au
923 2874 2562 2937 bémüht. Diese: Meister der Anpassung hat noch des Opernstils: „In Lebensgejahl
917 2918 2746 2983 immer nicht tufgehört, eine Maske vorzunehmen side von Jul. Freund, lebhaften Erfolg. Die reizt
1862 2963 2729 3013 Musik von Gustav Kerker ist besonders zu rühm
915 2968 1868 3031 Gestern haben wir deren gleich zwei kernen gelernt:
1954 3001 2735 3055 Albert von Köllicker 1.] Die deutsche Wi
908 3010 1870 3060 äußerlich gleicht Bahr nunmehr ganz auffallend
1869 3024 2721 3095 schaft hal einen herben Verlust erlitten. In Wür
908 3053 1867 3118 Johannes Brahms, und als Schriftsteller sucht er mit
917 3085 2724 3143 den bunten, grellen Farben Wedelinds zu malen. ist gestern im hohen Alter von 88 Jahren dir der¬
929 3122 2731 3185 Der Einakter „Der Kkab der Erlöser“, den uns Bahr Anatom und Zoologe Prof. Dr. AlberthonK
899 3160 2816 3221 gestern vorlas, behandelt mit einem reichlichen Auf=licker gestorben. Von 1847 bis 19/35, volle ds
911 3202 2848 3282 wand an groreskoromantischem Detait das Thema Jahre, war er als Ordiarius an der Alma Julia mit
1859 3231 2846 3290 reichen Erfolge tätig gewesen. Die Stalt W##zburg
915 3266 2844 3331 von dem Sprossen eines uralten Fürstenhauses, #ersperliert mit ihm einen Ehrenbürger, die We einen
921 3307 1875 3360 sich zu emanziperen und als Mensch enter Menschen
927 3337 2788 3403 zu leben versucht, Aber ein abenteuernder Karika= von deutscher Diefe. Köllickers Ruf a
1852 3361 2848 3417 thöchste Autorität in der normalen mitroslopischen And¬
925 3393 2851 3464 turist, in den der retoltierende Prinz aus Ucberekontie ist seit dem ersten Erscheinen seines „Handbuches
925 3431 2763 3480 spanntheit vergafft ist, weiß ihn gründlichst davon zuser Gewebeleh# allgemein anerkannt Aubersen
898 3462 2851 3540 überzeugen daß er niemals aus seiner Haut heraust##en wir ihm erechemachude entwialungsgeschiet¬
922 3513 1742 3559 ured Sil gurgläfer e
1866 3516 2864 3569 #iche und zoologische Unterssichungen, und narentlich
917 3558 2827 3618 auch der Kaiser der Sahara als Nebenfigur eine Möllusken und Würmer lieferte r beonerechen
913 3588 2798 3649 spaßhafte Roll= vielt, hat einen guten Dialog und #st Arbeiten Seite 1847 war er mit v. Siebeld und spä¬
908 3644 2788 3690 eine ganz hüt wenn auch etwas weitschweifigeer E. Ehlers auch leitender Redakteur der Zesticht
920 3668 1882 3736 Satixe auf alser Im Auschluß an sein Stück, das
1874 3686 2816 3730 f#ür wissenschafrliche Zoologie. Köllicker war bayer¬
921 3720 2808 3776 freundlschen Beifalt fand, las Buhr der recht wire Geheimrat mit dem Prädikat „Exzelleng“ eind Aus¬
887 3754 1871 3828 lungsvel vorantragen weiß, eine Novalle „Exrentrik“
1872 3764 2819 3816 eichnung, die in Bayern keinem anseren Unweistlätse
935 3810 2850 3871 v Arthur Schniger, in der die merkwürdigen jehrer, in zeiche unseres Wissens nur Esmarch in Kiel
888 3828 2866 3920 ner Excentritdame in der und Cuno Fischer und Vinz. Pzerny in Heidelberg, ver¬
878 3881 2133 3935 Tenen ergöhlichen, euilleto#stischeeistreichen Arti# ### wurde
