3248 4096
236 138 889 224 13. Exzentrik
426 130 1403 252 MALAn box 2/2
1141 493 1654 577 Prager Tagblatt Nr. 292.
1106 611 2101 675 begreifliche schaute mich an und sagte mit einem
1109 651 2095 715 liebenswürdigen Lächeln: „Sie je ne compte pas mal,
1108 701 2077 753 c’est la troisiôme fois.“ — „Et la dernière, je Laffu¬
1184 737 2070 797 ,sagte ich in einem Ton, den sie gewiß noch nie
1105 784 2022 831 von einem Menschen gehört. Dann wandte ich m
1113 816 2077 863 zu dem Osmond, der gemüt ich seine Zigarette
1116 859 2075 908 weiterrauchte und — na, sagen wir: sitzengeblieben
1114 895 2073 952 war, packte ihn beim Arm und sagte: „Sie sind ein
1111 930 2160 985 Lump. mein Herr, und ich werde Sie züchtigen. Nicht un
1112 967 2147 1023 velleicht, weil ich auf Weiber dieser Sorte eiser= B
1973 1012 2100 1064 ein
1114 1015 1941 1058 füchtig bin, sondern weil es mich agaziert
1116 1054 2151 1103 gutes Wort in diesem Moment, wie? —, Sie hier zu le
1109 1088 2017 1146 sinden.“ Debei erheb ich meine Hand, um ihn
1114 1116 2146 1190 Gesicht zu schlagen. In diesem Augenblick aber sah li
1123 1160 2155 1212 ich schen nichts mehr; es wurde mir im wahrsten g
1112 1199 2083 1254 Sinn des Wortes schwarz vor den Augen, denn das
1114 1227 2149 1312 Osmondsiebentek hatte mir mit einem kräftigen Jaust¬ 1
1122 1286 2089 1330 schlag den Zylinder eingetrieben, und ich vernahm
1113 1304 2144 1369 nur dieselben Worte, wie ich sie eine Stunde vor¬ ####
1114 1349 2099 1411 her auf der Bühne gehört, als er einen von den sechs
1116 1385 2151 1457 anderen eine Hacke in den Kopf geschlagen hatte, il
1203 1437 2146 1490 sche Worte in engl'schem Akzent: „Ch. mein guter 2
1193 1481 2138 1529 und, du bist mir zu lustig!“ Als es mir endlich p
1214 1518 2098 1575 ig, meinen Zy inder wieder in die Höhe zu brin¬
1139 1558 2134 1609 gen, wälzte sich Kitty, das süße Weib, in einem so
1121 1591 2092 1643 wehren Lachkrampf auf dem Boden, und der Clown
1118 1640 2103 1690 saß, als wäre nichts geschehen mit übereinander¬
1117 1669 2083 1729 geschlagenen Beinen auf der Lehne des Diwans und
1117 1690 2164 1762 rauchte die Zigarette weiter. Ich aber fühlte: setzt
1114 1739 2087 1817 ist es zu Endel Nichts mehr war in mir, keine Liebe,
1124 1780 2033 1830 keine Eifersucht. kein Gram, kein Stolz, kein Haß -
1117 1810 2137 1883 ich sagte: „Gute Necht. Kitty“, kümmerte mich nicht
1113 1860 2089 1917 um den anderen, verließ das Zimmer, hängte im Vor¬
1114 1891 2095 1948 raum meinen zertepschten Zyfinder an den Nagel,
1115 1932 2143 2005 setzte diesen schönen, neuen, schwarzen, steifen, run¬ I
1117 1975 2088 2034 den Hut auf, der dem Clown gehörte, und den nur
1121 1998 2579 2069 nech rasch hierhergeeilt, um dir den Ret zu geben, nie Bauns Aouteum 0e.
1112 2063 2017 2115 mit einer Exzentriksängerin etas anzufangen.“
2043 2036 2835 2105 schung wie Jan van Eyck und
1162 2096 2851 2143 „Mein lieber August“, sagte ich, „du bist ungerecht. Bald mit nadelspitzem Pinsel, bald
1113 2145 2838 2200 Meiner Ansicht nach hast du bei der ganzen Sache Kuhschwanz gemalt. Min könnte au
1120 2183 2826 2231 dich nur gewonnen. Ich will gar nicht von dem Hut in dem Buch ist unser lieber kleiner
1111 2216 2075 2265 sprechen, der dir glänzend steht, aber die Erfahlun¬
2064 2224 2865 2293 einen Wassertropfen verwandelt und di
1118 2255 2071 2313 gen, die du gesammelt hast. Wie kommt sonst unser¬
3023 2263 3257 2332 med hatte“
1118 2269 2718 2337 eins dezu, mit Zwergen und Riesen auf einem soMie dem Milroskop durchforscht.
3031 2319 3191 2376 men. 2
2116 2314 2602 2380 Menschlich kann man nu
1113 2328 2089 2390 vertrauten Fuß zu verkehren?“ (August schültelte ab¬
2394 2362 2575 2423 so fest zu
1120 2367 2370 2417 wehrend den Kopf.) Ich beharrte: „Und ich an deiner Ueberlegenheit,
3123 2401 3222 2455 Kran
1126 2396 2564 2468 Stelle würde nicht versäumen, auch morgen deinen Lebensweisheit wie bei
1113 2449 2221 2505 Tee bei Kitty zu nehmen. wo du gewiß die ganze hat!).
2330 2442 2418 2498 Wa
1116 2482 2569 2532 Truppe kennenlernen wirst.“ August sah mich miß= Schmetterlingsherz fast
1113 2527 2602 2579 trausch an. „Nun ja“, fuhr ich fort, „ich stelle mir aufgespießt zu haben, wie
1124 2561 2048 2615 das sehr amüsant vor. Wie die zwei Riesen mit ih
2102 2575 2620 2644 Romeo macht alles falsch
1116 2600 2649 2679 Lall gespielt hoben, so werden die Osmonds vie leicht alles. Und alles wird ihm zi
1121 2638 1563 2700 auf ihr löte blasen.“
1168 2670 2668 2727 „Du bist ein Idiot“, entgegnete August. So wenig lügt, wie ein Wettläufer reur
1121 2700 2660 2761 vertrug er es, wenn ein anderer gute Witze machte, der selige Münchhausen ein fad
1153 2752 2642 2812 Der Kellner kam. Wir zahlten und traten in einen ist. Und man muß zugeben
1116 2794 2638 2862 herrlichen Frühlingsme en hinaus, Mich freut gen zu lügen und zu prahle
1113 2844 2592 2896 nur“, sagte August, „daß der Kerl über seinen Spaß sonst „behaupten“ können
1121 2881 2581 2936 nicht mehr lange lachen wird, wenn er im Vorzimmer er liebt, wie man nur mi
1122 2918 2554 2981 statt seines neuen Hutes ...“ August schwieg plötz= Dazu betrügt er sich se
1113 2956 2547 3004 tich. Ich bemerkte, daß seine Züge erstarrten und Sein Lebensappetit ist
1112 2995 2548 3048 seine Augen riesengroß wurden. Ich folgte seinem der jeden Tag sein ei
1118 3034 2531 3103 Blick und sah, daß uns ein junger Mann entgegen= Kurz, er ist der gute 2
1116 3078 2085 3132 kam, der mit vollendeter Eleganz gekleidet war, nur
3159 3085 3247 3143 ehme
2073 3083 2546 3148 jeher. Die Welt lann
1116 3115 2077 3164 der Zylinder, den er auf dem Kopf sitzen hatte, war
2982 3126 3100 3179 n. für
2078 3131 2586 3184 Revolutionen können un
1114 3165 2078 3203 vollkommen vernichtet. August blieb stehen und ließ
3118 3128 3258 3227 bane
2079 3167 2748 3246 dieser Romeo ist ewig, n
1125 3189 2084 3258 den jungen Mann näherkommen. Dieser Astete den
3029 3209 3247 3268 vergebens.
2074 3211 2398 3289 [Jugendist.
1116 3228 1813 3278 Hut und sagte: „Good morning, Sir.“
2109 3231 3222 3303 Sonst finde ich, sind die meisten Bücher, die genug ha
1162 3253 2093 3334 „Gord morning“, sagten wir beide und nahmen
2073 3289 3257 3360 von jungen Menschen handeln, etwas langweilig es weiter.
1119 3311 2086 3371 unsere Hüte ab. die wir natür'ich gleich wieder auf¬
1114 3356 1764 3404 setzen wollten. Mir gelang es.
1791 3351 2084 3406 cht so meinem
2040 3387 2089 3437 n
1114 3392 1922 3449 Freund August. Diesem nahm der freinde 6
1119 3433 2081 3476 Hut einfach aus der Hand, setzte ihn auf und übergab
3075 3425 3259 3502 Eva Ma
2120 3421 2809 3521 olsa sisen: Anekdoten
1118 3466 2082 3520 August mit einem verbindlichen Lächeln den ver¬
1121 3506 2083 3567 nichteten Zylinder. Und sich zu mir wendend, als sei
3068 3508 3260 3597 Nach
2113 3510 2943 3601 Talleyrand wurde eines Tages von e
1124 3549 2027 3608 er ausschließlich mir eine Erklärung schuldig.
1121 3555 3035 3617 merkte er: „Ich habe nämlich gewechselt diesen Dame zur Rede gestellt, deren Häßlichkeit
3131 3583 3253 3670 We
1125 3617 3037 3671 kleinen Hut vor einer kleinen Stunde bei einer klei¬ sprichwörtlich war und für die er trotzdem eine
2080 3651 3035 3718 Schwäche gehabt hatte. „Ich höre, Herr Talley¬
1117 3655 2083 3725 nen Freundin. Good morning, Sir.“ Damit ging er.
3052 3669 3137 3733 Di
2080 3702 3039 3768 rand“, rief sie erzürnt, „daß Sie sich gerühmt
1159 3711 2076 3756 Ich würde lügen, wenn ich behauptete, jemals ein
2084 3742 3031 3795 haben, meine Gunst besessen zu haben?“ „Ge¬
1125 3740 2084 3794 dümmeres Gesicht gesehen zu haben, als das munes
2082 3766 3119 3851 rühmt?“ entgegnete lächelnd der Diplomat. Schl
1124 3785 2085 3834 Freundes August. Er war totenbleich und schien nach
3031 3807 3143 3865 groß
1128 3830 2076 3872 Worten eder wenigstens nach Luft zu schnappen. Er
2082 3832 3025 3904 „Nein, ich habe mich dazu bekannt, meine
3023 3847 3194 3907 auf dem
1131 3863 2076 3913 wartete, bis der Gentleman sich in einer anständigen
2081 3869 2305 3935 Gnädige.“
3018 3892 3206 3952 zen schle
1122 3903 2079 3950 Entfernung befand, dann sagte er mit einer Art von
3021 3938 3198 3990 neun de
1130 3941 2082 3991 finsteren Entschlessenheit: „Was soll man da tun?
1123 3971 2009 4037 Erdolchen oder eine gellende Lache aufschlagen?“
2116 3958 3203 4029 Citroen macht sich gern über sich selbst lustig.  ich unbe
2069 4003 3215 4068 In einer Bar in Deauville enzählt er einigen reine Fre
