3248 4064
202 138 842 224 13. Exzentrik
407 140 1395 252 Sn box 2/2
589 898 1440 999 Dr. Max Goldschmidt
790 975 1330 1076 . Bureau für.
743 1048 1260 1139 Zeitungsausschnitte
490 1126 1497 1189 verbunden mit direktem Nachrichtendienst durch
739 1172 1260 1248 eisene Korrespondenten.
1037 1232 1450 1310 Telephon: III, 3051.
529 1224 911 1307 Berlin N. 24.
505 1297 1513 1338 —
784 1345 1207 1432 Ausschnitt aus
708 1653 1432 1771 Deutsches Volksblat, Wien
1039 1904 1411 2008 9 2 A0K 1903
497 2017 1512 2116 *[Hermann Bahr im Bösendorfer=Saale.] Gestern
384 2073 1506 2161 abends las Hermann Bahr im Bösendorfer=Saale eigene
384 2121 1507 2222 und fremde Dichtungen vor leeren Bänken. Er sah wohl
392 2180 1514 2256 iele,„die nicht da waren“, von denen er erwartet hätte,
389 2216 1503 2291 daß sie kommen, seinen Worten zu lauschen. Eines deut¬
393 2253 1504 2320 licheren Beweises für die hohle Aufgeblasenheit dieses ver¬
413 2309 1510 2377 neintlichen Literaturpapstes bedarf es wohl nicht. Tat¬
404 2344 1499 2423 sächlich waren nur diejenigen da, die kommen mußten.
397 2381 1508 2466 Schauspieler und Schauspielerinnen, über welche Hermann
389 2417 1508 2513 Bahr sein kritisches Szepter schwingt, einige Literaturjüngels,
397 2476 1498 2568 die im Kaffeehause den Tisch des Allgewaltigen umlungern,
431 2517 1509 2614 m einige Brocken seiner Huld, die von den Schnitzlers,
459 2558 1431 2641 lzmanns, Dörmanns u. s. w. übriggelassen ###
401 2604 1490 2684 zuschnappen, und endlich die berufsmäßigen Kritiker, die
400 2652 1490 2734 ichkpflichtgemäß ärgern und langweilen mußten. Die Vor¬
390 2687 1487 2762 estng einer Humoreske von Carlweiß benützte Bahr, um
383 2748 1491 2827 vieder einmal jenes Theater anzuflegeln, dem er seine Villa
381 2794 1490 2861 K Ober=St. Veit verdankt. Man sei dort so undankbar,
378 2839 1483 2904 einen Autor (Carlweiß), durch den man Millionen ver¬
374 2877 1490 2945 diente, nicht mehr aufzuführen. Wir glauben, daß es in
382 2913 1494 2977 den Augen Hermann Bahrs ein viel größeres Verbrechen
368 2956 938 3018 dieser Bühne ist, daß sie —
941 2971 1478 3032 Hermann Bahr nicht mehr
373 3003 1492 3062 aufführt. Den Beschluß der Vortragsreihe machte eine
375 3046 1484 3123 Cochonerie von Schnitzler, einige Judenbuben gröhlten bei
368 3096 1493 3164 jeder Zote vor Wollust; einige Leute von Geschmack hatten
373 3136 1485 3211 vorher den Saal verlassen. Es ist erfreulich, daß die Be¬
363 3184 1482 3256 hörde das öffentliche Vorlesen von Schnitzlers „Reigen“,
367 3230 1483 3285 einer Reihe von unzweideutig frech geschilderten erotischen
367 3263 1474 3317 Szenen, die mit dem Schimpfworte „pikante Literatur“.
366 3310 1477 3402 noch nicht genügend gekennzeichnet sind, verbot; schade,
365 3349 1473 3420 daß es keine Zensurbehörde des guten Geschmackes gibte
369 3392 1475 3492 sie hätte den Vortragsabend überhaupt verbieten müssett.
2657 112 2968 195 10 A0N 1903
2628 176 2778 225 —
2084 193 2992 278 (Vorlesung Hermann Bahr.) Im
1983 241 2991 314 Bösendorfer-Saale las gestern Hermann Bahr
1986 301 2989 364 Einiges aus den Werken moderner Erzähler. Seine
1994 343 2985 404 glänzende Kunst des Vortrages ist oft gerühmt
1996 391 2990 440 worden. Sein kräftiges zielbewußtes Sprechen dringt
1988 434 2977 485 in alle Stimmungen, gibt Gestalten und Vorgängen
1990 468 2977 523 eine eigene Plastik und Lebendigkeit und kann durch
1993 511 2989 566 einen schönen Wechsel im Tempo und in der
1994 552 2985 610 Stimmfarbe noch dort Interesse und Spannung
2001 595 2976 646 erwirken, wo der Witz oder die Kraft des Autors
1988 651 2984 694 nachlassen. Zuerst las er eine Novelle „Wirkung
1990 681 2987 734 in die Ferne“ die bereits im Druck erschienen
1997 723 2997 770 ist, dann einige Verse aus „Der Halkyonyer"¬
1983 763 2990 819 Otto Erich Hartleben's letztem Buche, das voll
1989 811 2989 874 schöner Gedanken und spöllischen Gelächters ist.
1991 834 2996 898 Dann folgte, aus dem Manuseripte vorgetragen,
1992 891 2990 952 „Cicero und Horaz“ von Max Burckhard,
1988 929 2988 1004 eine sehr lustige Skizze aus Italien, in der ein
1984 969 2976 1019 Mann namens Cicero und ein Hund namens Horazio,
2494 1016 2980 1075 als Fremdenführer, sehr
1988 1019 2499 1075 Beide in ihrer Thätigkeit
1978 1063 2988 1111 Witzig geschildert werden. Bahr machte sich dann und
1989 1105 2985 1164 wann beim Vorlesen den Spaß, Burckhard's
2842 1138 2985 1200 dieses
2609 1143 2784 1200 copiren,
1988 1148 2092 1198 Art
2262 1146 2442 1206 sprechen
2437 1150 2577 1207 zu
2093 1147 2222 1203 zu
1987 1187 2999 1243 rasche, leicht näselnde Weghüpfen von einem
1986 1229 2983 1282 Satztheil zum andern, mit kurzen Pausen an Stelle
1995 1268 2987 1314 der Interpunctions=Zeichen. Nachher kam „Die
1987 1309 2983 1371 Packerln“ von C. Karlweis, diese weh¬
1982 1340 2990 1415 müthig humoristische Schilderung der Intimitäten
1990 1397 2989 1453 eines Ministerabschiedes. Bevor er die Skizze las,
1981 1440 2995 1496 gab Bahr in ein paar kurzen, aber sehr scharsen
2933 1473 2972 1513 *
1985 1479 2988 1535 Worten seiner Verwunderung darüber Ausdruck,
1989 1521 2992 1584 daß der Mann, der mit seinen Werken vielen
1986 1564 2989 1625 Tausenden von Wienern Genuß und Unterhallung
1989 1614 2988 1654 verschafft habe, nun, kaum zwei Jahre nach
2748 1649 2993 1715 und daß
1992 1647 2732 1710 seinem Tode, fast vergessen sei
1992 1703 2997 1753 insbesondere das Theater, daß ihm so große
1982 1732 3000 1788 künstlerische und materielle Erfolge verdanke, sich
1988 1782 2987 1830 nun weigere, seine Stücke aufzuführen. Das
1988 1820 2984 1875 Publicum klatschte zustimmend zu diesen Worten.
1987 1863 2988 1921 Den Schluß der Vorlesung machte „Excentric“
1997 1908 2988 1963 von Axthur Schnitzler, eine famose Humoreske,
1990 1944 2988 2004 die seiner Der Witz
2007 1992 2996 2038 des Vortragenden erreichte vollkommen den des
1993 2033 2999 2083 Autors, Bahr zeigte sich in hinreißendem Uebermuth
2002 2080 2996 2130 auch als ein Meister komischer Gestaltung. Nach
2008 2124 2991 2170 jedem einzelnen Theil der Vorlesung dankte ihm der
2072 2165 3009 2246 Wiche, lang andauernde Applaus des Publicums,
2220 2268 2787 2373 Wiener Fremdenblah
1792 2595 1842 2689 4
2536 2577 2930 2693 19 M0K 1005
1892 2626 3166 2753 * (Vortragsabend Hermann Bahr.) Hermann Bahr hatgestern
1774 2695 3171 2785 Abends im Bösendorfer=Saale seine längst angekündigte und — wir sagen
1775 2756 3168 2826 es nicht als Phrase — mit allgemeiner Spannung erwartete Vor¬
1765 2792 3066 2881 lesung gehalten. Mit Spannung, weil es hieß, Bahr werde Schnitz
1774 2855 3004 2930 „Reigen“ lesen, jenes Buch, welches an Gewagtheit,
3076 2819 3166 2925 A
1932 2884 3161 2978 Unverblümtheit alles bisher Dagewesene und bisher Ver¬
1762 2945 3159 3006 bötene zu unschuldigen Jugendschriften stempelt. Das Publikum be¬
1765 2987 3160 3063 stand größtentheils aus Damen. Das gibt zu denken: Sollten sie
1757 3046 3163 3121 ihre Sitze schon zum „Reigen“ genommen haben? Oder wollten sie dur“)
1768 3071 3163 3141 ihr zahlreiches Erscheinen den Sieg der Zeusur und der zarten Sitte feiern?
1765 3127 3154 3213 Die Pflicht der Höflichkeit gebietet uns, das Letztere anzunehmen. So war
1763 3174 3170 3268 denn das Programm ad usum delphinorum ein wenig geändert worden
1759 3218 3152 3300 und Bahr las von Schnitzler nur „Excentric“ eine kleine pikante und
1758 3264 3161 3354 geistvolle Humoreske aus der „Jugend“. Den Anfang und Grundstock der
1768 3324 3094 3394 ganzen Vorlesung bildete der Vortrag der „Wirkung in die Ferne“, einer Geschick
1762 3359 3144 3437 von Hermann Bahr, die, etwas gruselig und telepathisch=spiritistisch
1755 3428 3130 3494 angehaucht, ihre Wirkung auf das Publikum nicht verfehlte. Dennoch
1763 3448 3156 3522 stellte sich der wirklich intime Kontakt zwischen Vorleser und Hörerkreis¬
1754 3505 3147 3588 erst ein, als Herr Bahr auch Max Burckhard, Karlweis, Hartleben und
1766 3554 3141 3632 Schnitzler zu Worte kommen ließ. Von O. E. Hartleben gelangten einige
1755 3587 3120 3671 Fenien aus seiner demnächst erscheinenden Sammlung „Der Halkonier
1758 3646 3144 3724 zum Vortrag. Hermann Bahr war als Vorleser, wie stets, geistvoll
1756 3700 3144 3762 pointirt (stellenweise vielleicht sogar zu pojntirt), ein trefflicher Sprecher
1756 3741 3144 3808 und ausgezeichnet in der Behandlung seines sympathischen Organes. Dem
1755 3775 3132 3855 Vortrag der Karlweis'schen Skizze ließ er eine kleine Philippika gegen das
1749 3837 3134 3913 Deutsche Volkstheater vorangehen, das Karlweis schon vergessen habe und
2066 3880 2102 3912 Hy
1753 3872 3109 3973 nicht mehr aufführe. Ob wohl Herr Bahr damit wirklich nur seinen ver
1754 3923 2534 4008 #wigten Kollegen Karlweis gemeint hat?
