3248 4064
222 128 889 220 13. Exzentrik
955 110 1414 228 bos 2/2
426 175 896 238 A AR Z II II  4 A 14
1593 528 2030 608 Mdjes Leu
600 562 1523 642 mit einer Erzentriksängerin etwas anzufangen.“
1552 585 2353 653 schung wie Jan van Eyck und „
646 618 2350 689 „Mein lieber August“, sagte ich, „du bst ungerecht. Bald mit nadelspitzem Pinsel, bald
601 652 2381 729 Miner Ansicht nach hast du bei der ganzen Sache Kuhschwanz gemalt. Min könnte an
597 711 2380 773 dich nur gewonnen. Ich will gar nicht von dem Hut in dem Buch ist unser lieber kleiner E
607 737 1579 785 sprechen, der dir glänzend steht, aber die Erfahlun¬
1568 748 2389 813 einen Wassertropfen verwandelt und di
598 783 1576 839 gen, die du gesammelt hast. Wie kommt sonst unser¬
1574 798 2247 846 ##ii dem Mitroskop durchforscht.
2516 790 2864 869 meo hatte ftr##
604 817 1579 866 eins dazu, mit Zwergen und Riesen auf einem so
1605 831 3164 909 Menschlich kann man nur bewundern. Welche men. Aber sie ist, Göl#
597 857 1585 916 vortrauten Fuß zu verkehren?“ (Augusst schüttelte ab¬
609 897 3245 946 wehrend den Kopf.) Ich beharrte: „Und ich an deiner Ueberlegenheit, so fest zuzupacken. Hier ist ja zu nehmen als er. Und so verlobt
605 943 3264 985 Stelle würde nicht versäumen, auch morgen deinen Lebensweisheit wie bei einem Greis (der gelebtsim Krankenhaus mit einem ander
606 978 3252 1011 Tee bei Kitty zu nehmen, wo du gewiß die ganze hat!). Der Walter scheint mir das weibliche einzige im ganzen Buch, das um
611 1008 2528 1081 Truppe kennenlernen wirst.“ August sah mich miß= Schmetterlingsherz fast ebenso mit der Nadel
2534 1018 2690 1078 wirkt.
603 1043 2448 1108 trau#sch an. „Nun ja“, fuhr ich fort. „ich stelle mir aufgespießt zu haben, wie das männliche.
2558 1048 3264 1125 Man glaubt dagegen an Romeos
604 1077 1589 1145 das sehr amüsant vor. Wie die zwei Riesen mit ihr
1599 1096 3260 1151 Romeo macht alles falsch. Aber auch wirklich durch einen Liebesbrief, den er im
608 1132 1577 1196 Tall ge pielt haben, so werden die Osmonds vie.leicht
1558 1139 3255 1211 alles. Und alles wird ihm zur Katastrophe. Er findet. Er wird sich bekehren und sick
603 1158 1047 1227 auf ihr löte blaen.“
3059 1185 3263 1241 jedenfall
655 1197 2992 1248 „Du bist ein Idiot“, entgegnete August. So wenig lügt, wie ein Wettläufer rennt. Er prahlt, daß anständig benehmen
2525 1230 3264 1276 Tage lang. Kleinstadt oder Großstad
607 1244 2531 1293 vertrug er es, wenn ein anderer gute Witze machte. der selige Münchhausen ein fader Trottel dagegen
2527 1273 3234 1331 Dorf, es ist ja alles eins! Jeder
640 1288 2531 1341 Der Kellner kam. Wir zahlten und traten in einen ist. Und man muß zugeben er ist ja gezwun¬
2520 1313 3262 1372 sich, jeder muß mit sich allein fertig
603 1322 2534 1384 herrlichen Frühlingsmorgen hinaus. „Mich frout gen zu lügen und zu prahlen Wie sollte er sich
2533 1355 3032 1416 und niemand wird es.
605 1368 2535 1420 nur“, sagte August, „daß der Kerl über seinen Spaß sonst „behaupten“ können? Und er liebt!!! Ja,
2558 1392 3262 1460 Wenn das Buch zu Ende ist, sitzt
607 1395 2534 1457 nicht mehr lange lachen wird, wenn er im Vorzimmer er liebt, wie man nur mit siebzehn lieben kann.
2527 1444 3243 1515 lächelt mit feuchten Auger: Wie
611 1445 2531 1505 statt seines neuen Hutes ...“ August schwieg pötz= Dazn betrügt er sich selbst und alle anderen.
611 1484 2535 1558 lich. Ich bemerkte, daß seine Züge erstarrten und Sein Lebensappetit ist wie der eines Spatzen.
2521 1496 3254 1554 man dieser Jugend helfen! Aber, au
607 1523 1572 1585 seine Augen riesengroß wurden. Ich folgte seinem
1575 1524 3262 1590 der jeden Tag sein eigenes Gewicht verzehrt. kann vielleicht hie und da einem
602 1554 1577 1610 Blick und sah, daß uns ein junger Mann entgegen¬
1564 1567 3241 1637 Kurz, er ist der gute Junge von heut und von Essen geben, einen Frierenden ins
613 1606 1578 1652 kam, der mit vollendeter Eleganz gekleidet war, nur
1577 1615 3251 1674 jeher. Die Welt lann sich kugeln wie sie will, mer nehmen, den Kranken zu Bett br
607 1644 1583 1702 der Zylinder, den er auf dem Kopi sitzen hatte, war
1567 1661 3162 1711 Revoiutionen können uns alle umschmeißen, fürs Herz bleibt ja doch nur di
601 1669 1566 1742 vollkommen vernichtet. August blieb stehen und ließ
1570 1701 3264 1751 dieser Romeo ist ewig, weil er die Und dagegen kämpfen wohl selbst
608 1720 1576 1772 den jungen Mann näherkommen. Dieser lüstete den
1570 1744 1906 1821 [Jugendist.
2501 1739 3263 1809 vergebens. Wer in unseren armen
605 1754 1347 1823 Hut und sagte: „Good morning, Sir.“
1616 1792 3225 1841 Sonst finde ich, sind die meisten Bücher, die genug hat, kaufe sich dieses Buch —
649 1790 1582 1866 „Gord morning“ sagten wir boide und nahmen
1566 1818 2755 1895 von jungen Menschen handeln, etwas langweilig es weiter.
610 1830 1582 1892 unsere Hüte ab, die wir natür'ich gleich wieder auf¬
613 1875 1578 1931 setzen wollten. Mir gelang es. Nicht so meinem
614 1915 1576 1968 Freund August. Diesem nahm der fremde Herr den
615 1960 1577 2011 Hut einfach aus der Hand, setzte ihn auf und übergab
2566 1959 2850 2043 Eva Maag:
1623 1944 2308 2064 olss sigen: Anekdoten
606 1998 1587 2060 August mit einem verbindlichen Lächeln den ver¬
609 2032 1601 2096 nichteten Zylinder. Und sich zu mir wendend, als sei
1600 2043 2532 2134 Talleyrand wurde eines Tages von einer
2575 2030 3255 2141 Nacht nach dem Ba
604 2065 1582 2144 er ausschließlich mir eine Erklärung schuldig. be¬
1568 2097 2546 2156 Dame zur Rede gestellt, deren Häßlichkeit
608 2099 819 2163 merkte er
827 2112 1566 2168 „Ich habe nämsich gewechselt diesen
2621 2123 3262 2211 Weibliche Impressior
1573 2140 2539 2203 sprichwörtlich war und für die er trotzdem eine
614 2145 1576 2205 kleinen Hut vor einer kleinen Stunde bei einer klei¬
1574 2192 2535 2241 Schwäche gehabt hatte. „Ich höre, Herr Talley¬
611 2190 1576 2248 nen Freundin. Good morning, Sir.“ Demit ging er.
2551 2195 3264 2269 Die Füße brennen! Das ganze Be
1574 2224 2533 2299 rand“, rief sie erzürnt, „daß Sie sich gerühmt
637 2236 1576 2286 Ich würde lügen, wenn ich behauptete, jemals ein
2557 2256 3263 2305 — hab ich denn so viel getrunken? M
1571 2278 2523 2328 haben, meine Gunst besessen zu haben?“ „Ge¬
609 2261 1578 2334 dümmeres Gesicht gesehen zu haben, als das meines
2522 2295 3251 2371 Schuhe sind ganz schwarz getreten. D
613 2319 1575 2372 Freundes August. Er war totenbleich und schien nach
1572 2323 2521 2384 rühmt?“ entgegnete lächelnd der Diplomat.
2516 2345 3261 2401 große Blonde, Netter Kerl, aber wi
613 2356 1572 2406 Worten eder wenigstens nach Luft zu schnappen. Er
1572 2350 2514 2426 „Nein, ich habe mich dazu bekannt, meine
2520 2386 3262 2452 auf dem Ball mit ihm? Schüchterne M
604 2383 1572 2443 wartete, bis der Centleman sich in einer anständigen
1572 2401 1796 2471 Gnädige.“
2516 2426 3261 2498 zen schlecht. Eins zwei, drei ... fün
607 2423 1586 2492 Entfernung befand dann sagte er mit einer Art von
612 2463 1587 2536 finsteren Entschlessenheit: „Was soll man da tund
2510 2472 3262 2525 neun verschiedene Tänzer! Eine Stu
1590 2486 2529 2569 Citroen macht sich gern über sich selbst lustig.
604 2511 1516 2573 Erdolchen oder eine gellende Lache aufschlagen?“
2514 2514 3263 2565 ich unbedingt noch . .. Tanzen ist doe
1565 2537 2527 2613 In einer Bar in Deauville ewählt er einigen
647 2548 1586 2614 „Erdolchen“, sagte ich rasch. Ich riet es ihm nicht
2515 2559 3264 2614 reine Freude im Leben! Ich komme:
604 2586 2528 2636 aus Prutalität, sondern vielmehr aus Neugier, weil Freunden folgende Anekdote: Eines Morgens
2509 2601 3251 2656 siebzehn. Das ist ein böses Zeichen,
611 2634 1569 2690 ich noch nie jemanden erdolchen gesehen hebe. Ob
1561 2623 2526 2694 wird er von einem Unbekannten ans Telephon
2519 2630 3264 2702 „sich jung fühlt“. Ich bin so erregt, i
606 2673 1578 2738 nun August zu guterzig war, oder ob er wieder ein¬
1565 2679 3262 2734 gerufen, der darauf besteht, daß er persönlich da schlafen! Etwas Veramon wär
605 2716 1584 2778 mal keinen Dolch bei sich hatte — gewiß ist, daß er
1563 2722 2525 2781 an den Apparat kommt. „Hier Citroen, was
2514 2723 3263 2800 zu faul. Alles schwarz und weiß un
613 2759 1575 2808 meinem Rat nicht folgte, sondern nur ganz kurz und
1557 2755 2250 2820 wünschen Sie?“ fragt Citroen.
2234 2770 3249 2819 „Ich möchte kat. Hätt' mir doch noch den dvitten
607 2786 1549 2842 nicht einmal, wie er sich zuerst vorgenommen, be¬
1562 2811 3263 2877 gern wissen“, fragt der Angerufene, „ob es wahr! Kleid. . . Grüne Augen mochte ich sch
603 2832 1562 2885 senders gellend lachte. Ich betrachtete ihn mit einiger
1561 2859 3252 2928 ist, wie man erzählt, daß einmal ein Citroen= Wenn ich nur nicht das leidige Faibl
602 2876 1570 2918 Besorgnis, denn ich kenne Leute, die durch ähnliche
1572 2890 3263 2968 wagen in sieben und einer halben Minute fertig= Blasiertheit hätte! Eine Glut war
605 2905 1567 2958 Vorfälle plöpzlich toll geworden sind. August wurde
1569 2937 3250 3008 gestellt worden ist?“ Citroen wirft sich stolz in erster Tänzer auf meinem ersten B
609 2946 1568 3002 es nicht. Ein sonderbares Zucken glitt über seine
1561 2976 2526 3029 die Brust. „Ja, das stimmt durchaus“, entgeg¬
610 2982 1568 3032 Züge, a's wenn sich eine furchtbare Aufregung plötz¬
2518 2988 3253 3045 sagt: „Ich schwitze wie ein Bulle. Sie
608 3006 2522 3068 lich löste. und er sagte, eher träumerisch: „Ich werde net er. „Dann“, läßt der Unbekannte sich
2518 3032 3263 3081 Fünf Stunden hab ich zum Schlafen
613 3053 1582 3125 ihn einfech bügeln lassen.“ Ich bin fest überzeugt, er
1566 3060 3263 3131 traurig vernehmen, „dann muß es das Auto verhext, ichbin übermunter. Hätt' ic
613 3084 1030 3158 meinte den Zylinder.
1564 3101 2119 3170 sein, das ich gekauft habe.“
2511 3116 3262 3168 nicht schon um zwölf Uhr verabred
731 3136 1132 3202 (Aus dem in Verlag S.
1481 3130 1578 3200 nenen
1228 3140 1419 3204 Berlin, er
2596 3152 3246 3222 vorsichtig sein, Rudolf hat so
675 3157 1575 3248 Nachlafband „Die kleine Komödie“ von Artur
2508 3189 3260 3248 Witterung für Gefahr... Soll ich
678 3207 871 3265 Schnitzler.)
1591 3197 2523 3255 Eine kleine Schauspielerin beschwerte sich
1571 3242 3262 3308 bitterlich bei Labiche über die Knauserigkeit des lich? Weiß ja gar nicht, ob er an
1177 3241 1297 3343 Treren
1408 3251 1567 3339 Aeeer
2499 3291 3245 3351 Grüne Augen... Eine Stimme hat d
1560 3305 3264 3401 Direktors, der ihr eine lächerlich geringe Gage Ein Glück, daß er nicht weiß, wie
657 3331 1287 3421 Gertrud Hofrichter-Welzmann:
1564 3354 3200 3439 angeboten hatte, um eine Rolle, übrigens nur weichen Organ einfach erliege
1564 3396 2509 3449 eine Nebenrolle, in einem Stück des berühmten
2511 3398 3253 3468 Veramon ?... Eins, zwei, drei Cockta
1565 3417 2521 3489 Schriftstellers zu spielen. Labiche hörte sich
660 3418 1471 3498 Vor einem Bücherbord).
2512 3460 3248 3534 zwei Flips ... Wenn ich um zwölf
1558 3474 2510 3536 lächelnd ihre Klagen an. „Ich bitte Sie, ver¬
667 3486 1544 3553 Lang schweift mein Blick und findet keide Wahl:
2505 3507 3221 3559 muß, dann muß ich. .. um elf...
1559 3511 2514 3573 ehrter Meister“, rief sie mit einem Male aus.
668 3542 1525 3605 Ergründ“ ich Wissen, schweif ich in Römanen,
1557 3550 2519 3621 „bin ich nicht hundert Mark den Abend wert?“
666 3578 1513 3624 Schwürm in Gedichten, glüh ich auf 'n Dramen?
2620 3567 3264 3657 Männliche Idpression
1568 3594 2523 3673 „Gewiß doch“ meinte Labiche, „aber nach der
665 3606 1519 3675 Da wächst vom Bücherbord ein Sti####enschwall
1578 3632 1874 3710 Vorstellung!“
2546 3632 3262 3723 Die Füße brennen! Und ein Geld h
677 3667 1550 3736 Und klärt sich: „Was uns formte, Wonnen, Qual,
2495 3694 3253 3766 gegeben! Diese alberne Tanzerei
672 3706 1473 3751 Uns schuf des Lebens vielgespaltner Samen,
662 3735 1545 3802 Der fruchtend sprengt des Herzens engen Rahmen,
2514 3748 3263 3798 wahrhaftig zu alt dazu. Sechs Stu
1613 3726 2515 3798 „Die Geistesgegenwart, liebe Freunde“, sagte
665 3773 1454 3850 Verloschner Sonnen sind wir ew'ger Strahl.
2508 3788 3263 3847 ich jetzt schon schlafen können. Immer
1556 3788 2512 3854 Alphonso Allais, „ist eine der großten Tugenden
2510 3829 3262 3900 einen Mann bei sich. Die Frau k
1561 3832 2524 3893 auf dieser Welt. Eines Tages brach in einem
669 3829 1467 3897 Wir andern Toten Geists lebendges Zeugen,
672 3864 1456 3932 Ein Pfeil vom Ziel aufs Neue fortgeschnellt
1564 3869 3255 3931 überfüllten Theatersaal ein Brand aus. Vonwirklich... na, besser nicht !... Himn
677 3906 1511 3969 Und unorgrenzbar wächst dem Flug die Welt.“
1575 3914 3262 3965 Unruhe ergriffen, verließen die Leute sofort hat mir doch der Kerl zu wenig ra
1554 3959 3258 4015 ihre Sitze und drängten nach den Türen hin in Zwölf, fünfzig und fünf... und ei
671 3958 1518 4030 So tönts und aus den Büchern eeh ichs steigen
1141 4000 1313 4045 Welen we
1550 3996 3240 4066 einer erschreckenden Unordnung. Da stieg ein zwanzig... ach, ist ja wurscht jetzt.
750 4018 895 4067 W
