3296 4192
814 212 896 278 k
462 206 760 280 Exzenti
1022 204 1421 295 bos 2/2
253 206 900 327 13. A. nn
1214 1045 1581 1113 Telephon 12801.
714 1128 1412 1258 „OBSERVER
525 1247 1630 1319 I. österr. behördl. konz. Unternehmen für Zeitungs-Ausschnitte
720 1294 1455 1368 Wien, I., Concordiaplatz 4.
941 1362 1252 1429 Vertretungen
536 1390 1635 1472 in Berlin, Budapest. Chicago, Cbristiania, Genf, Kopenhagen,
541 1455 1640 1519 London, Madrid, Mailand, Minneapolis, New-York, Paris, Rom,
711 1493 1468 1552 San Francisco, Stockholm, St. Petersburg.
901 1532 1296 1596 [Kuellenang-“ ohne Gewähr.)
832 1537 1566 1713 Aeriun Zastrng, Aonehen
537 1601 937 1687 Ausschnitt aus:
916 1681 1178 1775 -A. 11 1905
543 1719 690 1768 vom:
968 1824 1432 1933 — P
757 1836 895 1937 40
684 1944 1606 2028 Theater- und Konzertanzeiger.
660 1997 1740 2060 J. Dramatische Gesellschaft. Im großen Saale des
556 2060 1719 2114 Hotel Vier Jahreszeiten veranstaltete die Münchener Dra¬
565 2094 1731 2157 matische Gesellschaft einen Vortragsabend. Hermann
567 2143 1714 2195 Bahr aus Wien, der am Samstag der hiesigen Urauffüh¬
566 2193 1723 2233 rung seines Schauspiels „Die Andere“ anwohnen wird, las
566 2231 1722 2300 eigene und fremde „Dichtungen“. Ich habe hier stets den
575 2266 1725 2333 Standpunkt vertreten, daß bei der Vorlesung von Werken der
573 2303 1727 2373 dramatischen oder erzählenden Gattung nicht das Werk,
562 2352 1730 2424 sondern der Vortragende zu besprechen sei, damit nicht solche
566 2410 1714 2458 Vorlesungen als Hintertüren üblich werden, um eine auf
569 2441 1731 2494 dem normalen Wege nicht erhältliche öffentliche Kritik über
568 2492 1737 2551 das Werk zu erzwingen. Das ist auch mein Standpunkt
574 2538 1734 2595 gegenüber dem Vortrage Hermann Bahrs, den ich übrigens
561 2568 1733 2657 als einen Schriftsteller von Geist und Beweglichkeit schätze
531 2671 1714 2750 und gegenüber der Dramatischen Gesellschaft, deren Rührig¬
548 2710 1712 2771 keit und Initiative trotz des kurzen Bestehens des Vereins
553 2750 1741 2818 schon zu einem wertvollen Faktor im geistigen Leben unserer
547 2806 1714 2850 Stadt geworden ist. Bahr las zuerst einen Einakter eigener
551 2831 1714 2896 Kreszenz, den „Klub der Erlöser“, eine Art leichterer Wede¬
553 2890 1729 2934 kind. Es wäre interessant, das verblüffend und stellenweise
561 2915 1721 2981 witzig gemachte Ding im Münchener Schauspielhause zu
564 2962 1716 3034 sehen. Ein rechtes Urteil nur nach dem Vorlesen abzugeben,
571 3001 1715 3073 ist nicht gut möglich, da die zum Teil ziemlich langen szeni¬
566 3049 1725 3121 schen Bemerkungen die Aufmerksamkeit ablenken und den
559 3094 1719 3151 Genuß beeinträchtigen. Das Lesen von Dramen ist und
557 3134 1727 3191 bleibt eben doch ein recht bedenkliches Surrogat, und das
566 3192 1713 3239 Werk kommt dabei zu kurz. Der Humor der darauf ge¬
1062 3219 1715 3301 itler „Erzenteik“ schien mir ge¬
568 3228 1068 3297 lesenen Novelle von Sh
556 3256 1715 3336 zwungen, dünn und meyr für das Kleine Witzblatt ge¬
569 3311 1734 3373 eignet. Bahr ist ein guter Vorleser. Er bringt seine Poin¬
567 3362 1718 3414 ten mit Effekt, hat eine drollig nonchalante Art und charak¬
557 3407 1731 3459 #terisiert ganz nett. Mir persönlich ist der Bahr lieber, der
564 3436 1728 3512 geistvolle Feuilletons über Shakespeare und moderne Malerei
558 3488 1735 3547 geschrieben hat, und die Notwendigkeit derartiger Verfasser¬
576 3523 1720 3590 Vorlesungen leuchtet mir nicht ganz ein. Der Saal=war zur
567 3590 1746 3642 Hälfte leer, das Publikum verhielt sich anfänglich abwartend,
561 3629 1057 3708 später ziemlich animiert.
696 3659 1224 3732 Münchenen #chanki
1954 138 3049 239 A. Berlin, Daduptst, Culeugo, Cansulr-. —
1960 180 3061 282 Londen, Madrid, Mailand, Minneapolis, New-Vork, Paris, Rom,
2147 224 2887 317 San Francisco, Stockholm, St. Petersburg.
2315 279 2727 344 (Qusllenungabe ehns Gewähr.)
1969 320 3136 465 Ausschnitt au, Berliner Börsenecurier
2321 459 2607 561 -S. 11. 1302
1976 489 2162 591 vem
2046 612 3066 693 Aus München schreibt uns unser Korrespondenti|g
1972 669 3021 717 unterm 2. November: Hermann Bahr, dessen neuees
3037 682 3106 725 8:
3023 717 3102 771 9
1985 713 3028 751 Schauspiel „Die Andere“ übermorgen in unsereim!
1980 748 3015 802 Schauspielhause zur Uraufführung gelangen soll, ist
3024 762 3112 828 .
1975 791 3008 844 von Wien herübergekommen, um den letzten Proiben
3024 812 3106 878 65
1979 833 3007 892 beizuwohnen. Heute bestritt er — wie an dieser Stelle
3018 864 3105 907 1
1984 865 3003 927 bereits angekündigt war — das Programm des ersten
3022 901 3120 960 58
1975 907 3009 969 diesjährigen Vortragsabends der Münchener
3000 928 3120 998 eig¬
1977 953 3011 1007 Dramatischen Gesellschaft im großen Saal¬
1979 984 3108 1053 der „Vier Jahreszeiten“ mit der Rezitation seines noch ####
2713 1013 3126 1090 Klub derssr
1973 1035 2547 1094 unveröffentlichten Einakters
1970 1078 3083 1135 Erlöser" und Arthur Schnitzlers kleiner Novelle ge
1965 1115 2321 1187 „Exzentrik“.
3045 1131 3099 1195 1
2041 1151 3063 1229 „Der Klub der Erlöser“ will — wohlshe
1968 1202 3016 1269 nicht ohne Beziehung auf bestimmte Personen und
3012 1215 3094 1277 sei
1972 1241 2224 1303 Verhältnisse
2330 1244 3088 1299 jene modernen Dekadenten der##
1985 1273 2551 1341 höchsten Gesellschaftskreise
2787 1285 3011 1344 verspotten,
2562 1284 2786 1340 satirisch
3020 1308 3073 1355 st
1975 1326 3006 1378 die sich in der pietistisch=ästhetischen Pose de¬
1979 1364 3016 1422 mütiger Selbsterniedrigung und prophetengleicher
1984 1397 3073 1457 Menschheitsbeglückung gefallen, ohne in Wahr=s9
1981 1449 3065 1505 heit dabei den Charakter ihrer Klasse zu verlieren.g
1969 1486 3013 1538 Der suggestibelschwachmütige jugendliche Sprosse eines
1982 1530 3017 1577 regierenden Hauses, das manchen Frevel gegen die
3017 1556 3080 1604 11
1974 1566 3013 1614 Menschheit verübte, hat sich durch eifriges Studium
1983 1609 2709 1667 der zeitgenössischen Anklageliteratur
2715 1610 3072 1681 eine derartiges
1973 1647 3036 1697 moralische Zerknirschung „angelesen“, daß er auf alle
1977 1691 3030 1745 Vorrechte seines Standes verzichtet, als einfacher
1983 1719 3042 1792 „Herr Doktor“ auf eine Insel im Meer — es ist frei¬
1978 1760 3020 1830 lich eine sehr gesegnete und komfortable Insel — sich
1981 1824 3018 1868 zurückzieht und dort durch eine Großtat exemplarischer!
1986 1856 3008 1911 Selbstüberwindung sich und sein schuldbeladenes Ge¬
1982 1892 3032 1939 schlecht entfühnen und die Welt „erlösen“ will. Diese)
1982 1947 3013 1994 Erlösungstat soll darin bestehen, daß er eine Zucht¬
1980 1971 3015 2027 häuslerin und frühere Straßendirne, die einst auch
1976 2023 3071 2073 seinen eigenen Lüsten diente, feierlich zur Frauss
1985 2060 3037 2118 nimmt. Um dem Exempel die nötige Resonanz
2070 2098 3033 2151 geben, lädt er dazu die vorurteilsfreieren!
1990 2103 2066 2150 zu
1981 2141 3025 2203 Mitglieder des fürstlichen Hauses auf sein Inselschloß,
1990 2181 3022 2246 außerdem allerlei Journalisten, Angehörige der Heils¬
3025 2230 3069 2267 *
1998 2222 3011 2261 armee usw., vor allem aber einen berühmten-K###
1995 2255 3077 2310 katurenzeichner, der ihn und seine Verwandten ###lt
2437 2304 2533 2351 um rn
2934 2306 3012 2359 A
1985 2346 3015 2389 grimmigem Hohn überschüttete und deshalb von dem
1982 2389 3010 2453 perversen Dekadenten als entscheidender Erwecker zum
1991 2429 3014 2478 Güten leidenschaftlich verehrt wird: er soll jetzt als
1984 2465 3006 2525 berufenster „Richter“ erklären, daß der Exprinz doch
1988 2514 3000 2565 nicht so minderwertig sei, wie er geglaubt habe. Die
1975 2550 3003 2596 Eingeladenen kommen, auch der Karikaturist; letzterer
1953 2590 3009 2655 aber behandelt den „Erlöser“ nur mit massiver Ver¬
1974 2631 3008 2672 achtung: und bei der pompösen Vorfeier der grotesken
1966 2672 2988 2723 Hochzeit, zu welcher auch ein „Kaiser der Sahara“
1964 2712 2998 2747 als ungebetener Gast erscheint, entrüstet sich der
1956 2752 3009 2794 Bräutigam in plötzlichem aristokratischen Impuls der¬
1961 2795 2998 2836 maßen über die unzulänglichen Tischmanieren der
1959 2834 3003 2882 „Braut“, daß auch diese ihren natürlichen Gefühlen
1962 2872 2999 2910 jetzt den standesgemäß=drästischen Ausdruck gibt, und
1962 2907 3003 2958 die ganze Komödie in die Brüche geht. Dreifach zer¬
1951 2955 3000 3014 kuirscht sucht der Prinz Verzeihung bei seinem ver¬
1952 2989 2995 3036 ehrten Mentor, dem Karikaturisten; doch zu seiner
1951 3031 2995 3089 Bestürzung macht ihm der Scheidende jetzt das
1962 3069 3000 3131 Kompliment, daß nach solcher Probe wurzelständigen
1957 3111 3000 3165 Empfindens vielleicht doch noch etwas Brauchbares
1948 3157 3007 3204 aus dem „Erlöser“ werden könne, wenn auch nur ein
1967 3198 3007 3268 „Korpskommandeur“ im Dienste seines gewiß versöhn¬
1955 3232 2255 3285 lichen Vaters.
2022 3258 2990 3322 Die Fabel des Stückes — dessen Ensembleszenen
1959 3322 2983 3382 Bahr übrigens nur in geschickter Andeutung wieder¬
1953 3360 2990 3409 gab — hat viel Gutes für sich, leider aber ist die
1957 3396 2991 3458 Ausgestaltung so maßlos übertrieben und so viel un¬
1957 3443 2996 3500 nötig bizarres Episodenwerk eingefügt, daß die scharse
1966 3478 2861 3538 Zeitsatire fast ganz in burleskem Ulk untergeht.
2014 3520 2177 3571 Ueber
1967 3500 2996 3609 „Exzentrit“ bekannte Novellette
2202 3565 3006 3643 ist nicht viel mehr zu sagen, als daß sie
1972 3608 2972 3668 recht wenig schnitzlerisch ist, vielmehr von jedem be¬
1970 3643 2990 3701 liebigen Plauderer stammen könnte. Das zahlreiche
1960 3682 2353 3736 Auditorium nahm
2358 3689 2976 3744 indessen diese Kleinigkeit mit
1958 3727 2989 3773 kräftigerem Applaus auf als den weit interessanteren
1958 3770 2983 3837 Einakter, aus dem es augenscheinlich nicht recht klug
1953 3802 2122 3860 wurde.
