3392 4320
198 285 286 372 1.
311 293 1375 398 Panphlets offprints
231 1066 347 1125 000
906 1081 1614 1144 nur Schnitzler vor dem „Anatol“
229 1202 1629 1277 punkt rücken. Und wieder so viel anderes, was hier tragisch
229 1257 1630 1324 genommen wurde, wird später mit leisem, zwischen Heiterkeit
223 1302 1626 1367 und Weh schwankendem Lächeln angeschaut werden. Manches,
224 1346 1630 1428 was dann das Innenleben dieses Dichters beschäftigte, erfüllte,
227 1383 1128 1457 klopft schon hier zaghaft an die Tür.
290 1457 1633 1523 In den Gedichten fällt eine allzu starke Anlehnung an Heinrich
220 1477 1631 1556 Heine auf. Es sind Großstadtverse; sie äußern das zwiespältige
234 1541 1632 1624 Gefühl, das wir alle haben. Auch im Tonfall, in der Anwendung
225 1592 1625 1677 von Alltagsredensarten, im pointierten Schluß wird jenes große
224 1630 633 1695 Vorbild merkbar.
303 1691 1385 1750 „Mein Kind, es scheint, ich bin in dich verliebt;
297 1749 1402 1795 ich kann dir’s heut fürwahr nicht anders sagen,
299 1789 1473 1854 denn gestern hörtest du mich selbst noch klagen,
304 1835 1257 1907 die Welt ist schal, da ’s keine Liebe gibt.
310 1892 1290 1958 Ja, Leidenschaften gibt’s. Begier und Neid,
302 1942 1249 2005 das andre wird von uns dazu gelogen..
274 1988 1617 2060 Er haßt jeden, den ihr Kleid streift, er sehnt sich nach ihren
201 2018 465 2094 Küssen:
302 2075 1389 2157 „Dies, Kind, in Wahrheit ist es mein Empfinden,
300 2131 1225 2187 nennst du es Liebe, gut, ich stell dir’s frei.
301 2183 1289 2247 Doch daß daran was Großes, Schönes sei —
291 2219 1409 2303 kannst höchstens du, ein dummes Mädel, finden.“
267 2283 1610 2336 Eine Serie betitelt sich „Gedichte eines Nervösen“. Dieselbe
205 2319 1601 2399 Tonart. Der Trübsinn entweicht beim vollen Glase. Es könnte
196 2368 1603 2451 dann wohl den Anschein haben, als gäbe es so etwas wie Freude
201 2426 1607 2503 auf der Welt. Trinkt man weiter, könnte man fast an Liebe
204 2463 408 2531 glauben.
390 2509 1269 2580 „Dann freilich mag ich weiter trinken,
379 2576 1149 2638 vollendet ist mein Traumgesicht;
382 2611 1265 2686 ich mag in tiefsten Rausch versinken,
384 2681 1110 2730 an eine Treue glaub ich nicht.“
260 2723 1605 2798 Frühe Zweifel, frühe Desillusionierungen tauchen auf — noch
195 2754 739 2825 nicht in eigener Form.
253 2814 1596 2892 Ernstere Töne werden in den Novellen angestimmt. 1880
195 2858 1592 2934 wird: Mein Freund Ypsilon. Aus den Papieren eines Arztes ge¬
191 2912 1585 2974 schrieben. Ein Studiosus philologiae, dem als Dichter die selbst¬
191 2955 1592 3034 geschaffenen Gestalten zur Wirklichkeit, zur drohendsten, lebens¬
185 3009 1588 3089 zerstörenden Realität werden. Sein Mädchen, eine holde Choristin,
179 3058 1577 3136 kommt weinend zum Erzähler gelaufen. Der Geliebte ist ent¬
188 3097 1593 3181 flammt für Türkisa, die schönste der Frauen, die irgendwo, von
181 3141 1598 3238 einem Prinzen geliebt, auf einer Insel des indischen Ozeans lebt.
194 3200 1587 3280 Türkisa muß sterben. Der Dichter kann den Lauf der Dinge, die
179 3251 1588 3332 seine Phantasie gebar, nicht hemmen. Tage- und nächtelang
183 3295 1591 3362 leidet er unter der Voraussicht ihres Todes. Vergebens führt man
1528 296 1995 395 box 36/7
1753 1094 2535 1158 Arthur Schnitzler vor dem „Anatol“
3029 1111 3135 1167 001
1744 1218 3138 1299 ihn ins Freie. Gesellschaft und Natur bedeuten ihm nichts;
1749 1275 3145 1357 er muß nach Hause, sein Werk zu beenden. Am Morgen findet
1743 1314 3159 1400 man ihn tot auf der Treppe. Ein Zettel sagt: „Türkisa ist tot. Alles
1744 1366 1975 1424 vorüber.“
1827 1410 3147 1497 Schon sind die ersten Anzeichen des späteren Schnitzler in
1748 1474 3149 1526 dieser Novelle: es wird an den Konflikt zwischen Phantasie und
1752 1512 3146 1592 Wirklichkeit gerührt. Es wird — vergebens — versucht, ein
1744 1570 3150 1640 Künstlerschicksal zu gestalten. Aller Lug, alle Belanglosigkeit,
1741 1628 3146 1690 alles s. nerzlich Einsame und alle lustvolle Notwendigkeit des
1742 1669 3145 1737 Künstlerlebens klingen an. Man denkt an Stephan von Sala,
1733 1720 3138 1766 an Heinrich Beermann; an „Paracelsus“, an den,Grünen Kakadu“
1735 1770 3144 1847 und an so vieles, was später das verhängnisvolle Spiel von Wirk¬
1737 1809 2532 1866 lichkeit und Phantasie wiederholt.
1814 1855 3150 1912 Zwischendurch ein kleines, graziöses Stimmungsbild:
1749 1910 3139 1972 Amerika“. Das süße Mädel taucht zum ersten Male auf. Der
1733 1957 3146 2032 Dichter betritt die Neue Welt. Er muß dabei zwangsartig in
1746 2004 3139 2071 Schmerz und Lust an das schöne Wiener Kind denken, mit dem
1732 2054 3135 2126 er einst ein loses Spiel getrieben. Sie nannten, als sie den Kuß auf
1739 2097 3140 2169 den Platz hinter dem Ohre entdeckten, diese Stelle Amerika.
1733 2163 3145 2221 Diese Erinnerung ist stärker'als das wirre Bild des Freiheitslandes
1736 2193 3137 2259 in seiner Seele. Wenn er die Augen schließt, ist der süße Duft
1725 2256 3141 2323 der Locken des Mädchens, das er so sehr geliebt und dennoch ver.
1733 2295 2197 2365 lassen hat, um ihn.
1809 2347 3120 2410 „Der Andere. Aus dem Tagebuch eines Hinterbliebenen“
1741 2395 3137 2459 gibt schon ganz den Ton jener Novellen, die sich um die „Frau des
1742 2442 3127 2515 Weisen“ gruppieren. Einem ist die heißgeliebte Frau gestorben,
1730 2499 3138 2567 er geht oft zu dem Hügel, welcher die Teure umschließt, und
1721 2547 3145 2592 überläßt sich dort seinem wilden Schmerze. Er trifft dort einmal
1732 2594 3135 2638 einen jungen, schönen Mann, der beim Grabe kniet. Wer ist das?
1732 2645 3137 2707 Ein Liebhaber oder nur ein heimlicher Verehrer? Nie wird er es
1726 2701 3129 2753 wissen. Die Toten schweigen .. . Er verbringt Wochen der
1734 2742 3137 2809 unsäglichsten Qual, des fürchterlichsten Zweifels. War sie,
1733 2784 3138 2854 die in seinen Armen schluchzend lag, eine Treulose? Wer kann
1731 2830 3128 2888 es wissen? Nie wird er diese entsetzliche Ungewißheit über¬
1725 2897 3135 2953 winden. Tausend martervolle Bilder malt seine erregte Phantasie
1730 2927 1947 2987 ihm vor.
1804 2977 3133 3036 Das Verhältnis der Geschlechter, wie es sich in den späteren
1731 3022 3125 3100 Werken dieses Seelentiefbohrers spiegelt, ist in seinen Grund¬
1731 3073 3130 3129 linien hier schon vorgezeichnet. Keine Brücke geht von einem
1724 3133 3117 3191 Menschen zum andern. „Keiner kann keinem Gefährte hier sein.“
1721 3180 3119 3242 Einsam ist zuletzt jeder. Wer weiß etwas von seinen Liebsten?
1718 3226 3129 3283 Ein Blick, das Aussprechen seines Namens, ein Lächeln im Traume
1717 3273 3125 3346 kann Qualen erregen, die nur das Geständnis der Untreue einiger¬
1731 3325 3128 3386 maßen lindern kann. Alle späteren Motive klingen hier schon an
