3392 4320
280 290 1960 388 Panphlets offprints box 36/7
159 1140 274 1197 004
967 1140 1543 1207 chnitzler vor dem „Anatol“
1650 1148 2117 1212 Deutsche Schiffahrt
2950 1162 3053 1222 905
214 1267 1556 1342 Doch tiefer gilt es zu schauen: im König Assad sind Gefühle
1655 1278 3043 1349 sich bei Schnitzler dieses Motiv; es wurde nur verborgener, ver¬
151 1329 1553 1366 lebendig, die auch der Dichter teilt. Eifersucht auf die Vergangen¬
1654 1338 3054 1383 arbeiteter seit „Alkandis Lied“. Doch es wurde auch stärker.
151 1369 1565 1443 heit und die Zukunft, alles Quälende des Besitzes e es geliebten
1650 1385 3050 1436 Denn man wird älter und erkennt, wie unlöslich man ###t dem
161 1412 1571 1480 Wesens. Auch er ist in seinem Wahn und seiner Wahrheit des
1655 1435 3060 1496 Vater durch Ahnlichkeit und Gegensatz verbunden ist. Man
153 1470 1557 1542 Dichters Ebenbild. Und doch ist er noch Anderes, Entgegen¬
1655 1486 3059 1541 denkt mehr an seinen Verlust, welcher für das Leben des einzelnen
153 1518 1557 1578 stehendes. Verborgen-Menschliches wird hier verhandelt, das
1651 1536 3058 1597 von der einschneidendsten Bedeutung ist. Und aus Söhnen werden
160 1570 1556 1617 über Dichter und König hinausgeht. Das infantile Denken, aus
1652 1579 3057 1644 Väter. Es ist kein Zufall, daß Michael Hofreiter in Schnitzlers
151 1622 1566 1677 dem Dichtung und Traum ihre tiefsten unbewußten Kräfte
1658 1627 3058 1692 letztem Stück — nachdem die Vergänglichkeit aller irdischen
155 1663 1565 1714 schöpfen, stellt Vater und Herrscher in eine Reihe. Der König ist
1656 1678 3062 1724 Beziehungen ans Licht getreten — dem Sohn als der letzten,
155 1708 1557 1762 nur ein potenzierter Vater, er ist eine Analogie in höierer Region.
1650 1736 2480 1788 der stärksten Hoffnung entgegeneilt.
148 1762 1556 1812 Der Herrscher im „Schleier der Beatrice“ und in „Alkandis Lied“
1730 1771 3053 1833 Während man einen sanften Hügel bei Pötzleinsdorf nach¬
145 1812 1556 1875 weist manchen tyrannischen und manchen liebenswerten Zug
1642 1823 3058 1872 denklich hinabgeht, klingen alle Motive wieder, die in diesen
146 1856 1566 1904 auf. In beiden Dramen steht der jüngere Dichter dem Herrscher
1659 1873 3055 1929 Jugendversuchen zuerst sich regten. Umgeben vom Duft der
152 1905 1558 1964 im Kampf um ein Weib entgegen: die typische kindliche Ein¬
1653 1925 3059 1971 Wiesen, fühlt man, während man im Gedanken Schnitzlers Werke
159 1965 1559 2023 stellung zum Elternpaar taucht hinter der Fassade empor. Die
1655 1968 3063 2022 durcheilt, wieviel er uns gegeben. Man fühlt erst jetzt, wie lieb
149 2011 1559 2057 Stellung des Kindes zum Vater ist eine „ambivalente“: er ist
1658 2020 3058 2067 man ihn hat. Denn wir jungen Österreicher lieben ihn anders als
149 2057 1560 2121 zugleich Gegenstand der Ehrfurcht und des Zweifels, der innigsten
1649 2069 3067 2107 sonst ein Publikum einen großen Dichter. Mit einer innigeren,
149 2101 1559 2152 Liebe und der heimlichen Eifersucht im Kampfe um die Neigung
1655 2112 3057 2165 dankbareren Liebe: wie einen älteren, wohlvertrauten Freund.
146 2144 1554 2226 der Mutter. Denn ihr gilt die erste, unbewußte sexuelle Regung
1649 2167 3061 2224 Er hat soviel ausgesprochen, was wir stündlich fühlen. Er hat
145 2194 753 2262 des Kindes bei uns allen.
1663 2214 3057 2271 unsere Freuden und unsere. Schmerzen, unseren Zweifel, unsere
212 2252 1556 2319 Bewußt war vielleicht nur der Gegensatz von König und
1654 2260 3067 2320 Wirrnisse gestaltet; das, worüber wir lächeln und worüber wir
147 2303 1543 2354 Sänger, vom Mann der Tat und Mann des Träumens. Doch un¬
1662 2313 3066 2369 weinen möchten, — wenn wir nicht gar so vernünftig, so skeptisch,
142 2339 1555 2391 bewußt stellt der Dichter den Konflikt der eigenen Kinderzeit dar.
1645 2362 2186 2424 so analysierend wären.
151 2386 1559 2445 Im Traume und in der Dichtung kommen ja die geheimsten
159 2438 1559 2490 Triebfedern unseres Seelenlebens verkleidet an die Oberfläche.
150 2494 1553 2560 Und da erringt der Dichter trotz allem Untergang doch den Sieg
148 2548 1552 2607 über den so geliebten und beneideten Vater: er trotzt der Ver¬
156 2595 1556 2640 gänglichkeit, die jenem droht; er wird länger, er wird ewig leben.
146 2636 1555 2711 Hier liegt die Wunscherfüllung, die Traum und Dichtung immer
2080 2625 2655 2719 Deutsche Schiffahrt
147 2682 643 2749 verborgen enthalten.
2139 2707 2595 2780 1. New York—Emden
210 2744 1546 2809 Aus zwei entgegengesetzten, psychischen Strömungen resul¬
1725 2742 3056 2819 Am 16. Juni war eine Sitzung des Bundesrats im Reichstags¬
143 2786 1559 2862 tierende, ambivalente Einstellung des Kindes zum Vater in ihrem
1666 2808 3060 2870 gebäude zu Berlin. Und Herr Schmaje Birnbaum in Boganowo, Gouverne¬
147 2831 647 2893 unbewußten Wirken.
1673 2863 3062 2914 ment Piotrkow, Russisch-Polen, hat es sich keinesfalls träumen lassen, daß
214 2893 1556 2957 Daß dasselbe Verhältnis in vielen Werken des Dichters eine
1664 2902 3058 2948 sein Schicksal, oder ein Teil seines Schicksals in dieser hohen Körper¬
148 2925 1549 3001 Rolle spielt, beweist ein Blick. Man erinnere sich: wie Professor
1664 2946 3055 2992 schaft zur Debatte stand. Viele Umstände sprachen sogar dafür, daß Herr
147 2975 1554 3033 Losatti („Vermächtnis“) in den Beziehungen zu seinem Sohne
1672 2985 3060 3048 Birnbaum, Korbflechter seines Zeichens, und Vater von sieben Kindern,
1664 3034 3060 3070 von dem Vorhandensein wie von der Kompetenz jenes Organs der deutschen
154 3023 1558 3083 geschildert wird; wie der Dichter Heinrich in den „Lebendigen
1667 3077 3057 3122 Reichsregierung nur mangelhafte Vorstellungen besaß. Dasselbe wäre
145 3085 1550 3142 Stunden“ dem Geliebten der Mutter entgegentritt. An das denk¬
1675 3115 3054 3163 von Herrn Ladislaus Prml, zu Kicz im Lande Böhmen, Holzschnitzer
146 3131 1556 3202 würdige Gespräch, das Felix mit seinem Vater Julian Fichtner
1676 3167 3065 3208 von Beruf, sowie etwa auch von dem rumänischen Ackerknechte Pali
142 3178 1557 3228 führt: „Ihr Sohn.. Es ist nichts als ein Wort. Es klingt ins Leere.
1674 3207 3070 3244 Virmonec aus Tesconi bei Moinescu zu sagen. Obgleich auch diese beiden
142 3227 1542 3278 Sie sind mir fremder geworden, seit ich es weiß.“ An den Vater¬
1669 3251 3061 3299 von den Verhandlungen sowohl wie von dem Beschluß des Bundesrats
145 3278 1548 3324 mord im ,Ruf des Lebens“; an die Entschleierung eines Familien¬
1672 3307 3060 3347 nahe genug betroffen wurden. Denn nach dem amerikanischen Ein¬
150 3325 1551 3391 tages in „Komtesse Mizzi“; an manches tiefe, doppelbodige Wort
1678 3339 3059 3387 wanderungsgesetz, dieser menschenfreundlichen „immigration bill“ ist
147 3373 1557 3425 im „Weg ins Freie“. In allen möglichen Verkleidungen wiederholt
1673 3388 3067 3454 es keineswegs gleichgültig, ob man mit 8o oder mit roo Dollar in der
