3392 4320
1498 320 1951 421 box 36//7
176 304 1346 420 1 Panphlets offprints
1799 971 2078 1154 Gu
2218 1078 2283 1208 C
881 1168 1676 1249 Arthür Schnitzler vor dem „Anatol“
2165 1206 2298 1272 800
908 1229 949 1283 —
1006 1322 2145 1440 Arthur Schnitzler vor dem „Anatol“
1141 1404 2018 1508 Peyeireenaiytisches von Treener-Rette
952 1500 2284 1581 Es ist immer ein klägliches Schauspiel, wenn einer, der als
887 1549 2292 1635 Stürmer und Dränger begonnen, sich später als Jubilar feiern läßt
885 1599 2283 1680 und eine Tradition hochzuhalten hat. Arthur Schnitzler, der
879 1649 2290 1733 unlängst fünfzig wurde, ist dieser Versuchung nicht ausgesetzt.
954 1703 2285 1778 Ich bin in letzter Zeit viel in Pötzleinsdorf und im Cottage
874 1749 2283 1826 spazieren gegangen, auf Wegen, die dieser Dichter liebt. Ich
874 1810 2290 1871 mußte beim Betrachten von Gegend und Menschen immer an
880 1849 2280 1926 ihn denken. Wenn Paare liebesmüde abends durch diese stillen
874 1896 2289 1963 Gassen nach Hause gehen, wenn elegante Damen zur Stadt zum
867 1948 2277 2020 Rendezvous fahren, wenn junge, abenteuerlustige Melancholiker
875 1993 2281 2072 in die feuchtlachenden Augen der Mädchen sehen. Die Tragi¬
863 2028 2284 2117 komödien, welche Schnitzler dem Alltag entnimmt und weit über
871 2090 2284 2170 die Höhe des Alltags hinaushebt, sind diesem Boden entsprossen.
861 2156 2277 2198 Auch in den sanften Linien der Landschaft liegt etwas Schnitzle¬
862 2200 2274 2249 risches: des Frühlings Werben, des Sommers Sattheit, das melan¬
867 2229 1521 2305 cholische Ende des Herbstes.
940 2294 2266 2364 Auf solchen Spaziergängen hab ich die ersten poetischen Ver¬
867 2331 2266 2417 suche Schnitzlers gelesen, die ich zufällig entdeckt hatte. Sie
861 2381 2261 2465 stehen nämlich in den vergilbten Heften einer längst einge¬
859 2442 2274 2509 gangenen Zeitschrift, welche den kitschigen Titel , An der schönen
862 2483 2275 2559 blauen Donau“ führte. In das Jahr 1888 fallen die ersten Gedichte,
858 2531 2277 2586 welche der Sekundärarzt des Wiener allgemeinen Krankenhauses
863 2587 2269 2649 schrieb. Sie stehen in dieser alten Zeitschrift, die ausdrücklich
856 2622 2264 2700 für die Familie bestimmt war, neben Bildern österreichischer
851 2684 2266 2739 Erzherzoginnen, neben Frühlingsliedern, neben Rätseln und Be¬
862 2728 2271 2816 sprechung gesellschaftlicher Taktfragen (für Mädchen vor dem
866 2763 1166 2833 ersten Ball)
934 2818 2275 2897 Alle diese Gedichte, Novellen, Fragmente sind nicht nur in
850 2872 2265 2948 Deutschland, sondern sogar in des Dichters Heimatland (sozu¬
847 2927 2269 2993 sagen) fast unbekannt. Manche verdienen wohl auch nichts
855 2968 2269 3013 Besseres, neben das Kunstwerk des späteren Schnitzler gestellt.
929 3021 2265 3093 Und doch: es ist von seltsamem Reiz, diese frühen Arbeiten
847 3076 2261 3119 zu lesen. Es wäre so schade nicht, wenn sie dem Literarhistoriker
844 3119 2258 3178 der einst die Dichtung Schnitzlers rubrizieren wird, entgingen;
847 3167 2265 3239 schade aber wär’s, wenn wir, die ihn lieben, sie nicht kennten
847 3212 2110 3294 (wenn wir, die ihn kennen, sie nicht auch etwas liebten).
929 3265 2252 3328 Sie sind psychologisch fesselnd. Unverhüllter, freier sprechen
851 3317 2260 3388 sich die Gefühle hier aus, die später nur unterirdisch, verborgen
845 3365 2252 3437 mitklingen. Jugendliche Probleme tauchen auf; sie werden
843 3412 2265 3499 später gesehen, ernster gesehen, von der Peripherie in den Mittel¬
2332 1175 2441 1266 6
