3344 4352
1502 243 1955 339 box 36/2
181 241 1362 348 1. Panphlets offerints
1031 598 1246 749 0 2
612 701 1260 838 St
626 843 913 960 100
901 1054 2530 1167 LETTERATI CONTEMPORANEI: ARTURO SCHNITZLER.
963 1290 1708 1368 IN varii studii su la moderna lettera¬
1721 1277 2697 1384 ormai definite con precisione, per cui le tendenze
992 1353 1706 1421 tura tedesca mi son provato a deter¬
1727 1352 2693 1435 straniere presero diritto di cittadinanza in terra te¬
1008 1414 1714 1476 minare le principali tendenze che
1713 1423 2707 1497 desca, piü particolarmente in Austria, e sopratutto
730 1477 1714 1555 sembrano regolarne l’evoluzione: e
1711 1471 2701 1548 tra i letterati viennesi. Poiché a Vienna & forse
1002 1515 1700 1586 recentemente anche mi parve si po¬
1719 1522 2703 1598 piü sensibile la differenza tra gli scrittori che ri¬
717 1582 1710 1643 tesse constatare, come negli ultimi tempi l’arte na¬
1708 1586 2704 1655 traggono la piccola borghesia, le classi popolari
724 1627 1703 1690 zionale mirasse a prender sempre piüil sopravvento
1718 1623 2706 1699 della cittä, i costumi ancora radicati nelle masse e
727 1678 1705 1751 su le diverse inspirazioni straniere che sino a pochi
1727 1692 2693 1765 quelli che scegliendo i loro tipi nelle classi ricche
723 1731 1705 1805 anni fa dominavano la produzione letteraria, spe¬
1719 1738 2697 1831 piü facilmente si accostano al carattere cosmopolita.
722 1789 1454 1862 cialmente nella giovane generazione.
762 1837 1705 1911 Cosi la lotta che alla fine dello scorso secolo si
1751 1817 2696 1913 II momento in cui Arturo Schnitzler comparve
714 1896 1702 1960 accendeva tra i cenacoli letterarii, ognuno dei quali
1716 1920 2697 1978 su l' orizzonte della letteratura tedesca era propizio
1723 1960 2699 2025 pel moto intellettuale viennese: gli scrittori au¬
719 2004 1702 2072 dentie dei simbolisti francesi, ora degli scrittori
1730 2022 2698 2074 striaci cominciavano a farsi notare e quando Her¬
723 2053 1713 2131 russi, o difendeva il naturalismo zoliano, si & oggi
1718 2074 2708 2148 mann Bahr ebbe fondata la Zeit, le forze giovanili
723 2123 1712 2178 piü chiaramente affermata tra i fautori dello spi¬
1720 2126 2466 2191 spiegarono al vento la loro bandiera.
709 2173 1699 2241 rito cosmopolita e quelli della vecchia arte ale¬
1743 2176 2691 2251 Tra il dannunzianesimo di Hugo di Hoffmans¬
719 2231 1698 2279 manna. Gli Heimatkünstler hanno guadagnato ter¬
1716 2231 2696 2298 thal, il decadentismo lirico di Felix Dörmann, i
711 2280 1699 2351 reno, e il piccolo ma valoroso manipolo ha visto
1706 2287 2702 2339 tentativi classici di Leo Ebermann, I’ impressionismo
716 2339 1703 2399 a mano a mano accrescer le forze per opera di
1724 2343 2698 2409 di Peter Altenberg, l’eclettismo di Rodolfo Lothar,
723 2389 1705 2458 scrittori che, pur ascoltando l’eco delle voci d’oltre
1718 2402 2700 2463 gli studii di costume di Jacob Wassermann e di
715 2442 1697 2516 confine, atteggian la risonanza in modo da soddi¬
1711 2451 2693 2518 Leo Hirschfeld, Arturo Schnitzler poté subito do¬
722 2500 1217 2557 sfare il gusto nazionale.
1710 2506 2694 2576 minare perché, oltre le qualità per le quali riusciva
759 2546 1698 2613 Potrebbe dirsi che alla letteratura tedesca avviene
1711 2559 2696 2632 à intendere e assimilare certe esterioritàä tutte mo¬
724 2604 1706 2671 quello che é accaduto al D’Annunzio: dopo aver
1709 2607 2691 2683 derne, portava nell’opera letteraria naturale acutezza
718 2663 1700 2720 rispecchiato le varie tendenze di volta in volta
1712 2678 2698 2746 d’ingegno, sinceritä di sentimento e originalità di
728 2713 1706 2790 signoreggianti la vita intellettuale europea, egli,
1707 2721 1993 2786 osservazione.
721 2765 1694 2834 traendo in principal modo le forze dalla terra na¬
1740 2770 2686 2839 Lo Schnitzler si presentava alle battaglie lette¬
713 2819 1699 2886 tale, ha innalzato l’espressione dei tipi e dei co¬
1713 2830 2689 2896 rarie dopo aver studiato medicina con singolare
712 2882 1706 2953 stumi regionali a dignità di tipo generale: e l’arte
1705 2883 2683 2949 passione; laureato a venticinque anni nel 1882, fl
715 2934 1584 3004 paesana é con lui diventata arte nazionale.
1697 2949 2678 3009 poi per due anni medico nell’ Ospedale generale e
765 2995 1691 3058 Vi hanno scrittori tedeschi ancora schiavi del¬
1705 2993 2685 3054 nel 1888 assistente al Policlinico; tra molti suoi
701 3037 1695 3106 T’imitazione dannunziana, fermi al periodo da cui
1702 3046 2690 3102 scritti di medicina é notevole uno studio su Paonia
705 3103 1693 3167 ebbero origine I’ Isotteo e il Placere: essi at¬
1696 3095 2690 3168 funzionalee su la cura mediante ipnosi o suggestione.
707 3140 1697 3216 teggiano l’arte loro a quella che pel D’ Annunzio
1735 3150 2687 3220 Diciamo subito che lo Schnitzler é di quegli in¬
711 3202 1689 3264 fu la seconda fase d’evoluzione e per la letteratura
1696 3207 2679 3265 gegni che stuggono alla definizione esatta e non
714 3258 1691 3316 europea in genere e per quella tedesca in ispecie
1705 3263 2682 3322 si Jasciano in alcun modo classificare dalle eti¬
714 3317 1688 3380 il momento dei maggiori scambi internazionali nel¬
1707 3310 2681 3386 chette preparate dai critici; cosi, lo hanno chiamato
704 3371 1694 3442 l' ultimo quindicennio del secolo scorso. Hugo di¬
1712 3368 2658 3434 voluttuoso, mistico, umorista, ironista, decadente —
708 3417 1684 3495 Hoffmansthal, un viennese, ne rappresenta piü spe¬
1701 3423 2693 3495 quale lo definisce il Bartels nella sua storia lette¬
719 3474 1352 3534 cialmente la fisonomia letteraria.
1695 3473 2697 3548 raria un po’ velata da pregiudizii di razza —: e
757 3523 1685 3610 Altri rimangono ancora fedeli alle varie formule
1693 3533 2689 3608 ognuno dei critici, se ha avuto ragione osservand.,
