3344 4352
2071 182 2344 253 —
1463 241 1904 341 box 36/2
249 252 1357 350 PanphletsOfferints
1345 813 2030 877 LETTERATI CONTEMPORANEI
745 830 848 896 114
1670 909 2666 980 nuto suo amante., Filippo allontana da se Bea¬
721 935 1666 990 Per isvolgere la tragica azione, i cui punti prin¬
1696 969 2670 1031 trice con improvviso ribrezzo; cercherà di scordar¬
689 982 1681 1051 cipali rammentano un poco l'Amleto e la Badessa
1686 1025 2673 1077 sene e forse poträ trovar l’oblio tra le braccia di
695 1036 1662 1095 di Jouarre, lo Schnitzler chiede lo sfondo alla rina¬
1688 1079 2672 1157 una giovinetta nobile che tanto lo amava da perder
694 1090 1674 1162 scita nostra: ma la lotta politica ch’egli fa impe¬
1690 1140 2080 1201 per lui la ragione.
698 1147 1668 1213 gnare tra la famiglia ducale dei Bentivoglio ed i
1734 1178 2681 1247 Ma il fascino della enigmatica Beatrice & di
684 1195 1681 1275 Borgia, se serve all' autore per colorire assai viva¬
1697 1254 2672 1309 quelli contro i quali non si combatte; é fatto di
687 1255 1683 1328 cemente qualche scena di quell’epoca signorilmente
1694 1293 2682 1358 mistero e di grazia; la grazia sorride, il mistero
690 1310 1676 1373 pittoresca, nuoce forse allo svolgimento della nuda
1687 1354 2674 1421 attrae e mentre Filippo si sforza di cacciar la vi¬
693 1354 1668 1419 linea dell'azione; la quale sarebbe segnata con suf¬
1698 1397 2676 1452 sione che lo tormenta.,, ecco, Beatrice, appare
698 1423 1065 1488 ficiente chiarezza.
1691 1453 2671 1519 improvvisa nella sua stanza, viva, florida, tutta vi¬
730 1472 1670 1542 1 Borgia stanno per assalire Bologna, cui tiene
1703 1514 2678 1569 brante di passione, signorilmente avvolta nella ve¬
699 1520 1673 1582 il governo ducale di Leonardo Bentivoglio; il giorno
1702 1566 2622 1636 sta nuziale, cinta il collo d’un velo vaporoso..
699 1582 1674 1632 innanzi l'assalto il duca, incontrando per via una
1730 1612 2668 1670 Essa, di nascosto, ha abbandonato il palazzo du¬
694 1628 1678 1704 giovinetta popolana, rimane colpito dalla bellezza
1698 1666 2678 1731 cale, e spinta dall’amore & venuta a gittarsi nelle
688 1678 1674 1751 di lei e perdutamente se ne invaghisce. Essa & Bea¬
1697 1726 2676 1776 braccia di Filippo.- Dubiterai ora? chiede la donna
688 1738 1685 1795 trice, la figliuola poco piü che sedicenne d’un mezzo
1692 1793 2672 1848 palpitando. Eccomi qui, sono tua. E se anche tu
701 1809 1676 1855 idiota armaiuolo, e respinge con freddezza sdegnosa
1696 1826 2668 1891 credi, come credo io, che dopo la vita non sia piü
700 1853 1674 1902 le illecite proteste del suo signore. Capriccio, vo¬
1699 1889 2666 1958 posslbile per noi, eccomi, sono pronta: morró conte.
700 1908 1678 1971 lontà contrastata fanno si che il Bentivoglio si fissi
1738 1935 2678 1993 Perché alla suprema offerta Filippo risponde con
705 1966 1682 2021 maggiorniente in tale idea, e in lui si renda pin
1703 1995 2670 2064 cautela e con dubbio? Egli ritiene che la donna
694 2001 1679 2084 vivo il desiderio di possedere Beatrice ad ogni costo.
1701 2054 2682 2101 non sia sincera, o almeno che la sincerità non sia
701 2071 1681 2131 Tanta forza ha la passione ch’egli giunge ad offrir
1699 2100 2691 2159 di lunga durata: sente e indovina che la gioia del
695 2138 1681 2176 di sposarlae poiche essa accetta si celebran le nozze.
1695 2152 2678 2215 vivere é in lei superiore a qualunque passione e
743 2169 1679 2248 II carattere enigmatico della eroina & giä deli¬
1707 2212 2683 2275 dipinge con foschi colori il momento in cui la vita
702 2224 1684 2297 neato; la popolana adolescente ha un' anima in
1718 2265 2676 2328 si perde, accenna paurosamente all’esistenza che si
706 2279 1682 2338 cui alla schietta ingenuità dell'adolescenza si unisce
1714 2324 2690 2385 svolge oltre la tomba. Beatrice insiste; un'ora di
701 2342 1681 2395 una freddezza di ragionamento che sorprende; ora
1719 2380 2270 2441 voluttà val piü che la vita.
698 2395 1680 2446 la vedremo agitarsi irrequieta come una nevrotica,
1739 2418 2690 2484 Filippo le porge da bere; Beatrice assapora il
697 2445 1678 2502 ora compiere atti strani con la piü tranquilla au¬
1702 2471 2676 2545 contenuto della tazza, ma allorché l’amante le dice
701 2512 852 2569 dacia.
1700 2540 2678 2596 che essa ha bevuto un veleno, si ribella e si dispera
753 2535 1677 2620 La scena in cui essa riesce ad oftenere l’ intento
1705 2590 2682 2652 e vitupera l' innamorato rinfacciandogli la sua pros¬
705 2609 1683 2676 di diventar duchessa Bentivoglio & maestrevolmente
1704 2639 2682 2703 sima morte. Ella avrebbe voluto divider con lui la
704 2659 1691 2718 trattata; l’opera di seduzione della giovinetta & lenta e
1706 2712 2688 2777 gioia suprema nel pieno vigor della vita senza sen¬
717 2716 1678 2777 sagace; scherza con la passione dell’ uomo potente
1709 2746 2680 2813 tirsi agghiacciar le vene dagli ultimi brividi. Essa
707 2768 1680 2821 e la doma e la vince secondo la volontä sua. Ma
1709 2803 2673 2864 ora odia Filippoe vuol trovare un mezzo di scampo.
703 2820 1680 2879 & questa veramente la sua volontà? El’ambizione
1698 2863 2680 2926 Ma l’uomo con fare tra ironicoe rassegnato scosta
706 2887 1690 2940 il frutto principale del suo carattere? Non si di¬
1703 2917 2687 2975 da sé la donna: si rassicuri, non ha bevuto veleni,
1701 2968 2685 3028 egli volle soltanto provar la fragilità de’ suoi pen¬
747 2972 1684 3037 Beatrice, per cui un giovine artefice suo fidan¬
1708 3038 2695 3081 sieri, de’ suoi desiderii, torni pure al palazzo du¬
711 3050 1686 3099 zato si uccide, allorché perde ogni speranza di di¬
1706 3077 2694 3130 cale ove lo sposo eil popolo festante l’attendono.
722 3090 1685 3165 sputarla al duca, & l'amante di Filippo Loschi,
1714 3129 2615 3194 Sarà cosi facile trovar pretesti alla breve assenza!
711 3158 1687 3210 poeta festeggiatissimo alla corte bolognese. II dolce
1743 3195 2689 3256 Ed ecco Beatrice desiderar di novo l'amore di
703 3204 1687 3252 vincolo che unisce il rimatore leggiadro alla ragazza
1711 3237 2684 3296 Filippo e chieder di trattenersi. Ma egli ormai &
713 3257 1688 3324 del popolo é ignorato da tutti; nei colloqui amo¬
1708 3287 2698 3352 sazio, non ha piü alcuna fiducia in lei e poiche la
709 3307 1685 3371 rosi, alle carezze si alternan disquisizioni sulla vita
1715 3357 2698 3407 vita senza l'amor suo gli sembra intollerabile chiede
714 3369 1681 3429 oltremondana, sui sogni. E appunto un sogno nar¬
1715 3410 2135 3474 alla morte il riposo.
723 3432 1688 3484 rato da Beatrice a Filippo é stato la cagione della
1752 3453 2696 3505 Quando la donna tra l’orrore e la disperazione
718 3477 1682 3531 separazione tra gli innamorati; la donna, con pa¬
1714 3515 2698 3571 si accorge che l’innamorato non é piu, la presenza
716 3535 1686 3588 role e immagini che spiacciono al poeta, racconta
1708 3582 2702 3648 del cadavere la riempie di paura, l’ istinto della
695 3577 1697 3636 di aver sognato che il duca Bentivoglio era dive¬
1249 4083 1307 4171 620
