3344 4352
2078 161 2965 239 —
1483 220 1930 309 box 36/2
257 223 1316 332 PanphletsOfforints
733 714 869 814 112
1342 707 2035 821 LETTERATI CONTEMPORANEI
696 812 1681 901 cender la stufa! Dunque é morto! Proprio morto.
1673 831 2678 907 Dio, come son contento! E ora che cosa faccio?
694 882 1673 959 Dovrei forse andare ad assicurarmene de visu. Si,
1691 896 2678 951 Bisogna che faccia qualche cosa, altrimenti mi viene
687 948 1675 1002 bisogna che ci vada e che lo constati. — Insomma
1696 965 2679 1022 un attacco di apopiessia dalla gioia. Calma! Fra
686 997 1670 1072 ha avuto il suo attacco al seguito d’ un eccesso di
1686 1006 2675 1081 un quarto d’ora andrö alla caserma e mi farô fare
694 1052 1679 1132 rabbia, di collera rientrata Che me ne importar.
1687 1063 2703 1131 una doccia da Giovanni.. Alle sette e mezzo ma¬
687 1097 1684 1181 La cosa principale é che lui sia morto ed io viva
1680 1113 2706 1172 neggie delle armi, alle nove e mezzo esercizil., Seri¬
939 1320 2499 1521 Zaus Gcc se
918 1533 2504 1697 LB
894 1687 2510 1840 uf ge
905 1824 2513 1994 G1
894 2005 2299 2149 Mu
1579 2271 2326 2394 CSchg
2323 2279 2546 2429 2C.
2493 2392 2545 2463 )
838 2406 1654 2586 (G 1 Pue
887 2515 1648 2739 Abudr 225.—
1362 2781 1963 2871 AUTOORAFO DI ARTURO SCHNITZLER.
668 3006 1651 3104 ell'avvenire mi appartenga. lo son qui a inghiot¬
1672 3055 2649 3128 verö subito a Steffi che deve esser libera stasera,
668 3102 1658 3172 tirmi i panini cotti dal signor Habetswallner.
1673 3109 2662 3187 che lo esigo.... — E non dimentichiamo che mi
674 3163 1652 3228 * Sono eccellenti, signor Habetswallner, sono straor¬
1653 3176 2658 3241 batto alle quattro con quel lidicolo dottore... Quanto
671 3215 1597 3275 dinarii i suoi panini!. E ora un buon sigaro!
1667 3221 2662 3304 ate non ti mancherö... Son disposto a tirarti gin
770 3252 1021 3323 Rodolfo!
1672 3273 2138 3341 come un passerotto..
780 3310 1126 3376 Signor tenente!
1699 3316 2642 3397 Questa novella & lutta moto, tutta vivacità; bi¬
780 3366 1473 3439 Ma lascia un po' stare la stufa!
1656 3383 2659 3455 sogna leggere o veder rappresentare dagli attori del
759 3415 1219 3488 — Scusi, signor tenente.
1662 3435 2661 3499 teatro Antoine il piccolo dramma La Compagna
731 3472 1518 3555 — E portami un sigaro., Un'avana
1666 3499 2658 3572 (Die Gejährtin) per intendere la profondità di pas¬
3231 848 3330 905 O st
