3344 4256
108 292 184 365 1
2046 188 2138 259 —
1117 277 1561 360 box 41/1
360 282 419 354 8
194 285 956 390 Miscellaneons
1701 1980 2789 2115 im Volksgarten.
462 1997 1680 2136 #e Eine Dichter-Allee
1697 2110 2608 2190 Wer etwa gar zu Berla, Elmar rathet,
245 2136 1359 2231 Für Hei! Jauchzet auf, laßt die Fanfaren tönen!
1702 2170 2648 2253 Daßt wohl in's Irrenhaus, auf jeden Fall,
296 2216 345 2257 „
435 2206 1279 2285 Gar vielverheißend ist der schöne Plan!
293 2254 341 2294 „
1712 2229 2713 2307 Nur Elschen Pleßner, rein und gottbegnadet
437 2276 1323 2336 Standbilder ja, doch nicht etwa gar jenen
1709 2296 2663 2367 Gehört dorthin auf's Marmor=Diedestal.
281 2321 341 2371 „
422 2323 1285 2395 Der alten Schule, die nun abgethan!
1714 2348 2738 2427 Nach Wedekind geht auch ein heiß Verlangen,
432 2369 1460 2458 Kein Bauernfeld darf stehen, wo man wandelt.
258 2389 414 2453 Abonne
1709 2409 2649 2495 Er dichtete und sang ja für „Jung Wien“,
244 2444 414 2500 Abonne
434 2436 1456 2520 Auch Friedrich hebbel paßt nicht auf den Fleck.
1722 2471 2788 2548 Und Hermann Bahr soll an der Spitze prangen!
433 2499 1421 2589 Grillparzer, der die Gegend nur verschandelt,
1720 2530 2562 2608 Als Dichterkönig stelle man ihn hin!
247 2556 418 2612 Inhalts
444 2562 1382 2642 Der muß vor allem Anderen gründlich weg!
256 2610 429 2657 blätt
1707 2617 2667 2703 Was sollen uns Vermoderte, Maustodte
258 2646 427 2695 wodure
433 2659 1378 2733 Nicht etwa Raimund, den verzopften, alten,
246 2679 401 2731 Leben
1707 2694 2743 2761 Mit ihren Werken? — Alter Uram und Schund.
267 2723 418 2802 theilun
435 2715 1375 2790 Nicht Anzengruber stellt auf diese Bahn;
1709 2747 2575 2819 Moderne Dichter steh'n ja zu Gebote,
433 2780 1409 2858 Man halte frei den Platz für Felix Salten
1710 2807 2548 2881 Sich aushauen zu lassen jede Stund'
442 2844 1382 2909 Und für die beiden Dör= und Ebermann,
1721 2865 2657 2935 Man forme die Allee aus den Genannten,
431 2892 1315 2961 Man mache ja nicht etwa grotze Plützer,
1722 2928 2532 2996 Nur so läßt sich ein Geisteswehen an,
436 2948 1449 3024 Stell' Nestrop, Kaiser, O. F. Berg dort hin,
1709 2971 2810 3058 Dann sieht man nicht nur Büsten der Bekannten,
435 3006 1530 3071 Denn Gans=Ludassp und der Arthur Schnitzler
1722 3037 2734 3118 Sie leibhaft selbst im Kaffee: Größenwahn.
419 3068 1415 3169 Sind die Unsterblichen nunmehr von Wien!¬
1491 3183 1874 3275 R
