3344 4352
1104 272 1566 374 box 41/2
116 294 972 409 1. Miscellaneous
2795 1320 3291 1425 Dinel
1510 1340 2809 1456 BoDomd!
802 1369 1155 1467 Nr
376 1378 389 1468 4
2891 1418 3294 1514 Abonnemone für die ##
2939 1485 3288 1543 g. Ghch#wesan mit eglech einmal
477 1465 940 1546 ebonnement für Wien?
2821 1491 3269 1565 Mershl. K. 6.20; uenost F. 4501 n
324 1495 1027 1586 U##glich zweimal Zustellung ind 4 Jus: Biertell. N. 0.4
2919 1548 3273 1589 nduns: Alitrirli. N, 11.—. Monn
1550 1474 2393 1636 Morgen-Ausgabe.
321 1519 1088 1633 aa- A. Pshrch h- hachtatug ier eu . chechtrstne
3137 1567 3265 1607 Z. 7.00. u
2940 1569 3117 1608 er allose: Giene
584 1577 829 1628 monat. N 2.30.
2808 1545 3244 1656 en. Siulschignd: vu enen 9
450 1600 983 1654 Telegramm=Adresse „Vergank. Wien“.
3039 1594 3302 1656 mter; bierneit Mor
360 1601 1092 1684 Hernipracher: Schriftleitung 19.250, Verwaliune 12 974.
3240 1633 3299 1682 and
2800 1623 3226 1712 Gu, alle dem Wallbopoerein¬
363 1640 1088 1702 Schrftleit. a Verwalt.: Sien, 6. Bez. Josefeas. —.
3049 1645 3302 1726 dilitlz. S. 16.—
344 1676 1085 1722 Aumnahmestelle für Kleine Unzeigen: 1 Bez., Schuleraz, 20,
1545 1654 2387 1738 Herausgeber: Ernst Vergani
342 1697 1075 1771 Breis dieser Rummeri Wien B Heller, Provinz 10 hen
1871 1720 2451 1822 =
3027 1781 3302 1882 XVII. J
1418 1793 2462 1905 Wien, Freitag, 20. April 1906.
307 1829 708 1938 Nr. 6212.
2166 1876 2279 1944 d  u
1364 1973 3305 2100 gestellt. Wie treffend, diese Geißelung Anschaunngen von Moral und Sitte
585 2011 1108 2119 Inhaltsübersicht.
2481 2049 3318 2101 Man braucht nur auf die von der Jnde
1379 2054 2505 2118 der liberalen Parteien und ihrer Sprachrohre,
1382 2079 3308 2168 der Judenblätter, war, beweist die Tatsache, daß das gierte Sexualmoral in den modernen
349 2076 1389 2154 Die Erdbebenkatastrophe in Kaliforniener¬
280 2136 1407 2215 scheint nach den neuesten Meldungen geradezu furchtbar.
343 2117 3317 2244 Ganz San Francisco ist vom Feuer bedroht, auf reichsdeutsche Verhältnisse gemünzte Wort auch bei Bühnenwerken hinzuweisen um dieses
280 2190 3308 2284 tausende Menschenleben sind vernichtet und seiner Anwendung auf österreichische Ver##nisse seinel seine Ziele jedermann greifbar zu brand
2561 2228 3305 2299 Der Beispiele, die sich da bieten,
1397 2247 2516 2325 volle Gültigkeit behält. Auch unsere Invenliberalen
278 2266 1396 2328 auch andere Städte Kaliforniens sind stark in
2495 2270 3318 2346 an die Förderung der eklen Werke eines
1396 2295 2496 2364 nennen sich „freisinnig", aber gibt es eine politische
283 2299 880 2380 Mitleidenschaft gezogen.
2497 2314 3312 2398 und Dörmann durch unsere Freiheits
382 2313 1396 2415 Fürden Ordnungsdienst im Johlenbecken
1397 2334 2500 2410 Tat, durch die sie diesen Titel rechtiertigen würden?
281 2371 1400 2461 von Pas de Calais wurden 17.000 Mann
1389 2381 3314 2454 Gab und gibt es, um nur zum nachstliegenden zu zu hunderten: wir können sie aber alle
278 2415 755 2503 Truppen bestimmt.
1399 2425 3309 2512 greifen, eine Waylreform, durch die breiteren Schichten uns auf die Beleuchtung eines Falles
376 2428 1405 2509 Der berühmte Physiker und Entdecker des
2700 2475 3136 2537 beschränken, auf
1397 2483 2726 2558 der Bevölkerung die Anteilnahme an der Verwaltung Tagen
279 2480 1402 2547 Radiums, Curie, wurde von einem Wagen überfahren
1404 2522 3311 2606 von Stadt, Land und Reich ermöglicht werden Maxim Gorkis Glück und Ende in Amer
280 2534 641 2615 und getötet.
375 2546 1412 2633 Bei einem Zusammenstoße der Elektrischen mit
1400 2561 3299 2654 sollte, die sie nicht mit allen Mitteln der vorgestern diese Geschichte bereits ku
293 2597 1416 2670 einem Postbestellwagen wurde der Kutscher und
1400 2615 3314 2706 Intrige und offenen Gesyalt zu hiniertreiben Stelle dieses Blattes shizziert. Es ver
283 2655 1211 2721 der Expedient des letzteren schwer verletzt.
1401 2659 3319 2751 versucht hätten? Gab und gibt es eine politische sie noch einmal, und wir folgen da ##
378 2668 1403 2743 Auf der sibirischen Bahn wurden bei einem Zugs¬
295 2722 1407 2790 zusammenstoße zehn Personen getötet und
1391 2708 3294 2792 Reform, die den erhöhten Schutz der Schwachen gegen= eines Londoner Blattes, zu erzählen:
2585 2748 3332 2834 Moxim Gorki, der angeblich nach
285 2768 928 2853 fünfzig schwer verletzt.
1388 2772 2519 2841 über den Starken zum Ziele hatte, gegen die sie sich
1400 2826 3318 2913 nicht mit aller Kraft gestemmt hätten? Gibt es ein kommen ist, um dort Vorträge zugunster
1398 2865 3320 2952 politisches Recht der Lehrer und Beamten wir erinnern Revolutionsfonds zu veranstalten, m
294 2876 1416 2977 Nicht freisinnig, sondern frei¬
2991 2908 3282 2993 zurückkehren,
1393 2908 2992 3009 nur an das passive Wahlrecht der Lehrer für den wieder nach Rußland
3026 2947 3332 3024 wiederzufinde
1394 2959 3000 3040 Gemeinderat, das man ihnen nicht erst in den schwersten „persönliche Freiheit“
446 2949 1032 3063 #hfinnlich!
3028 3004 3273 3083 Besuches
296 3000 3036 3130 (Maxim. Gorkis Glück und Ende in Kämpfen abtrotzen mußte? Gibt es ein Gesetz, das ersten Tagen seines
3028 3054 3187 3125 denn
2842 3046 2997 3125 gut,
1400 3075 2849 3150 die Auswüchse des Großkapitales zugunsten des Mittel=ging alles
691 3082 1052 3160 Amerika.)
383 3087 3318 3205 Ein konservatives reichsdeutsches Blatt, das vom standes und der kleinen Leute bezweckt, denken wir nur seiner „Leiden“ unter dem russischen
302 3160 3300 3267 Antisemitismus niemals etwas wissen wollte, bekam an die Steuergesetzgebung, gegen das sie nicht Himmel hatte das Publikum gerührt und s
296 3257 3317 3327 dieser Tage den Zorn der Mitteilungen des „Vereines und Hölle in Bewegung zu setzen trachteten und nommen. Auch war der nationale Stol
298 3293 3331 3375 zur Abwehr des Antisemitismus“ zu spüren. Es hatte das sie nicht mit den insamsten Mitteln durch Gorkis Anrede die er vom Deck
1412 3291 3330 3383 zu Fall zu bringen versucht hätten? Nur in einem aus in schwulstigen Worten an die St#
304 3334 1430 3416 ein furchtbares Verbrechen begangen, indem es die
1414 3332 3291 3435 Punkte blieben diese sogenannten Freisinnigen ihrem hielt, geschmeichelt. Gorki hatte
301 3375 1432 3468 Freisinnigen in einem polemischen Artikel konsequent
299 3447 3327 3503 die „Freisinnlichen“ nannte. Die Wut der Angegriffenen Namen getreu, aber auch in dieser Hinsicht täte man er bei der Landung seine Lunge
307 3440 3300 3555 war begreiflich, denn der gegen sie mit dieser gut, das „frei“ durch frech und das „sinnig“ durch dehnen und sein Blut wallen
308 3484 3332 3615 kleinen Veränderung ihres Namens geführte Hieb hattie „sinnlich“ zu ersetzen, und das ist das Gehiet der Sexual=Atmosphäre, die vom Geiste der Frc
311 3581 3328 3652 getroffen. Hinter diesem Witze verbarg sich ein tiefer moral. Da sind diese sonderbaren Freisinnshelden mit „Amerika, Amerika!“ rief er aus
313 3628 3304 3705 Ernst; mit einer kleinwinzigen Silbe wurde die einem Eifer, der einer besseren Sache würdig wäre, ich mich nach diesem Tage gesehnt,
313 3636 3329 3765 erbärmliche politische Haltung der judenliberalen Heiden in Wort und Schrift, in Versammlungen. in Zeitungen, den Boden betreten sollte, wo der De
298 3682 3337 3807 mit vernichtender Scharse gegeißelt, der freche Mißbrauch Broschüren und Büchern rastlos und emsig am bestehen kann!" Er und seine Begi#
303 3732 3331 3863 eines schönen Titels durch diese polnische Gaukler= Werke, ihren Idealen zum Siege zu verheifen und die Amerikaner für seine Frau hielten, wei
305 3783 3329 3897 bande genial charaktenisiert und das verlogene von unseren Vätern überkommenen, in den besten selbe ausgab, wurden von den „Freund#
315 3884 3329 3971 Treiben derselben unbarmherzig an den Pranger Instinkten und Gefühlen unseres Volkes wurzelnden mit offenen Armen empfangen und in
