3392 4224
232 140 1192 183 er Wilsch entspringt mehr einer Liebenswürdigkeit
184 175 759 221 hrerseits mir gegenüber als
798 181 1193 242 er Empfindung, daß
205 219 1195 292 hre reizvolle Komödie einer Einführung beim deutschen
163 258 528 313 Publikum bedürfe.
213 279 1201 360 Ein Vorwort, das ist schließlich immer eine Anti
157 333 1208 409 von Erklärung oder von Entschuldigung. Und die
159 373 1204 424 beste Entschuldigung für ein Werk wird immer bleiben,
152 420 1154 475 daß es gelungen ist; die zweifelloseste Erklärung,
166 468 1157 526 welleicht die einzig erlaubte, wenn es sich selbst erklär
162 499 1145 555 Welches Vergnügen mir die Lektüre von „Pet
168 540 1206 585 chagrin“ bereitet hat, habe ich Ihnen seinerzeit nicht
164 582 1200 640 verhehlt. Seither habe ich das Stück im Josefstädter
155 626 1187 663 Theater gesehen, und wieder hat es mir so lebhaft ans
152 667 1194 715 Herz gerührt wie damals, als ich es las. Nennen
157 706 1194 766 Sie es immerhin lächelnd den „kleinen Gram“ oder
158 747 1190 792 „keine Schmerzen“ (ich weiß, daß „Petit chagrin“
160 791 1148 832 hübscher klingt und eigentlich was anderes heißt -
156 827 1088 889 allerdings bestimmt nicht „Fesseln der Liebe“
150 866 1207 939 ich finde nun einmal, daß diese alltägliche Geschichte
158 905 1196 955 von der kleinen Mimi Foy im Grunde recht
151 949 1201 1003 traurig ist und auch Ihnen viel tranriger vor¬
157 994 1195 1047 kommt, als Sie es zugestehen wollen. Daß Mimi
158 1029 1204 1087 sich trösten, daß sie eine große Künstlerin werden, daß
157 1076 1165 1117 sie weiterleben wird, als wäre nichts geschehen —
157 1118 1210 1182 wie man zu sagen pflegt —, das macht die Sache
161 1154 1198 1210 höchstens für sie selim etwes weniger traurig, aber
157 1196 1199 1247 nicht für uns nachdenkliche Zuschauer des Lebens und
165 1238 1203 1298 seiner Nachbildungen. Und was mir eigentlich für
155 1285 1202 1336 Mimi noch weher tut, als daß ihr Herz ein wenig
159 1320 1207 1386 bricht und daß es ihr ein wenig zusammenheilt, ist
158 1363 1196 1419 dieses: daß sie alles, was ihr passieren wird, im vor¬
161 1402 1206 1444 hinein gewußt und so auch alle Seligkeit des Anfangs!
162 1443 1190 1494 schon mit der Ahnung von dem banalen Ende ge¬
162 1471 1203 1537 nossen und hingenommen hat. Und merkwürdigerweise
163 1524 1196 1584 hat sie sich nicht einmäl aufgelehm, koum einen
159 1563 1188 1605 Augenblick, und jedenfalls nicht sehr ernstlich. Aber
154 1605 1200 1663 sollte sie es wirklich ganz in der Ordnung finden, daß
166 1653 1191 1697 man ein Wesen ihrer Art verläßt, um irgend ein
154 1688 1192 1748 Fräulein aus guter Familie zu heiraten, und daß man
155 1728 1195 1786 ohne weiteres das Recht hat, sie in ihre Welt zurück¬
155 1777 1189 1827 zustoßen, um ein Mädchen aus einer anderen zur Frau
146 1811 502 1866 zu nehmen?
504 1818 1206 1884 Nein, ich glaube, sie weiß schon
158 1859 1204 1916 heute, daß ihre Welt die bessere und hoffnungsreichere,
154 1888 1203 1935 ist, und bald wird sie den tieseren Sinn und das Heil
145 1930 1204 1972 ihres Erlebnisses darin spüren, daß sie nicht zu ge¬
153 1971 1204 2032 ring für ihren Geliebten, sondern, daß er ihrer
147 2009 1201 2060 mnicht würdig war. — Damit wili ich Jorem Georges
150 2056 268 2108 icht
296 2059 1146 2115 einmal etwas Böses nachsagen. Er
157 2095 243 2142 im
252 2082 1195 2154 Grunde ein guter Junge, liebenswürdig
149 2132 251 2187 und
254 2124 1190 2197 hat viel Geist ... Den haben sie alle,
157 2178 245 2228 die
271 2178 1185 2235 jungen Leute in Ihrem Stück. Sie
159 2219 1189 2287 haben beinahe so viel Geist als ihr Schöpser und
160 2260 1203 2319 darum mauchmal mehr, als dieser veramworten
159 2295 1207 2364 könnte. — Besonders Herrn Daumesml habe ich sehr
149 2336 1202 2400 gern. Er könnte sich mit Recht darüber aufhalten,
163 2391 1206 2450 als Epifodensigur behandelt zu werden, und ich glaube,
156 2425 1203 2477 daß er ein wenig tiefer empfindet, und daß ihm daber!
161 2461 1194 2528 mehr Leid beschieden wird, als Sie uns verraten. Die
159 2508 1195 2565 meisten Stücke haben ja irgend einen allerletzten Akt,
157 2551 1210 2611 der nicht geschrieben wurde; und wenn man aus dem
157 2577 1199 2645 Theater nach Hause geht, liebt man es, solche aller¬
165 2622 1208 2689 letzten Akte zu dem ausgespielten Stück dazu zu
161 2675 1207 2724 träumen. Und manche solcher vierten Akte könnte
160 2710 1200 2777 man sich zu „Petit chagrin“ dazudenken. Aber wer
169 2757 1199 2807 weiß, ob es auch nur in einem von ihnen so lustig
164 2796 422 2849 zuginge als
432 2795 1198 2840 in Ihren dreien, die in all ihrer
163 2839 1206 2895 Melancholie oft sehr heiter und immer so amüsant
158 2884 1199 2930 sind. — So denke ich mir einen Akt, der zwischen
164 2926 1201 2964 Daumesuil und Mimi spielt; und mir ist, als wenn
161 2962 1208 3017 Schatten der Vergangenheit ziemlich schwer über ihnen
154 2993 1216 3059 beiden liegen müßten. Dann seh' ich Georges im
154 3043 1199 3094 Kreise der Familie Renouard, und trotz allen Glückes
165 3087 1200 3134 junger Brantschaft sehnt er sich doch nach einer ge¬
159 3131 1201 3173 wissen Nacht in Versailles zurück, wo unter den
167 3169 1201 3223 Fenstern drei Violinen und ein Piano spielten nach
156 3206 1206 3268 sirgend einem unordentlichen Frühstück bei Mimi, und
163 3250 1194 3294 wielleicht soger nach dem tauttgesüßen Abschiedsmahle
168 3290 1214 3343 im Café de Madred, de Sommerlüste über den offenen
167 3336 867 3396 Balkon in das stille Zimmer zogen.
223 3362 1206 3425 Sehen Sie, lieber Herr Vancaire, so mache ich mir
162 3402 1204 3473 Sorgen um manche Leute, die in Ihrer Komödie er¬
164 3456 350 3509 cheinen;
351 3455 615 3512 so stark ist
622 3456 1206 3510 der Hauch des Lebens, der
164 3499 1202 3550 von ihnen ausgeht. Nur um die kleinen Freundinnen
163 3541 1206 3588 der Lucie ist mir wenig bange, — cher um die Herren.
170 3580 910 3643 die einmal ihre Gatten werden sollen.
217 3615 1196 3665 Aber was erzähle ich Ihnen da? ... Sie wissen
178 3662 1196 3707 besser, was Ihre Figuren nach dem letzten Fallen des
172 3702 1208 3746 Vorhangs anstellen und erleben werden als ich. Es
174 3740 1207 3794 sind ja keine ungewöhnlichen Menschen, und wie Sie
170 3789 1211 3840 selbst, lieber Herr Vancaire, in der wehmütig
169 3830 1203 3873 lächelnden Ueberschrift ausdrücken, ihre Schmerzen sind
175 3864 1213 3918 gering. Aber wirkliche Menschen sind es, und ihre
175 3910 1208 3969 kleinen Schmerzen gehen uns aus Herz, so vergänglich
171 3955 1145 4017 sie sind. Und das wird wohl die Hauptsache sein.
1445 1339 2144 1424 Theater und Musik.
1372 1421 2220 1498 Ph. St. Im Lustspielhause hat gestern
1322 1469 2230 1536 eine dreiaktige Komödie „Fesseln der
1321 1512 2222 1563 Liebe“ von Maurice Vaucaire nicht
1328 1549 2232 1606 sonderlich starken Eiodruck gemacht. Nach dem
1334 1591 2229 1658 zweiten Akt hatte der Beifall mit Opposition zu
1342 1632 2227 1699 kämpfen. Artur Schnitzler hat zu der Buchaus¬
1332 1678 2223 1721 gabe des Stückes ein sehr liebenswürdiges Vor¬
1339 1718 2231 1761 wort geschrieben, das aber diese Komödie arg
1339 1742 2233 1807 überschätzt — jedenfalls wäre mir gestern
1340 1786 2230 1855 ein Stück von Schnitzler, gleichviel ob
1453 1822 2225 1876 oder ohne Vorwort von Vaucaire,
1339 1841 1447 1897 mit
1348 1864 2236 1923 weit lieber gewesen. Vaucaires Komödie besitzt
1334 1897 2233 1960 statt Grazie nur Spielrigkeit, statt Innerlichkeit
1348 1946 2236 1995 nur Gemütskoletterie. Der erste Akt bringt nicht
1347 1980 2239 2045 viel mehr als einen Schwankeinfall, der zweite
1343 2016 2232 2075 verweilt allzulange in der Ausmalung einer be¬
1342 2050 2249 2110 denklichen Sitnation, hat aber immerhin einige gut
1339 2092 2241 2151 psychologische Zeichnungen, der Schlußakt ist erfüllt
1347 2130 2242 2192 von der bei mittleren französischen Amtoren üblichen
1344 2169 2239 2239 Sentimentalität: Lucie, die Verlobte des schönen
1346 2207 2246 2265 Georges, besucht dessen Geliebte und erbittet von
1346 2250 2237 2310 ihr, daß sie Georges frei gibt. Was denn ja am
1359 2282 2236 2356 in all diesen Schlußakten bisher regelmäßig ge
1358 2325 2255 2397 schehen ist. Der schöne Georges hat #ag für Tag
1364 2362 2260 2420 von seiner Geliebten, der kleinen Konservatoristin,
1355 2406 2261 2462 Abschied genommen — einmal aber, im zweiten
1363 2442 2264 2498 Akte, wird er bei diesem Abschiednehmen, auf dem
1357 2486 2260 2549 Balkon einer Chambre séparée, von den Schwieger¬
1359 2523 2271 2571 eltern beobachtet, worauf dann die Verlobung
1363 2556 2266 2618 zum Leidwesen des Herrn Georges aufgehoben
1354 2604 2266 2654 wird. Denn Georges empfindet doch etwas wie
1358 2630 2276 2695 Liebe für Lucie und hat nur nicht die Kraft,
1366 2689 2260 2728 seiner Geliebten zum letzten Male Adien zu sagen.
1361 2708 2272 2781 Die Komödie hat mancherlei hübsche Einfälle,
1371 2752 2261 2809 aber kein rechtes Rückgrat. Das Ganze sieht bei¬
1366 2803 2265 2851 nahe aus wie eine Vuriation auf Schnitzlers
1365 2809 2272 2891 Anatol=Szene, nur daß Vaucaire a zu selten
1360 2849 2279 2929 die ironische Ueberlegenheit des Wiener Poeten
1373 2902 2271 2971 besitzt und keine Stimmungskraft hat. Im
1367 2938 2274 3002 zweiten Akte tauchen immer wieder Ansätze zu einer
1376 2979 2285 3053 echten Stimmung auf, aber er vermag sie nicht
1370 3018 2272 3076 festzuhalten und glaubt nun durch Ausmalung ins
1371 3054 2289 3121 Breite ersetzen zu können, was ihm an Dese
1374 3094 2270 3152 mangelt. Der Dialog ist flott, anegend und
1373 3140 2277 3193 amüant, leider steht die Uebersetzung nicht auf
1376 3169 2275 3238 gleicher Höhe. Schon der Titel ist ein Fehlgriff —.
1371 3217 2270 3269 Vaucaire nennt sein Stück „Petit chagrin“
1386 3251 2279 3312 der Uebersetzer sagt „Fesseln der Liebe“, was
1375 3289 2289 3352 ganz unzutreffend ist. Wollte er keine wirkliche
1375 3317 2294 3380 Uebersetzung wählen, so hätte er doch aus dem fran¬
1385 3365 2292 3432 zösischen Titel und aus Ton und Inhalt des
1376 3403 2292 3470 Stückes erkennen müssen, daß dann die richtige
1383 3436 2285 3507 Bezeichnung wäre: „Fesseln der Liebelei“
1387 3481 2287 3551 Uebrigens hat er nicht eine Uebersetzung ins
1386 3521 2277 3581 Deutsche, sondern ins Oesterreichische geschaffen,
1383 3564 2295 3619 verschärft durch mehrmalige Vorführung der ent¬
1379 3602 2133 3676 setzlichen Sprachmißgeburt „selststredend“.
2296 1282 3138 1344 Der darstellerische Erfolg des Abends war die
2232 1321 3134 1377 zierliche, temperamentvolle kleine Konservatoristin
2241 1374 3139 1416 des Fräulein Antonie Tetzlaff. Sie behandeit den
2242 1399 3140 1471 Dialog gewandt und graziös und vermag ein¬
2245 1439 3142 1492 dringlich und doch diskret zu charakterisieren. Sie
2243 1464 3154 1541 erinnert etwas an Lilli Peiri, zeichnet aber oft in
2243 1517 3142 1584 feineren Linien, immer aber mit instinktiver Treff¬
2250 1553 3144 1631 sicherheit. Das Auf und Ab der Empfin¬
2254 1595 3145 1661 dungen, von Betrübnis bis zu schalthaftem Ueber¬
2255 1633 3140 1698 mut, dann all der Lebens= und Liebeshunger dieses
2245 1670 3147 1720 Mädels, das ehrlich liebt, während der schöne
2257 1703 3141 1769 Georges nur liebelt, das kam gestern in der Dar¬
2258 1753 3144 1814 stellung dieser schwierigen und im zweiten Alt ge¬
2257 1783 3147 1843 fährlichen Rolle sehr glücklich heraus. Sehr gut
2253 1812 3159 1881 war's, wie sie zum Schluß die sentimentalischen
2257 1862 3147 1930 Rührungen des Verfassers durch eine gewisse Herbig¬
2247 1906 3151 1970 keit milderte. Für die tragende Rolle des Georges
2261 1932 3146 2008 reichte das Können des gestern allzuviel lächelnden
2262 1974 3152 2043 Herrn Spiranoch nicht aus. Ergötzlichen Humor zeigte
2258 2022 3150 2079 der ganz hübich erfundene Daumesnil Schönfelds;
2267 2057 3152 2128 ansprechend wirkten die Damen Sorger. Mallinger
2262 2099 3152 2155 und Marie Wendt. Das Talent der letzteren ver¬
2259 2138 3162 2209 diente aber wohl, vor größere Aufgaben gestellt
2262 2182 2858 2239 zu werden, als es gestern geschah.
