3344 4192
168 159 281 265 1
1170 138 1639 236 box 41/2
297 164 1037 268 Miscellaneons
2589 1197 3351 1284 —5 Uud woird der Schlaßpassal
2106 1210 2185 1281 —.
428 1218 729 1301 He Uur ...
433 1261 3353 1359 deutschböhmische Nervosität die übrigen deutschen Parteien, Privilegienparlament beseitigen, und dies versichern auch die böhmischen Abgeordne
525 1336 3330 1408 jene, deren nationale Gesinnung keinem Zweifel unter= Deutschböhmen, dann darf man nicht die Mandate auf der erklären, ohne daß
456 1332 3362 1455 negt, nicht ergriffen, und sie haben, wie der Beschluß des Goldwage wägen, sondern prüfen, was das größere Uebel darüber stattgefunden
1665 1406 3352 1533 nen en dine Fermndlcheit in elien, mn schini. Aie disec
1677 1496 3359 1569 eine fast lächerlich kleine Zahl erschienen, um dem toten Manne nicht eingestellt haben
515 1485 1444 1633 ## Feuilleton.
2927 1525 3360 1604 Was kümmert uns
1677 1532 2948 1623 die letzte Ehre zu erweisen. Der alte Löwe war gestorben und
2919 1593 3349 1656 uns doch die lebende
1328 1499 1501 1681 m.
1685 1594 2317 1687 die Kraft seiner Pranken dahin.
747 1624 1379 1727 Speidels Begräbnis.
1800 1622 3360 1717 In zwei Theatern hat Speidel gewichtige Worte gesprochen. Ruhm des Tages, v#
1697 1698 3361 1764 Er mußte nur ein Ja sagen, um Direktor des Burgtheaters zu werden darf, und so
533 1686 1696 1766 Als man den Sarg, der Ludwig Speidels vergängliche
1697 1733 3354 1815 werden, und lehnte es ab, während heute Kritiker sich die Füße Lob des Tages. Ic
418 1760 1693 1820 Hülle barg, im Vorraum der Heiligenstädter Kirche niederstellte
2940 1789 3359 1852 Reklamenotizen der
1685 1789 2948 1880 ablaufen, wenn in Simmering oder in Breitensee ein Theater
425 1807 1700 1867 und die Geistlichkeit vom Altar aus dem toten Manne entgegen¬
1692 1830 3360 1909 gebaut wird, dessen Leitung zu vergeben ist. Speidel wußte, öffentlichte einmal jen
439 1856 1699 1931 schritt, um ihn ein letztesmal nach kirchlicher Sitte zu begrüßen,
1693 1880 3361 1956 daß er, ohne Direktor zu sein, die geistige Macht besaß im Burg= angefleht wird, der#
435 1890 1699 1978 waren außer den nächsten Verwandten und Redaktionsgenossen des
1695 1936 3359 2004 theater. Von allen Burgtheaterschauspielern aber waren vier er= Olmütz einen großen
436 1953 1699 2018 verstorbenen Kritikers einundfünfzig Gäste versammelt, die bei
431 1974 3354 2062 Speidel den letzten Kritikerbesuch abstatteten. Während die Geist= schienen; doch das Burgtheater hat wenigstens einen Kranz des Herrn Y. in Vil
1686 2010 3350 2101 niedergelegt, um das Grab zu schmücken. Wo aber war Das gäbe ein unve
1606 2050 1707 2108 die
427 2044 1619 2133 lichkeit Gebete murmelte und der Weihrauch in
1690 2073 3350 2159 das Hofoperntheater geblieben? Wo Direktor Mahler, den und der Schmeichelei,
436 2093 1707 2176 Höhe stieg, drängten sich manchem der Anwesenden
1701 2121 3350 2199 er bei seinem Amtsantritte mit unvergleichlicher Wärme „Vanity fair“ von
443 2153 1706 2212 ernsthafte Gedanken auf, Vergleiche zwischen einst und
1702 2159 3355 2250 gefeiert hatte, den er als „den Salamander“ pries, der nur „im aber jene komische W
442 2185 1699 2266 jetzt, über Menschengröße und Menschenmacht, wie immer,
1697 2209 3361 2290 Element des Feuers leben“ kann? Als Gustav Mahler sein Amt der Tatsache erweckt,
441 2250 1709 2316 wenn ein Mächtiger durch den Tod gefällt wird. Denn ein
1703 2242 3353 2342 antrat, hat er Speidel und kleineren Kritikern seinen Besuch ab- Kritikers unserer Sta
442 2287 1713 2363 Mächtiger lag hier im Sarge. Den König der Kritik hatte man
1709 2308 3333 2398 gestattet, aber diesen letzten Besuch hat er sich erspart. Bei der Oft ist die trockene
451 2340 1708 2409 ihn genannt; während er lebte, haben ihn Theaterdirektoren,
2948 2358 3360 2428 Kainz, Löwe, Reimer
1693 2362 2964 2457 publizistischen Aufbahrung Speidels im angesehensten Blatte Wiens
444 2384 1715 2452 Schauspieler, Sänger, Literaten umbuhlt; angstvoll griff manch
1711 2412 3360 2483 allerdings hat auch er nicht gefehlt; haben sich hier doch selbst indem sie noch dem
441 2426 1705 2511 einer nach dem Zeitungsblatte, wo oft mit einem Worte Künstler
3037 2453 3340 2530 Und wo sind
1701 2467 2982 2533 Inhaber von Schneiderfirmen, die ihren Namen gedruckt lesen
449 2477 1719 2551 erhöht oder erniedrigt wurden; mit Zagen standen andere vor
1714 2499 3360 2583 wollten, mit Kondolenzen eingestellt. Wo sind ferner die Mit= schaften unserer St
452 2525 1705 2608 seiner Tür, um Mut zu sammeln, bevor sie an der Glocke zogen.
1703 2555 3359 2634 glieder der Oper geblieben, die Kapellmeister und Sänger? Sie Männergesangverein
443 2574 1714 2657 Vor dem Zudrang der Schmeichler mag ihm oft geekelt haben,
1709 2598 3359 2681 sind weder selbst erschienen, noch haben sie einen Blütenzweig auf Dichter unserer Sta
442 2612 1713 2714 und die Unsterblichkeit eines Tages hat er sich selbst zu¬
2944 2645 3360 2717 Worten nachgedichtet
1713 2659 2955 2724 den Sarg niedergelegt. Auch im Deutschen Volkstheater hat man
445 2680 1708 2757 gesprochen. Er hat nicht nur seine Macht, sondern auch die
1709 2691 3355 2781 sich nicht erin.#, daß Speidel hier wiederholt als Gast von den Dichtern nu
452 2721 1716 2799 Menschen gekannt, und vielleicht zog es ihn deshalb so stark zu
2956 2745 3350 2813 flammter Enthusiasm
1714 2746 2967 2821 erschienen ist, um über Werke von literarischem Rang
452 2773 1730 2844 den Stiefkindern des Menschenreichs, zu den alten Jungfern,
1702 2792 3359 2876 selbst sein Urteil abzugeben. Er hat mit diesen Feuilletons hat. Wo ist ein A#
452 2819 1723 2902 den verkrüppelten Kindern, den einsamen Junggesellen,
1715 2865 3336 2917 einzelnen Aufführungen (so denen Ibsenscher Stücke) einen beson= seinem Machtwort
454 2868 1711 2947 zu all den verschüchterten, in sich versponnenen, verwachsenen
456 2890 3357 2992 Seelen, die er alle mit rührender Liebe geschildert hat, weil er deren geistigen Glanz verliehen. Wie schade, daß Speidel nicht zu direktor Unbill wider
1717 2945 3356 3020 jenen Kritikern gehört hatte, die bei der Volkstheaterdirektion mit warmherzig gewürdi
458 2964 1719 3045 der geradgewachsenen, gesundheitsstrotzenden Menschen satt geworden
2960 2972 3346 3058 und Feinkünstler
460 2999 2954 3082 war. Dort fand er Wärme und Herzlichkeit der Empfindung, ihren Rezensionen gleich ein neues Stück einreichen, dann hätten
2962 3024 3309 3107 preziösen Verse
461 3096 2966 3136 die sich, von der Welt zurückgestoßen, in ein entstelltes Gehäuse vielleicht Direktor Weisse und seine Regisseure Speidels gedacht.
2962 3076 3360 3152 wunderer der Wie
463 3091 2971 3198 gesperrt nicht vorwagte; hier nur Eitelkeit und Egoismus in So aber ist es nur ein redlicher Mann gewesen, eine kernhafte
2957 3127 3332 3203 entdeckt hatte, er,
466 3134 2964 3234 allen Spielarten. Wie recht er gehabt hatte, zeigte das Be= Natur, dessen Sprachgewalt mit sittlicher Kraft sich paarte, der
2952 3178 3350 3251 sich selbst in hochmü
1713 3185 2966 3264 jetzt hinausgetragen wurde, den brauchte man nicht zu beachten.
457 3206 1714 3291 gräbnis. Von allen denen, die sich vor dem lebenden Kritiker
464 3284 3351 3346 gebeugt hätten, denen keine Entfernung zu groß, kein Wetter Das Raimund=Theater, das Speidel nie betreten hat, hat das Leben der neuen St
458 3281 3359 3403 zu schlecht gewesen wäre, um ihn in seiner Wohnung aufzu= Deutsche Volkstheater mit der Uebersendung eines Kranzes be= Werken an, daß be
