3344 4224
1723 59 2301 171 uriher
2515 62 3175 174 eirling.
991 78 1510 169 Dene
207 54 754 214 zu Nr. 25
2351 81 2515 203 4
3053 235 3328 314 seine Inter
1096 245 3064 314 zum andern persönliche Gefühle, wenn nicht nehmen; Versöhnungsversuche zur unrechten Zeit
146 260 1114 350 Dissolring Viens in deutscher und englischer
3064 273 3331 368 dieser We
1092 288 3072 384 tonangebend, so doch mitschwingend. Der und von falscher Hand geleitet, haben oft gerade
3057 345 3270 415 wegen,
461 335 779 421 Beleuchtung.
1099 345 3063 404 Komplex dieser Imponderabilien wird mit dem die entgegengesetzte Wirkung. Der Groll muß
3063 374 3326 456 Ihr Thea
1108 396 3064 467 abgegriffenen Wort unsympathisch bezeichnet. Ist erst verrauchen, ehe freundlichere Gefühle seine
192 397 1118 469 Rudyard Kipling wollte es offenbar Meister
3071 433 3333 509 Werke. D
2092 447 3064 517 Nachfolgerschaft antreten können. Wir können
1113 447 2105 506 uns ein Mensch „unsympathisch“, so suchen wir
140 461 1108 525 Swinburne gleichtun: also schrieb er ein maß¬
3064 467 3327 545 des Kanals
2093 489 3069 564 diesen Zustand tief bedauern; zur Zeit vermögen
1106 489 2098 572 ihn uns nach Kräften vom Leibe zu halten; wir
132 519 1128 568 loses Schmähgedicht auf die Deutschen, zu dem
3065 535 3317 607 heimischen
2089 527 2654 616 wir nicht, ihn zu ändern.
1116 544 2104 603 weichen ihm aus, wir wehren ihn ab. Und doch
139 554 1131 618 er um so weniger Veranlassung hatte, als er
3074 571 3337 649 können wir
2165 567 3075 648 Alles, was wir tun können, ist: die Hilfe
1111 593 2107 668 hat vielleicht jeder von uns die Erfahrung ge¬
138 587 1115 669 von Deutschland recht erkleckliche Honorare be¬
3065 612 3335 705 Kulisnma
2098 633 3070 691 der völkerverbindenden Macht Literatur aurusen.
1114 647 2106 713 macht, daß er, wenn es ihm gelang, die
135 638 1131 728 zieht; ja die Veröffentlichung kann nur eine
3132 674 3333 749 Ich sag
2099 680 3084 750 Wir dürfen den Engländern mit bester Absicht
1131 677 2100 757 persönliche Abneigung zu überwinden, in dem
141 696 1129 770 Taktlosigkeit genannt werden, wenn man
3077 713 3328 791 produkt ist
2078 731 3074 786 raten, sich mit deutscher Literatur etwas intimer
1114 738 2106 797 anfänglich Gemiedenen ungeahnte Vorzüge ent¬
146 753 1130 814 sich erinnert, wie teilnahmsvoll die deutschen
3071 768 3331 842 heimatlichen
1124 778 3069 845 deckte. Bei einem Volke urteilen wir nach den vertraut zu machen. Bei ihrer verhältnismäßig
149 801 1125 865 Zeitungen vor ein paar Jahren die Krankheit
3068 819 3339 887 nationale G
2093 820 3073 904 mangelnden Sprachkenntnis wird dies nur durch
1125 837 2106 915 Vertretern, die uns zu Gesichte kommen. Nun
139 834 1136 909 des Dschungeldichters verfolgt haben und daß ihm
3065 869 3331 939 Liebe des 2
2103 867 3083 941 das Medium von Uebersetzungen zu erzielen
1123 869 2107 963 ist es ein Unglück, daß sich die Kenntnis so
140 896 1121 959 der deutsche Kaiser damals ein huldigendes Tele¬
3067 915 3338 983 erwecken sie
2093 916 3074 1002 sein. Seit Coleridge und Walter Scott unsere
1128 926 2108 992 vieler Deutschen vom Engländertum lediglich
143 944 1124 1017 gramm gesandt hat. Eine Taktlosigkeit — unter
3068 950 3347 1033 augenblicklich
2099 976 3079 1030 Klassiker eingebürgert — nein: einzelne ihrer
1118 977 2111 1058 auf jene Exemplare stützt, die auf der Durch¬
147 986 1123 1061 allen Umständen; aber von geringer Tragweite,
3079 994 3347 1081 schlechtsleben
2104 1019 3084 1087 Werke vortrefflich umgedichtet haben, seit
1114 1017 2115 1111 reise begriffen sind. Hundertmal ist es gesagt
146 1034 1126 1113 wenn man bedenkt, daß derselbe Kipling, der
3080 1051 3351 1133 nachempfund
2110 1051 3086 1128 Bayard Taylor den Engländern einen anständigen
1127 1067 2115 1135 worden, daß wir da nicht des erlesensten
147 1088 1131 1159 jetzt die Deutschen Hunnen schimpft, unlängst
3079 1095 3327 1185 Zone ein
2104 1115 3084 1184 Begriff vom „Faust“ gegeben, hat nichts von
1129 1116 2117 1188 Materials ansichtig werden. Gevatter Schneider
146 1137 1130 1198 kerst der englischen Jugend nicht minder kräftig
3071 1155 3308 1227 Ehebruch
2114 1162 3087 1229 künstlerischem Belang bei ihnen festen Fuß ge¬
1121 1176 2121 1244 und Handschuhmacher werden leider mit der
144 1187 1136 1253 die Leviten las, wodurch er seine Sympathien
3082 1205 3341 1284 mann zeit
2119 1211 3080 1268 faßt. Ganz sporadisch ist ein Roman wie Spiel¬
1117 1217 2114 1283 englischen Nation identifiziert. Wer ein Volk
137 1233 1133 1296 in England beträchtlich einbüßte. Er hat es
3077 1256 3344 1324 lobung, auf
2109 1263 3071 1340 hagens „Problematische Naturen“ eingedrungen.
1130 1270 2118 1330 will recht verstehen, muß in Volkes Lande gehen.
138 1271 1139 1351 nun so weit gebracht, daß ihn hüben wie drüben
3084 1288 3359 1369 eisernen B
2103 1305 3088 1383 Im allgemeinen erfreut sich die ausländische
1128 1311 2121 1389 Und es ist eine unumstößliche Tatsache, daß
137 1335 1142 1415 kein ernster Mensch mehr ernst nimmt; und
3079 1344 3342 1417 Institution
2108 1360 3084 1418 Memoirenliteratur größerer Beliebtheit: Bis¬
1133 1344 2109 1441 jeder Deutsche, der einmal in England geweilt,
154 1378 1131 1444 selbst die „Times“, die wahrhaftig zur Freund¬
3083 1388 3350 1471 verheirateten
2110 1417 3079 1475 marcks „Gedanken und Erinnerungen“ sind z. B.
1141 1416 2113 1487 sein Urteil in wesentlichen Punkten berichtigt
146 1406 1143 1489 schaft der beiden Völker nichts beiträgt, konnte
3084 1454 3348 1519 den Horizon
2106 1452 3086 1519 sofort in die Uebersetzermühle gewandert. Aber
1138 1462 2114 1551 hat. Ich meine, das sollte uns zu denken geben.
144 1464 1149 1546 diesmal dem Poeten, dessen Aug' in argem
3083 1503 3341 1566 Segen der
2112 1499 3089 1569 ich habe nie Grillparzer und Hebbel, Gottfried
1200 1501 2137 1585 Von zehn Deutschen, die Paris recht gut
145 1519 1138 1593 Wahnsinn rollte, nicht durch dick und dünn
3082 1540 3353 1622 sträubt sich,
2108 1543 3088 1626 Keller und Fontane in einer englischen Ausgabe
1137 1550 2133 1623 kennen, ist kaum einer in London gewesen. Der
153 1564 1149 1654 folgen. So verscherzen Dichter, wenn sie täppisch
3080 1599 3363 1660 einerlei, au
2113 1603 3074 1684 erblickt; ich habe nie einen Engländer getroffen,
1135 1606 2115 1676 Kanal, den man in drei Stunden durchfährt,
158 1628 1096 1699 nach Tagesfragen langen, ihre Reputation.
3090 1634 3361 1723 steht mit de
2113 1633 3081 1711 der ein Buch des Schweizers gelesen hatte.
1130 1647 2123 1726 trennt die beiden Länder, als ob er ein kleines
349 1664 1149 1740 - Der Burenkrieg ist längst beendet, die
3078 1697 3330 1772 auf einer
2118 1680 3087 1762 Fehlt es den Verlegern in London an Unter¬
1144 1706 2117 1786 Weltmeer wäre. Pariser Leben, Pariser Gesell¬
140 1708 1144 1802 Streitaxt offiziell begraben. Geblieben aber ist
3087 1726 3328 1808 „Liebelei“
2105 1742 3094 1823 nehmungsgeist? Nein — der Grund ist, wie
1145 1743 2121 1821 schaft, Pariser Mode, Pariser Kunst, Pariser
152 1763 1149 1841 das gespannte Verhältnis zwischen England und
3088 1780 3352 1854 und Wirrur
2121 1783 3089 1868 bald dargetan werden soll, anderswo zu suchen.
1133 1791 2121 1867 Theater, Pariser Romane:: unsere Zeitungen
155 1798 1155 1884 Deutschland. Unsere guten Leilartikler, die die
3089 1819 3353 1908 Vereinigten
2174 1837 3092 1916 Von den Zeitgenossen ist dem einzigen
1145 1837 2130 1917 sind voll davon. Der unbedeutendste Korrespon¬
156 1868 1144 1942 Dinge aus der Vogelperspektive beschauen, und
3077 1881 3353 1951 weniger als
2118 1886 3094 1961 Hermann Sudermann die Ehre widerfahren, in
1141 1898 2126 1962 dent, der in Paris sitzt, schreibt einen amüsanten
156 1915 1137 1990 die Feuilletonisten, die in ihrem Sokrateskorb
3083 1930 3362 2006 und Klärch
2114 1922 3091 2020 England und vielleicht mehr noch in den Ver¬
1137 1950 2133 2014 Artikel, wenn er drei französische Blätter ge¬
159 1961 1143 2040 sitzen, haben meist keine Ahnung, bis zu welcher
3079 1973 3354 2045 Fnicht. Sh
2126 1978 3099 2055 einigten Staaten von Amerika gekannt zu
1133 1998 2133 2057 #lesen hat. Alles, was sich in Paris ereignet,
159 2005 1147 2080 Höhe die Erbitterung gediehen ist. Auf beiden
3078 2015 3339 2099 gläßt seine
2114 2036 3099 2111 werden. Seine bleibende Bedeutung wird ver¬
1143 2028 2135 2109 wird uns tagtäglich sein zubereitet serviert;
159 2060 1143 2125 Seiten hat man so systematisch Haßgesät, daß
2108 2075 3359 2163 mutlich darauf beruhen. Im Ausland gilt er 4Wir sind g
1139 2076 2127 2162 nicht der kleinste Skandal bleibt uns erspart,
157 2095 1145 2166 die Ernie riesengroß angeschwollen ist. Ich will
2115 2128 3354 2194 als „the German dramatist“. Dank seiner Schnitzler
1140 2122 2132 2200 und die großen hören gar nicht mehr auf.
155 2144 1151 2216 hier nicht das alte Lamento anstimmen, wie
2125 2171 3353 2247 „Heimat“ genaunt „Magda“. (Als ich Ende Hhältnis w
1144 2199 2136 2258 Neben dieser bevorzugten Schwester steht London!
157 2200 1146 2259 bedauerlich es sei, daß zwei stammverwandte
2126 2215 3362 2289 Oktober die Kunstbarbarei New=York verließ,Tacitus' Lo
1144 2239 2132 2310 als Aschenbrödel da. Ein Ehescheidungsprozeß,
160 2254 1149 2315 Nationen sich wie Hund und Katze gegenüberstehen.
2119 2274 3362 2345 führte Mrs. Patrick Campbell gerade allabendlich kommt, in
1138 2287 2130 2357 eine empörende Gerichtsverhandlung verirrt sich
159 2293 1148 2365 Ich will noch weniger der Doktorfrage näher
2124 2331 3351 2391 „The Joy of Living“ — gemeint ist: „Es lebe Frau ihre
1144 2338 2129 2394 wirklich einmal in die Spalten unserer Zeitungen.
165 2351 1149 2418 treten, auf welcher Seite das größere Maß
2125 2385 3360 2437 das Leben!“ — zum Schmerz aller Moral=Novelle „D
1154 2396 2130 2452 Aber ein Schmöker von Pierre Louys wird
160 2405 1156 2470 von Schuld zu suchen sei (die Deutschen sagen,
2119 2413 3362 2485 trompeter auf, die in der Presse einen Feldzug Eein verstät
1153 2424 2133 2499 ausführlicher behandelt als die Tagebücher Lord
169 2440 1154 2514 auf englischer, die Engländer, auf deutscher
2128 2464 3352 2543 gegen dieses „drama of dirt“ eröffneten mit Iwvie Christin
1149 2479 2133 2554 Byrons, und jahraus, jahrein wird uns von
172 2494 1161 2557 Seite). Ich will nur den Ausspruch eines
2111 2497 3363 2597 einer Erbitterung, die einer bessern Sache fenäckig gelen
1140 2528 2132 2602 krassen Nichtwissern versichert Englands zeit¬
175 2535 1160 2605 Engländers wiederholen, daß heute unter seinem
3152 2562 3361 2632 Erotisch
1158 2554 3099 2643 genössische Literatur komme überhaupt für den würdig gewesen wäre.) „Heimat“, für unser
172 2583 1161 2668 Volke eine instinktive Abneigung gegen alles
3091 2603 3354 2683 zutage in
1165 2596 3102 2691 Kontinent nicht in Betracht. Jeder Maler wall= aller Geschmack ein gezwiebeltes Theaterstück
173 2638 690 2726 Deutschtum vorherrsche.
3097 2646 3353 2723 glaube) Wi
1153 2664 3106 2733 fahrtet nach Paris, um im Louvre und Luxem= mit einer Dynamitrolle, gilt den Völkern der
232 2667 1161 2756 Eine instinktive Abneigung! Damit wäre
3097 2702 3361 2779 könne heu
2118 2705 3111 2776 Lenglischen Zunge als der Gipfel des modernen
1157 2720 2130 2784 bourg die französischen Meister aus eigener An¬
168 2725 1169 2805 das letzte Stadium erreicht. Triebmäßig haßte
3105 2749 3354 2818 schreiben, o
2127 2757 3111 2831 Realismus; der Oberstleutnant a. D. Schwartze,
1154 2777 2134 2835 schauung kennen zu lernen; aber er hat nie
162 2783 1158 2855 der Römer den Punier, der Muselman den
3109 2800 3361 2865 Hauptmann
2129 2787 3114 2876 als der bewundernswerte Vertreter stramm¬
1156 2822 2136 2890 davon gehört, welche Schätze die Tate=Gallery
169 2824 1166 2901 Christen; triebmäßig haßt der Freigeist die
3103 2856 3363 2917 Behauptung
2132 2844 3108 2926 preußischer Tugend. Scherz beiseite: sie sehen,
1146 2870 2138 2935 oder Hampton Court birgt; die Präraphaeliten
174 2870 1155 2966 Mucker, die „Krenzzeitung" das Indentum. Das
3096 2895 3355 2966 wies gemei
2119 2884 3103 2977 in diesem „besten Drama unserer Tage“ ein
1151 2906 2136 3007 sind ihm bestenfalls ein artistisches Intermezzo.
167 2931 1156 2992 ist der Haß, der in Fleisch und Blut über¬
3098 2945 3350 3011 solcher Mei
1226 2951 3108 3020 Die Wurzel alles Uebels ist die Unkenntnis, verblüffend getreues Abbild deutschen Wesensz
169 2978 1162 3058 gegangen ist, der sich vom Vater auf den Sohn
3098 2988 3361 3071 Paris zuge
1154 2993 3119 3079 Davon sind weder die Engländer noch die und wenn sein Verfasser sich zu einer Amerika¬
174 3027 1159 3094 vererbt, der sich so tief eingefressen hat, daß
3105 3043 3321 3113 denkbar.
1150 3045 3103 3129 Deutschen freizusprechen. Sie kennen sich nichtfahrt entschließen wollte, wäre ihm drüben ein
172 3076 1156 3149 ihm hydraartig immer neue Köpfe wachsen.
3102 3088 3361 3173 zu machen
1152 3091 3113 3179 und sie wollen sich nicht kennen. Vorurteil, Empfang sicher, wie er seit Dickens und dem
181 3123 1157 3192 Soweit ist es bei uns Gott sei Dank doch noch
3101 3132 3361 3204 Teilnahme
2125 3140 3110 3220 kläglich verkrachten Mascagni keinem Sterblichen
1160 3143 2133 3229 Befangenheit spukt in den Köpfen. Statt schlank¬
176 3171 1168 3239 nicht gekommen. In breiten Schichten des Volkes
3104 3192 3356 3257 deutsche In
2132 3210 2552 3282 zu teil geworden.
1153 3210 2130 3289 weg einzuräumen: England ist uns terra
177 3210 1170 3290 mag wohl ein tiefeingewurzeltes Vorurteil gegen
3113 3243 3361 3303 Darauf g
2728 3216 3108 3311 überschwenglichen
2190 3220 2743 3320 Die Erklärung für so
1152 3251 2141 3331 incognita, gürtet sich der Deutsche mit dem
176 3264 1165 3341 das perfide Albion bestehen — ich werde nie
2142 3282 3107 3365 Preis liegt auf der Hand. Wer so gut wie
1156 3298 2133 3369 überlieferten, durch die Tradition geheiligten
181 3312 1173 3388 vergessen, wie Heinrich v. Treitschke in der
3171 3333 3359 3396 Nun gi
2136 3336 3097 3409 nichts kennt, hält sich notgedrungen an das,
1163 3349 2147 3423 Gefasel. Statt ihren bewährten common sense
176 3359 1173 3448 letzten Vorlesung, die er an der Berliner
3107 3366 3352 3450 deutsches 2
1172 3365 3117 3466 sprechen zu lassen, schleppen die Engländer ihre was er kennt. Sudermann geht als Sieger
176 3409 1169 3486 Universität hielt, seine Hörer wie mit Hunden
3100 3429 3359 3496 einmal ein
2127 3439 3116 3503 durchs Ziel, weil kein anderer mitläuft. Doch
1163 3438 2156 3523 Karikaturvorstellung von Deutschland bis zum
683 3463 1169 3528 aber ein Häuflein
185 3469 637 3540 gegen England hetzte
3112 3483 3293 3540 sollen —
1166 3481 3119 3559 Grabe. In dem #ugenblick, wo sich die Völker dies wäre nicht möglich, wenn sich seine Werke
181 3501 1173 3592 Britenfreunde ist bei uns nicht ausgestorben und
3112 3527 3363 3591 schauung u
1163 3533 3123 3608 kennen lernen werden, muß naturgemäß einenicht in hervorragendem Maße für den Export
176 3550 1177 3631 es sind nicht die Schlechtesten, die sich beherzt
3114 3571 3353 3642 Provinzbüh
1167 3578 3117 3664 Annäherung zwischen ihnen stattfinden, denn es leigneten. Die Seereise tut ihnen keinen Schaden;
178 3608 1171 3682 dazu bekennen. Kaufleute gehören ihm an, bei
3101 3616 3353 3689 zwiefacher
1156 3614 3112 3701 besteht zu viel Wesensverwandtschaft zwischen der hahnebüchenste Dolmetsch vermag sie nicht
182 3653 1175 3725 denen materielle Gründe entscheiden mögen, und
3107 3663 3362 3739 die Englän
1168 3670 3112 3765 ihnen. Dann wird es ihnen plötzlich wie  unterzukriegen. Die Sängerin Magda dall Orto
176 3709 1169 3783 Gebildetste, für die nur ideelle Gründe maß¬
3108 3722 3356 3787 eigenes St
1178 3721 3107 3808 Schuppen von den Augen fallen und reumütig hat internationale Schminke auf den Backen;
184 3748 1172 3835 gebend sein können. Freilich, ihre Zahl will
3108 3766 3363 3837 eine gedieg
1162 3765 3111 3858 werden sie zugestehen, daß sie in ihrer Ver=fihr catonischer Vater ist nicht ein preußischer
190 3794 1179 3878 nicht mehr viel bedeuten gegenüber der kompakten
3106 3822 3322 3895 Mitteln
1170 3813 3119 3906 blendung nur zu lange gewerbsmäßigen Aus=Militär von altem Schrot und Korn, sondern
180 3859 929 3945 Majorität von Englandverkleinern.
3106 3864 3351 3930 ihnen Gel
2124 3873 3116 3930 ein der melodramatischen Requisitenkammer ent¬
1164 3894 1851 3963 wieglern Gehör geschenkt haben.
256 3889 1169 3967 Die Ursache dieser Abneigung läßt sich
1235 3915 3336 3994 Wie heute die Verhältnisse liegen, wird Lsprungenes Versatzstück. Nicht seine Nationalität! Kenntnis
183 3946 1180 4027 schwer feststellen. Wie im Verkehr von Mensch
187 3965 3361 4082 zu Meusch sind auch im Verhältnis eines Volkes man am besten eine abwartende Stellung ein= hat den Schriftsteller emporgehoben, sondern! Ich will n
