3392 4256
1130 365 1571 458 box 41/1
134 377 975 474 1. Miscellaneons
494 1487 960 1566 Telephon 12801.
155 1565 1354 1660 Alex. Weigl’s Unternehmen für Zeitungs-Ausschnitte
1138 1623 1372 1691 Ausschnitt
1177 1674 1426 1776 Nr. 48
371 1660 1031 1788 „OBSERVER‘
135 1753 1468 1858 erf. behördl. conc. Bureau für Zeitungsberichte u. Personalnachrichten
253 1821 1262 1933 Wien, IX/1, Türkenstrasse 17.
427 1908 1068 1976 — Filiale in Budapest: „Flgyelö“-
141 1948 1477 2055 retungen in Berlin, Chicago, Genf, London, Newyork, Paris, Rom, Stockholm.
142 2109 561 2192 sschnitt aus:
690 2131 900 2218 KE
138 2268 660 2372 m.7 2
693 2475 1159 2562 let Vertehmsheien
398 2589 1374 2655 h. Hie vernhmtesten Dichter. Homer, Arthur Schnitzler,
336 2620 1366 2697 Shakespeare, Bernhard Buchbinder, Dante, Landesberg,
335 2680 805 2748 Goethe, Felix Dörmann.
544 2945 1040 3015 Bezugs-Bedingungen:
186 3013 1233 3099 50 Zeitungsansschnitte (Artikel oder Notizen) Kr. 15.—
1119 3013 1473 3113 28.—] inelusire
1062 3056 1111 3111 „
1284 3063 1451 3109 Porto.
176 3076 272 3124 100
1120 3090 1227 3127 50.—
1068 3101 1112 3144 „
1262 3098 1470 3148 Zahlbar
813 3118 864 3162 „
179 3117 280 3162 200
1068 3127 1234 3179 „ 110.—
919 3142 974 3196 „
816 3160 866 3196 n
695 3160 756 3195 n
1065 3130 1490 3223 200.— im Voraus.
915 3186 984 3222 „
821 3185 871 3230 „
695 3192 761 3240 n
191 3189 1518 3291 Im Gegensatze zu anderen Bureaux für Zeitungsausschnitte ist das
1147 3241 1520 3298 auch steht es den
144 3265 1115 3334 onnement durch keine bestimmte Zeitdauer begrenzt;
147 3300 1401 3368 onnenten frei die aufgegebenen Themen zu ergänzen oder zu ändern.
196 3352 1517 3445 Der „OBSERVER“ veranstaltet täglich einen Auszug enthaltend die
147 3403 1521 3490 haltsangabe aller wichtigen Mittheilungen der Wiener Morgen¬
159 3436 1519 3529 ätter (Tagesjournale ausser „Neue Freie Presse“ und „Wiener Zeitung“)
148 3482 1522 3567 durch eine Uebersicht über das gesammte politische und wirthschaftliche
147 3524 1528 3608 ben des In- und Auslandes in drastischer Kürze geboten wird. Diese Mit¬
158 3573 1119 3651 eilungen werden in Wien um 9 Uhr Früh verschickt.
406 3655 1176 3751 Prospecte gratis und fnanco.
2717 191 3053 254 en chten
1663 190 2179 264 I. Ssler. Pener
1888 246 2881 331 Wien, IXn. Türkenstrasse 12.
2068 306 2700 392 Filiale in Budapest: „Figyelö“ —
1661 367 3079 445 Vertretungen in Berlin, Chieago, Genf, London, Newyork, Paris, Rom, Stockholm.
1658 491 2950 633 Ausschnitt aus: Deutsches Vollebiat.
1654 652 1958 728 vom:
2146 959 2657 1057 Eine Roßelegie.
2234 1038 2579 1110 Von Lertha.
1929 1069 2959 1154 Da haben wir nun die Bescherung! Ein netter
1840 1137 2954 1201 Fall! Jetzt werden schon die Elemente antisemitisch!
1847 1183 2966 1242 Traurig, aber wahr ist's. Das Wasser war's ohnehin immer,
1840 1221 2957 1272 das Licht ist's auch geworden, seit diese verteufelten städtischen
1848 1267 2948 1311 Gasflammen Wiens Straßen so hell und antisemitisch be¬
1845 1304 2956 1363 leuchten, und jetzt wird auf einmal gar die Elektrizität von
1843 1352 2961 1409 dieser Pest des letzten und aller zukünftigen Jahrhunderte
1761 1394 2944 1444 50 angestochen. Das ist wahrlich ein starkes Stück! Das anti¬
1650 1408 1766 1481 Für
2952 1422 3069 1479 sive
1758 1439 2946 1487 100 semitische Wien jährt elektrisch! Na, so was war noch nicht
2959 1469 3042 1510 10.
1767 1481 2939 1540 200 da! Mir schwant, die ganze Kultur will noch antisemitisch
2939 1491 3049 1551 bar
1771 1533 2577 1581 500 werden. Zuzutrauen wär's ihr schon.
2949 1536 3069 1607 raus.
1705 1565 2962 1622 „ 1000 Und die armen Tramwayrösser? Was soll mit denen
1776 1602 3100 1655 In geschehen? Da sieht man, wie inhuman und gedankenlos sst das
1659 1647 3108 1714 Abonnem die Antisemiten wieder einmal vorgegangen sind! Das jes den
1671 1699 2961 1745 Abonnen war in unseren seligen liberalen Zeiten doch anders. Da
1856 1745 2936 1798 war so ein Tramwayroß ein geschätztes Vieh. Aber sie
1787 1775 1838 1831 D
1849 1762 3102 1844 sind vorbei, die schönen, gutmütlichen, liberalen Zeiten! Die Ind die
2952 1812 3107 1861 gon¬
1667 1799 1856 1869 Inhaltsa
1853 1835 2951 1883 Rösser, die guten lieben Tramwayrösser, dieses edle
1668 1857 1859 1916 Dlätte
1861 1847 3099 1925 Wahrzeichen, diese Personifikation der nun sauft in Abra=frung“)
2948 1889 3108 1945 ftliche
1673 1902 1851 1952 wodurch
1850 1925 3104 1979 hams Schoß ruhenden liberalen Aera, sind aus deme Mit¬
1673 1938 1855 1987 Leben d
1679 1967 2958 2030 theilunge Straßenbilde Wiens verschwunden. Tränen hab' ich ge¬
1841 2007 2966 2060 meint, als ich neulich in der Nacht vom 28. auf den 29. des
1843 2025 2970 2112 „Frostungs“ wie man auf allhochdeutsch sagt, das letzte
1857 2077 2922 2147 „Paarl“ auf dem Ring traben sah und klingeln hörte.
1931 2121 2960 2179 Es wäre seit dem Verschwinoen der Rösser aus dem
1842 2165 2967 2242 „öffentlichen Leben“ rein nimmer zum Aushalten, wenn
1849 2214 2959 2271 mie nicht trotz alledem noch den — Schnitzler hätten, der,
1853 2269 2975 2318 wie das „Neue Wiener Tagblatt“ berichtete, „beinahe“ den
1850 2314 2968 2365 Grillrarzer=Preis bekommen hätte. Ja, wir haben ihn noch,
1844 2347 2966 2413 ihnzund den Dörmann, dessen „Werke“ schon im — Vater¬
1837 2379 2983 2454 leike preisgekrönt werden, und den Gelber, den Verbessererst
1841 2422 2963 2494 des Shakespeare, und den Felir Salten, den geist= und er¬
1841 2478 2963 2534 findungsreichen Leiter des Vorüberbrettels „zum
1844 2511 2961 2587 lieben Augustin“ u. s. w. Das ist der einzige Trost, der uns
1846 2559 2959 2607 den Verlust der Tramwayrösser verschmerzen läßt. Die
1847 2602 2955 2659 Rösser sind tot, es leben die — Konkordiadichter! Wie ich
2959 2615 3053 2708 4
1842 2657 2956 2707 zu dieser schönen Wendung komme? Nun ja, die Dichter
1851 2697 2956 2756 reiten doch den Pegasus, und der Pegasus ist ein Roß,
1848 2739 2956 2798 und zwar bei unseren Ghettodichtern wahrscheinlich ein
1853 2784 2681 2847 Tramwayroß. So reimt sich das zusammen.
1935 2821 2963 2878 Auch die Roßwürsteln, diese Spezialität des verwichenen
1855 2866 2959 2920 liberalen Wien, werden nun vielleicht bald verschwinden.
1859 2906 2960 2965 Die Antisemiten wollen es nicht anders. Sie hassen dieses
1855 2962 2962 3018 Futter. Lassen wir sie! Es bleibt uns ja noch immer als
1850 2979 2961 3051 vollwertiger Ersatz das schmackhafte Lesefutter erhalten, das
1857 3031 2966 3095 uns die Julius Bauer, Buchbinder, Löwy und andere in
1853 3076 2978 3139 ihrer Geistesküche zubereiten. Da ist Schmalhans Küchen¬
1852 3125 2974 3182 meister, und darum müssen sie uns mit billigen Roßwürsteln
1851 3168 2971 3225 und noch billigerem Kren absüttern. Nur keine Verschwen=
1856 3222 1989 3285 dung!
1926 3236 2964 3319 Sehr gut gefallen hat mir in diesen Tagen der mut¬
1856 3295 2972 3354 willigen antisemitischen Rösserpensionierung die Haltung
1854 3342 2969 3398 meines Leibblattes der „Wiener Morgenzeitung“ Sie hat
1855 3390 2961 3444 sich in edelmütiger Weise der so grausam von den Antisemiten
1856 3428 2970 3488 verfolgten Rösser, die in kalter Wintersnacht, zwar nicht
1860 3478 2960 3537 „auf die Straße gesetzt“ sondern aus der Straße wegversetzt
1854 3515 2965 3578 und zu den „Arbeitslosen“ hinabgestoßen wurden. augenom¬
1862 3563 2966 3619 men. Wenn nicht alles täuscht, hat sie sogar einen dieser
1855 3606 2959 3665 entlassenen Gemeindebediensteten als Mitarbeiter aufge¬
1866 3639 2968 3709 nommen. Es erschien nämlich am kritischen Tage ein langes,
1868 3696 2959 3747 mit „Ego“ gefertigtes Gedicht in der „Morgenzeitung“
1857 3711 2966 3814 in welchem eines der entlassenen Tramwayrösser in de¬
1859 3774 2972 3865 rührendsten Weise von seinem Aktivdienste Abschied nimmt.
1859 3829 2972 3909 Ein hübsches Gericht war's! Man sollte nicht glauben, daß
1850 3876 2976 3934 Pein — Straßenpensionär so elegische Gefühle haben könnte!
1868 3916 2988 3995 Man wird sich den „Ego“ wohl merken müssen. Das wäres
1864 3958 2972 4036 ein „Schlager“ für das Wolzogensche „Ueberbrettl“, das
1869 4002 2976 4079 jetzt sogar hofopernfähig geworden ist. Wieso es gekommen
1857 4044 2926 4124 sei, fragt ihr? „Lirumlarum!“ antwortet die „Feuersnot“
1865 4088 2977 4166 „Löffelstiel!“ ergäntt ein alter Gassenhaner klug und weise,
1863 4130 2982 4208 Doch für heute Schluß! Denn ich muß mich auf den morgigen¬
1841 4190 2383 4257 Konkordiaball vorbereiten.
