3436 4352
1198 354 1661 450 box 41/1
193 362 1061 468 1. Miscellaneons
2140 1312 2609 1416 Telephon 12801.
681 1335 1144 1425 Telephon 12801.
1769 1383 3016 1499 Alex. Weigl's Unternehmen für Zeitungs-Ausschnitte
322 1440 1573 1512 Alex. Weigl’s Unternehmen für Zeitungs-Ausschnitte
2776 1440 3012 1534 Ausschnitt
1323 1481 1558 1564 Ausschnitt
2822 1513 3095 1608 Nr. 80
1993 1476 2699 1637 „OBSERYER“
286 1501 1240 1647 105 „OBSERYER“
1371 1559 1618 1647 Nr. 72
210 1623 3138 1713 I. österr. behördl. conc. Burèau für Zeitungsberichte u. Personalnachrichten L. österr. behördl. conc. Buxeau für Zeitungsberichte u. Personalnachrichten
1897 1655 2925 1770 Wien, IX/1, Türkenstrasse 17.
420 1695 1454 1787 Wien, IX/1, Türkenstrasse 17.
2058 1732 2703 1824 — Filiale in Budapest: „Figyeló“
598 1768 1249 1839 — Filiale in Budapest: „Figyelö“-
1681 1775 3133 1912 Vertretungen in Berlin, Chicago, Genf, London, Newyork, Paris, Rom, Stockholm.
219 1831 1654 1911 Vertretungen in Berlin, Chicago, Genf, London, Newyork, Paris, Rom, Stockholm.
2321 1892 2985 2049 Gerüner Tageuiner
1670 1940 2315 2046 Ausschnitt aus:
205 1964 762 2058 Ausschnitt aus:
832 1905 1539 2118 Noue Frote Prosen
1690 2055 2315 2193 vor. 10 4 (40 2-
205 2082 749 2198 vom: 107770 7
416 2311 1544 2395 [Der Mißbrauch mit dem Namen Arthur
1859 2331 3078 2424 XX Noch einmal „die Kinder der Armen“. Herr Direktor
312 2356 1527 2426 (Schnitzler's.] Man berichtet uns aus Berlin: Der
1807 2371 3079 2458 Karl Weiß vom Karl Weiß=Theater giebt uns in einem Schreiben
336 2409 1528 2469 Director des Karl Weiß=Theaters sendet der „Berliner
1826 2427 2148 2485 „ehrenwörtlich“
2141 2428 2528 2490 die Versicherung,
2770 2437 2897 2494 der
2554 2434 2682 2488 daß
2663 2439 2772 2483 er
2905 2443 3079 2507 ganzen
334 2456 1527 2519 Morgenpost“ folgende Zuschrift: „Ich kann Ihnen die ehren¬
1817 2451 2935 2533 empörenden Telegrammaffäre vollständig fern stehe.
2923 2478 3059 2534 Herr
334 2489 1537 2547 wörtliche Versicherung geben, daß wir der ganzen empörenden
1815 2504 2781 2565 Weiß schreibt des Näheren: Das Stück
2760 2498 3050 2563 „Kinder der
1815 2535 1999 2586 Armen“
2002 2543 3069 2597 habe ich im letzten Sommer für unsere Bühne
337 2549 1533 2612 Telegramm=Affaire, respective Namensfälschung, ebenso fern
1814 2572 3076 2642 erworben, ohne den Verfasser irgendwie zu kennen. Dieser schreibt
332 2582 1535 2634 stehen, wie Herr Arthur Schnitzler. Was ich weiß, ist
1810 2609 3068 2657 in einem Briefe vom 22. d. M. an mich mit der Bitte, als Antor¬
335 2622 1524 2681 Folgendes: Das Stück „Kiuber der Armen“ habe ich im letzten
1820 2648 3063 2726 namen sein bekanntes Pfeudonym Ernest v. Jurco anführen zu wollen,
332 2658 1536 2732 Sommer für unsere Bühne durch den Hof= und Gerichts¬
1810 2682 3046 2745 unter anderem wörtlich Folgendes: „Ich veranlaßte bereits,
338 2714 1534 2765 advocaten Herrn Dr. O. F. Eirich, Wien, erworben, ohne
1805 2703 3034 2772 daß diese Preiniere der Aufmerksamkeit der
338 2752 1534 2807 den Verfasser, der sich auf dem Manuscrivt mit drei Sternchen
1809 2746 3064 2818 Kritiker sämmtlicher bedeutenden Blätter Berlins
342 2792 1531 2850 bezeichnete, irgendwie zu kennen. Derselbe schrieb Ende vorigen
1806 2796 3049 2850 durch einen berühmten Fachmann empfohlen werde.“
1822 2838 3134 2911 Der Brief ist unterzeichnet mit Gréger=Jurco, Wien IV, Preß=se
347 2822 1529 2894 Jahres einmal an mich bezüglich der Aufführung seines
1815 2878 3077 2941 gasse 28. Ich stelle den Brief im Original zu Ihrer gefälligen.
1713 2860 1828 2945 Für
337 2869 1631 2933 Stückes. Der Brief war unterzaichnet mit Ernest v. Greger= geire
209 2879 337 2959 Für
1813 2911 3114 2969 Einsicht. Sämmtliche auf die Telegrammaffäre bezugnehmenden Ar
340 2922 1608 2974 Jurco. In einem späteren Briefe vom 22. April schreibt der rio.
1810 2947 3154 3027 hiesigen Preßstimmen habe ich an den Hof= und Gerichtsadvokaten aus.
341 2967 1613 3033 Herr wiederum an mich und bittet mich, als Autorname sein ühur
1815 2990 3058 3050 O. F. Eirich, Wien, II, Praterstraße 38. durch dessen Verlag ich das
343 3004 1637 3058 bekanntes Psendonym „Ernest v. Jurco“ anführen zu wollen. oraus.
1811 3020 3061 3083 Stück „Die Kinder der Armen“ erworben, geschickt und zwar mit
342 3049 1531 3112 Außerdem schreibt er wörtlich Folgendes, und das halte ich für
1822 3058 3065 3118 dem Ersuchen, Herrn Gréger=Jurco zu veranlassen, sich über die
3052 3072 3176 3143 den
338 3075 1672 3156 das Wichtigste in der ganzen Angelegenheit: „Ich veranlaßte## aus
1811 3101 3062 3182 qu. Angelegenheit zu äußern.“ Ob sich Herr Gréger=Jurco noch
1717 3108 1818 3192 Ab
1822 3133 2144 3181 „äußern“ wird?
219 3120 357 3187 Abon
348 3122 1675 3188 bereits, daß diese Première der Aufmerksamkeit der Kritiker“ den
1722 3145 2369 3227 Abonllenten 1 u
222 3157 360 3239 Abon
345 3178 1534 3253 sämmtlicher bedeutenderen Blätter Berlins durch einen berühmten
1839 3183 3181 3285 Der „OBSERVER“ veranstaltet täglich einen Auszug enthaltend die
341 3216 1660 3288 Fachmann empfohlen werde.“ Der Brief ist wieder unterzeichnet end die
3116 3259 3169 3305 4
1727 3232 3167 3331 Inhaltsangabe aller wichtigen Mittheilungen der Wiener Morgen¬
341 3263 1664 3324 mit Greger=Jurco, Wien, IV., Preßgasse Nr. 28. Ich habergen¬
221 3273 344 3345 Inhal
1734 3267 3156 3367 blätter (Tagesjournale ausser „Neue Freie Presse“ und „Wiener Zeitung")
348 3304 1674 3369 bereits an Dr. Eirich, Wien, sämmtliche hiesigen Zeitungs=unna“)
1739 3303 3176 3409 wodurch eine Uebersicht über das gesammte politische und wirthschaftliche
353 3333 1679 3406 stimmen geschickt mit dem Ersuchen, „Herrn Greger=Jurco zu anliche
236 3265 356 3423 ir
1743 3359 3188 3454 Leben des In- und Auslandes in drastischer Kürze geboten wird. Diese Mit¬
345 3391 1668 3456 veranlassen, sich über die Angelegenheit zu äußern. Wir be-se Mit¬
216 3402 361 3462 Leben
1739 3406 2777 3502 theilungen werden in Wien um 9 Uhr Früh verschiekt.
218 3441 1533 3522 theilo dauern die ganze unerquickliche Affaire ungemein und sehen
319 3489 1519 3557 ebenfalls sehr gespannt der betreffenden Aufklärung ent¬
2064 3480 2851 3586 Prospecte gratis und fnanco.
319 3547 545 3629 gegen.“
