3436 4320
1149 275 1604 390 box 41/1
163 293 1022 405 1. Miscellaneons
2282 1458 2445 1545 L
1314 1457 1568 1600 RRRRE
643 1540 2975 1658 Wetterleuchten“ in 15.500 Exemplaren, di den gesunden Geschmack des deutschen Volkes nicht um¬
627 1539 2983 1724 billige Auswahl aus „Wetterleuchten“ („Kreuz und zubringen vermögen — das christliche Deutsch¬
1815 1596 3012 1721 österreich läßt sich aber seine Freude an den herr¬
161 1628 545 1734 er0
1805 1651 3019 1757 lichen Gaben seiner Dichter nicht verleiden. Und vom
637 1690 1817 1765 Schwert") in 10.000 Exemplaren, somit von diesem
1806 1692 3030 1828 Lyriker Eichert sagen wir mit Stolz, daß er
633 1739 1818 1802 einzigen Buch 25.500 Stück verbreitet wurden, eine
175 1722 628 1824 f dem Kriegs¬
1685 1777 1821 1840 dem
982 1782 1687 1858 die den „Dichtern“ nach
641 1790 945 1865 Auflagehöhe,
1816 1801 2139 1896 unser ist.
650 1808 1824 1904 Herzen der Pernerstorfer und Adler vor Neid das
2174 1803 2303 1936 S
164 1827 637 1927 hat die Zuerkennung
642 1855 1830 1947 Wasser im Munde zusammenlaufen machen muß. Eine
182 1901 644 1976 jährlich an den be¬
644 1913 1832 1998 Neuauflage des „Wetterleuchten“, steht für den Herbst
166 1953 637 2024 Franz Eichert be¬
649 1969 1835 2056 bevor. Die viel später erschienenen „Kreuzlieder" und
167 1997 651 2082 zleiden laborierenden
643 2022 1816 2099 „Höhenfeuer“ wurden in je 3000, die „Kreuzesminne“
178 2048 651 2121 e zu befreien. Nur ein
645 2059 1835 2162 in 1500 Exemplaren aufgelegt, beziehungsweise abge¬
177 2099 638 2165 Tat des Wiener Ge¬
657 2137 1837 2202 setzt, ein Erfolg, dessen sich nur ganz wenige Lyriker zu
153 2144 643 2221 re deutschen Meister!“
656 2165 1833 2244 rühmen vermögen, selbst solche, denen alle Reklame¬
155 2191 656 2283 achs singen. Es ist
657 2215 1840 2294 trommeln der Cliquegenossen zur Verfügung stehen. Die
178 2238 657 2321 g gehörte Klage, daß
655 2272 1837 2351 Münchener „Allgemeine Rundschau“, hat im Vorjahre
171 2299 647 2359 ngern lassen und erst
659 2313 1850 2401 eine Statistik der meist verbreiteten lyrischen Dichtungen
177 2345 653 2422 decken. Wenn man im
651 2362 1839 2442 gebracht. In der Zusammenstellung stand an erster
192 2395 653 2466 Christlichsozialen re¬
172 2408 1844 2532 schuldig macht, sondern Stelle der „Irrgarten der Liebe“, des von der Kritik
230 2485 1843 2548 nicht bloß mit verhätschelten Bierbaum, an zweiter Stell
191 2513 1841 2602 Taten, so verdient aber schon Eicherts „Wetterleuchten“. Der Wiener
659 2560 1837 2630 Gemeinderat hat also zweifellos einen Würdigen geehrt.
167 2582 675 2675 g. Nur das Organ
665 2607 1845 2689 Daß Eichert ein „katholischer Vogel“ ist, dessen „Kirchen¬
205 2642 672 2709 und Adler findet
666 2657 1837 2753 rauch“ der Nase Dr. Adlers großes Mißbehagen ver¬
167 2673 660 2761 Wiener Gemeinderates
666 2703 1848 2793 ursacht, konnte für den Wiener Gemeinderat kein
197 2738 661 2810 giftigem Hohne über
672 2743 1855 2833 Grund sein, Oesterreichs erfolgreichsten Lyriker
188 2781 667 2853 den es einen „katho¬
663 2802 1848 2876 in seinen alten kranken Tagen hungern zu lassen. Das
167 2822 675 2902 oethe“ einen „frommen
671 2854 1857 2939 Christengetto, das kein geringerer als Dingelstedi
204 2866 672 2954 Kirchenrauch trieft",
670 2900 1861 2981 warnend angekündigt hat, mag dem sozialdemokratischen
172 2928 669 3006 essen Bücher mit Aus¬
169 2950 1852 3042 fe, nennt. Es ist richtig, Organ als Ideal vorschweben — ein Ideal, das jo
168 2998 1854 3100 en=Literaten, er gehört leider bereits dank der Uebermacht der Judenpresse zum
167 3045 1849 3141 liberale Clique hat ihn Teil Wirklichkeit geworden ist — der christliche Wiener
175 3137 1864 3193 ber seine Muse hat sich Gemeinderat braucht sich nicht nach dem Kommando der
181 3145 1847 3240 Presse zum Trotz be= Literatur=Mohel zu richten. Wir gönnen den Sozial¬
181 3181 1853 3289 schner hätte den un= demokraten und Juden ihre Winter, Buchbinder, Werk
178 3233 1861 3359 ding belehrt, daß Eicherts mann, Schnitzler und wie sie alle heißen — sie werder
1273 3312 1468 3421 S
