3392 4256
-4 3329 61 3370 ür
187 238 230 290 *
1179 196 1640 292 box 41/1
341 205 404 272 M
251 208 1032 308 IScellaneous
914 1077 1254 1165 on 12801.
469 1149 1626 1248 A. Weigl’s Unternehmen für Zeitungs-Ausschnitte
664 1226 1586 1361 „OBSERYER“
1424 1282 1573 1375 Nr.
1566 1297 1678 1389 19
306 1357 1668 1441 I. östergbelerggconc. Bureau für Zeitungsberichte u. Personalnachrio
554 1404 1502 1508 WWien, I., Concondiaplarz 4.
307 1496 1658 1561 Vertretungen in Berlin, Budapest, Chicago, Genf, London, Newyork, P’aris, !
667 1542 1373 1595 Stockholm, Kristiania, St. Petersburg.
291 1659 792 1741 Ausschnitt aus:
1104 1752 1684 1845 er Mamerist, Wie
310 1808 477 1871 vom:
843 1832 1079 1922 5 9 70
771 2033 1101 2128 Allerlei.
1263 2110 1617 2173 (Nachdruck verboten.)
377 2150 1627 2209 (Zum „süßen Mädel“.) Von Dr. Arthur Schnitzler, dem
257 2202 1619 2268 begabten und feinsinnigen wiener Dichter, wurde das Wort vom
258 2263 1620 2317 „süßen Mädel“ geprägt; es soll ein Charakteristikum für den Typus
260 2301 1627 2355 der kleinen treuen, Freud und Leid mit dem Geliebten gerne
265 2352 1625 2407 teilenden Freundin sein, die ihm das Dasein so angenehm wie
263 2407 1628 2459 möglich zu gestalten sucht. Ist sie uns nah, wird uns wohl ums
270 2454 1620 2504 Herz, plandert, scherzt und lacht sie, so sind wir seelenvergnügt, und
274 2500 1621 2558 singt sie gar eines der wiener Volkslieder, mit seinem kecken,
268 2549 1626 2618 urwüchsigen Tert und seiner heiteren, ein wenig auch sentimentalen
256 2642 1688 2712 Melodie, dann lieben wir unser „süßes Mädel“ von ganzem Herzen zie
264 2701 1671 2751 und mit ganzer Seele. Heinrich Reinhardt, der so rasch o.¬
272 2731 1684 2811 populär gewordene Operettenkomponist, hat das „süße Mädel“ mit an
1617 2765 1685 2826 ru
273 2779 1629 2856 seinen echt wienerischen Melodien musikalisch verherrlicht und der
274 2826 1629 2909 feschen kleinen Wienerin ein Loblied gesungen, das in der ganzen
273 2873 1636 2959 Welt freudigen Widerhall fand. Ueberall spricht und singt man
274 2925 1633 3004 vom „süßen Mädel“, „das just so akurat, in seiner besten Laune
915 2979 1629 3038 kein Wunder, wenn in Wien, der
262 2991 853 3066 der Herrgott g'schaffen hat“
276 3026 1642 3106 Vaterstadt des „süßen Mädel“ ein Wein=Restaurant gegründet
609 3075 1688 3162 der sieghaften Kleinen zu Ehren — zum „süßen #
271 3095 541 3154 wurde, das
275 3127 1692 3206 Mädel“ getauft wurde? So wie wir uns dieses lieblich und ge
280 3174 1636 3260 graziös, herzig und klein von Gestalt denken, so ist auch das Lokal
282 3222 1644 3302 „zum süßen Mädel“; klein, aber fein, traulich und reizend, mit
275 3277 1639 3349 einem Wort: ein Vijon! Hier kann man sich wirklich amüsieren
279 3320 1633 3402 und die echte wiener Gemütlichkeit, die man längst entschwunden
281 3383 1645 3446 glaubte, kennen lernen und sich an ihr erfreuen. Ein erquisites
269 3421 1648 3496 Buffet, echte, unverfälschte Weine (in= und ausländische), eine tüchtige
271 3479 1654 3541 Salonkapelle und brillante Natursänger sorgen dafür, daß der
278 3527 1649 3582 Besucher des Restaurants „zum süßen Mädel“, das im Herzen
286 3575 1651 3640 der Stadt — wo denn sonst? — I. Bez., Kärntnerstraße 8
275 3620 1684 3690 (Kärntner=Durchgang) etabliert ist, immer und gerne wiederkommt. 8#
2120 99 2203 181 —
2185 1257 2651 1352 Telephon 12801.
1823 1354 3028 1422 Alex. Welgl’s Unternehmen für Zeitungs-Ausschnitte
1771 1402 2977 1574 /41106 „OBSERYER“
2829 1459 3095 1561 Nr. 60
1708 1543 3160 1626 I. österr. behördl. conc. Bureau für Zeitungsberichte u. Personalnachrichten
2007 1612 2902 1701 Wien, I., Concondiaplarz 4.
1724 1660 3159 1752 Vertretungen in Berlin, Budapest, Chicago, Genf, London, Newyork, Paris, Rom.
2093 1727 2788 1797 Stockholm, Kristiania, St. Petersburg.
1725 1854 2246 1944 Ausschnitt aus:
2418 1873 3157 1990 Peertache Zeitung, Mi
1726 1993 2194 2151 vomt 26 90
2194 2275 2582 2378 Glossen.
1999 2336 2981 2456 bbe läßt in seinem Lustspiel „Scherz, Satire,
1959 2406 2982 2520 und tiefere Bedeutung“ den Baron Haldungen
1924 2458 1963 2509 ie
1805 2442 1931 2520 Ironi
1808 2504 1970 2570 sagen:
1918 2457 2994 2600 „Indenjungen, deren Bildung im Schweinefleischessen
1819 2538 2978 2664 besteht, spreizen sich auf den kritischen Richterstühlen und
1825 2595 2989 2696 erheben nicht nur Armseligkeitskrumen zu den Sternen,
1824 2636 3012 2762 sondern injurieren sogar ehrenwerte Männer mit ihren
1835 2736 2126 2815 Lobsprüchen.“
1917 2712 2997 2846 Paßt das nicht auch noch heute auf unsere kritischen
1832 2800 3003 2893 Schmöcke, die den Artur Schnitzler verhimmeln und
1745 2809 1828 2876 F
2987 2853 3124 2905 orto.
1837 2807 3143 2942 gebenbei auch den Ansengrüber sehr wohtwottend be¬ ####
2983 2876 3147 2943 jhlbar
3016 2920 3183 2982 Voraus.
1840 2924 2058 3013 handeln?“
2789 2944 2950 3005 S00
2755 2964 2797 3012 n
1876 2980 3186 3063 Im Gegensatze zu anderen Bureaux für Zeitungsausschnitte ist das
1756 3026 3203 3126 Ab#nnement durch keine bestimmte Zeitdauer begrenzt; — auch steht es den
1763 3074 3062 3162 Abonnenten frei die aufgegebenen Themen zu ergänzen oder zu ändern.
1870 3144 3187 3229 Der „OBSERVER“ veranstaltet täglich einen Auszug enthaltend die
1762 3222 3176 3273 Inhaltsangabe aller wichtigen Mittheilungen der Wiener Morgen¬
1761 3232 3193 3317 blätter (Tagesjournale ausser „Neue Freie Presse“ und „Wiener Zeitung“)
1766 3271 3201 3347 wodurch eine Uebersicht über das gesammte politische und wirthschaftliche
1762 3314 3193 3398 Leben des In- und Auslandes in drastischer Kürze geboten wird. Diese Mit¬
1759 3362 2784 3433 tkeilungen werden in Wien um 9 Uhr Früh verschickt.
2098 3451 2860 3523 Prospecte gnatis und franco.
