3344 4320
1971 120 2172 206 —
1130 229 1605 326 box 41/1
147 225 980 339 1. Miscellaneous
3130 1105 3319 1194 besonders
2152 1117 3134 1193 mangelhaften Büldung werden selbst die Berglabylen
215 1147 2149 1217 „Im bunten Rock“ dazu angetan ist, eine uns die Pariser Schwankautoren vorspiegeln,
3133 1178 3309 1234 tätiger H
2158 1178 3131 1237 des Rif auf den regelmäßigen Märkten durch die
1184 1200 2120 1268 mit lächelnder Miene weis zu machen suchen.
215 1211 1196 1267 kulturfördernde Rolle zu spielen; aber ein
3129 1211 3311 1270 tümer v#
2165 1224 3129 1277 Sendboten und Vertreter der Körperschaften, welche
1264 1236 2160 1301 So gut wir also an Fäulnis glauben, die
203 1249 1196 1332 persönlich so liebenswürdiges Opuskulum wie
3132 1259 3322 1321 ihrerseits
2161 1265 3129 1319 die panislamitische Bewegung leiten, über alle wichtigen
1184 1285 2160 1370 nicht in dem Grade vorhanden ist, dürfen wir
223 1301 1196 1360 „Alt=Heidelberg“ behagt doch auch ihren, für
2173 1312 3129 1363 Ereignisse innerhalb der islamitischen Welt, über die
1183 1337 2162 1414 auch an Fäulnis glauben, die vertuscht werden
3143 1355 3318 1408 als Heil
2167 1347 3126 1421 Pläne und Absichten der Christen genauer unterrichtet,
221 1342 1199 1424 schwerere Kost einstweilen noch nicht oder nicht
1188 1386 2161 1445 soll, die zweifellos in höherm Grade vorhanden
3129 1386 3303 1453 für die
2160 1397 3130 1450 als wir im allgemeinen ahnen und als sie selbst zu
209 1404 1196 1466 mehr geschaffenen Gaumen. Als Pionier ist das
3130 1434 3325 1495 und Zan
2164 1443 3137 1495 erkennen geben. Zahlreiche Anzeichen sprechen dafür,
1192 1449 2165 1505 ist. Es kommt hier wie in so vielen Dingen
222 1447 1189 1516 deutsche Studentenschauspiel gerade recht; und
2165 1482 3135 1547 daß die panislamitische Propaganda gerade in den
1199 1472 2155 1548 des Lebens nur auf die Gewöhnung an. Wo
219 1486 1198 1554 wenn Mr. George Alexander es demnächst in
3139 1526 3306 1582 Massen
2166 1512 3144 1588 letzten Jahren anläßlich der Bemühungen der Frau¬
1198 1529 2160 1595 das Interessantere liegt, weiß jedermann; aber
212 1543 1191 1612 englischer Uebertragung aufführt, wird London
3139 1568 3328 1624 Marabut#
2164 1567 3137 1627 zosen in die Saharaoasen vorzudringen und anläßlich
1197 1578 2173 1644 wir sind davon überzeugt, daß wir hier wie
225 1590 1190 1666 vielleicht ebenso entzückt sein, wie es New=York
3141 1612 3305 1670 begnügt
2171 1613 3133 1677 der Gefahren, die Marokko seitens der europäischen
1209 1627 2165 1687 dort, bei der geheuchelten Blütenweiße wie bei
222 1649 973 1721 schon ist — aus Kuriositätsinteresse.
3132 1649 3327 1713 Bekleidun
2167 1656 3132 1718 Mächte drohen, mit erhöhtem Eifer und großem Er¬
1199 1675 2170 1746 der übertriebenen Verderbnis zu falschen Schlüssen
289 1664 1204 1745 In letzter Linie beruht die Unkenntnis der
3148 1701 3329 1757 stützen. 2
2168 1696 3130 1758 folge betrieben worden ist; die Seele dieser Bestrebungen
1196 1726 2161 1790 gelangen würden, wollten wir aus dem Rampen¬
3133 1738 3331 1797 buts träh
220 1721 1207 1798 Engländer von deutscher Literatur auf ihrer
2164 1756 3134 1804 ist der Orden der Beni Senussi, dessen Mitglieder
1199 1775 2153 1842 licht des Scheins unvermittelt in das Sonnen¬
3138 1780 3333 1853 ihren Ei
2156 1784 3132 1842 +nach vielen Hunderttausenden zählen. Andere marok¬
228 1785 898 1850 mangelnden Sprachbeherrschung.
1209 1836 1805 1916 licht des Seins hinaustreten.
2171 1828 3147 1901 katsische Orden lehren völlig republikanische und sozia¬
299 1818 1202 1901 Die Unkenntnis der Deutschen von englischer
2160 1858 3139 1936 Tlistische Grundsätze. Diese oft nur mit dürftigen
1634 1860 2160 1947 Max Meyerfeld.
212 1888 1201 1944 Literatur schreibt sich zwar sicher viel häufiger,
2179 1913 3139 1977 Lumpen bedeckten Marabuts spielen auch im öffent¬
224 1931 1200 1999 als zugegeben wird, aus dieser Quelle, kann
2176 1952 3138 2028 lichen und sozialen Leben eine große Rolle. Das
223 1983 1202 2042 aber nicht in demselben Umfang ins Treffen
1296 1979 2044 2077 Die marokkanischen Marabnts.
2172 1996 3137 2067 gesamte Geistesleben des Landes konzentriert sich in
3146 2013 3327 2085 Es ist ei
222 2028 1239 2099 geführt werden. Größer als die Unkenntnis der #
2165 2045 3143 2105 den Zawias. Es sind dies mehr oder minder aus¬
1255 2042 2176 2117 In Marokko spielen die großen Massen der
3144 2066 3337 2127 bald nach
226 2086 1207 2154 Sprache ist die des Gesellschaftslebens. Will man,
2179 2103 3135 2156 gedehnte geistliche Institute, welche über ganz Marokko
1218 2091 2176 2169 Heiligen, die Marabuts, die Leiter der geistlichen
3154 2122 3327 2171 Thalia i
226 2126 1199 2189 indes ein modernes Stück genießen, so nützt
2178 2137 3132 2197 verbreitet sind und in sich Moscheen, höhere Schulen,
1211 2155 2178 2199 Schulen und namentlich die religiösen Orden eine
3153 2160 3329 2221 unserer 2
2175 2155 3139 2239 Bibliotheken, theologische Seminare, Pensionate, Ho¬
234 2156 1206 2241 Grays Weisheit, daß „ignorance bliss" (sei,
1204 2198 2174 2256 sehr bedeutende Rolle. Alle diese geistlichen Elemente
3146 2204 3339 2261 länder eig
2180 2210 3147 2290 spitäler und Gasthäuser für reisende Mohammedaner
223 2209 1196 2293 nichts. Ja, wenden die Allergewiegtesten ein:
1205 2229 2180 2290 müssen als die in Wayrheit herrschenden angesehen
3154 2248 3328 2307 so stimm
2176 2264 3147 2331 vereinigen. Sie sind fast stets in unmittelbarer Nähe
220 2268 1202 2338 man darf einem deutschen Publikum die Heuchelei,
1200 2279 2170 2348 werden, und sie besitzen eine viel größere Macht über
3146 2293 3338 2358 des dran
2178 2305 3146 2380 von den Gräbern berühmter Heiligen früherer Zeiten
224 2315 1203 2385 die Prüderie, die Verlogenheit der Engländer
1211 2313 2174 2381 die Massen als der Sultan. So lange dieser sich
3158 2338 3312 2392 „etwas“
2174 2352 3141 2418 erbaut, und die größten sind viel besuchte Wallfahrts¬
1211 2363 2173 2429 als strenggläubig im Sinne der orthodoresten maghre¬
234 2373 1205 2432 in allen sexuellen Fragen nicht vorsetzen; man
3153 2351 3335 2436 sich größ
2179 2391 3149 2458 orte. An ihrer Spitze steht immer ein hochangesehener
1213 2408 2177 2467 binischen Theologen erweist, sich nicht durch zu enge
3162 2427 3326 2482 führunge
232 2416 1205 2477 würde es damit nur zum Lachen reizen. In
2175 2439 3145 2491 Marabut, den, entsprechend dem Umfang der be¬
1214 2450 2173 2513 Beziehungen zu den Christen und dem Auslande ver¬
3156 2469 3332 2527 im Inter
228 2462 1204 2525 England weiß das Publikum, sobald von einer
2172 2478 3143 2548 treffenden Zawia, eine gewisse Anzahl von Schrift¬
1214 2490 2185 2552 dächtig macht, der fremden Kultur den Eintritt ver¬
3153 2515 3331 2568 edlung f
224 2515 1208 2576 heiklen Beziehung zwischen Mann und Frau die
2180 2522 3144 2598 gelehrten und Lehrern in der Erfüllung seiner Pflichten
1225 2539 2173 2604 wehrt und den Andersgläubigen keine Konzessionen
3149 2554 3328 2619 vater län
236 2560 1209 2621 Rede ist, daß der Antor nur ein unschuldiges
2177 2570 3147 2638 unterstützt. Denn manche dieser Schulen werden von
1229 2585 2179 2643 macht, so lange er also in Uebereinstimmung mit den
3150 2600 3339 2652 und in
2182 2613 3141 2675 vielen Hunderten von Studierenden besucht, und
227 2606 1212 2679 Versteckspiel mit ihm treibt. Aber wir lechzen
1221 2628 2175 2686 leitenden Grundsätzen der Marabuts und der Orden
3155 2639 3334 2699 vorbereite
2190 2657 3144 2715 einzelne sind im stande, bis 200 junge Leute als
233 2657 1212 2723 doch nach seelischer Wahrheit, wir wollen uns
1217 2664 2179 2735 regiert, wird er von diesen anerkannt und geduldet.
3147 2687 3342 2744 Tellauffil
2185 2694 3139 2772 Pensionäre gegen verhältnismäßig geringe Jahres¬
227 2706 1209 2787 doch nicht mit dem Storchmärchen, der blind
1215 2713 2175 2776 Dies ist aber die wichtigste Voraussetzung seiner
3160 2733 3329 2786 zur Kun
2186 2740 3154 2802 beiträge aufzunehmen. Der mächtige Einfluß der
995 2754 1207 2812 Warum
1210 2745 2178 2828 Macht. Die Macht der Marabuts und der Orden
230 2758 950 2828 geladenen Pistole abspeisen lassen.
3162 2768 3354 2838 Lebenska
2188 2782 3156 2848 Marabuts hat indessen noch eine andere Ursache.
1221 2799 2175 2862 in Marokko ist um so gefährlicher, als sie keineswegs
237 2805 1213 2876 nicht, wenn das zur Psychologie des Volkes
3252 2824 3326 2876 A
2181 2831 3146 2888 Mildtätigkeit ist eine der Grundlehren des Islam,
1216 2849 2178 2902 auf das Land selbst beschränkt ist. Würden heute die
234 2858 1212 2924 gehört? Von der Höhe unserer modernen Welt¬
3155 2849 3334 2927 anfangen
2179 2874 3147 2930 und sie wird in einem Maße geübt, die außerhalb
1226 2897 2185 2945 Marabuts von Salé den heiligen Krieg predigen,
3150 2905 3328 2964 Olten
243 2908 1216 2964 anschauung dürsen wir getrost in die Niederungen
2187 2912 3154 2978 der mohammedanischen Welt nicht so leicht wiederzu¬
1224 2940 2186 2996 so würde binnen wenigen Wochen die Kunde davon
3157 2953 3323 3012 gesehene
243 2957 1224 3018 herabschauen. Wir glauben doch auch nicht an
2188 2957 3149 3024 finden ist. Die Marabuts, die geistlichen Orden, die
1229 2981 2174 3043 über ganz Nordafrika und den Sudan verbreitet sein,
3159 2994 3342 3053 Platzh
238 3006 1219 3059 all den Hautgont, den uns die Pariser Sitten¬
2192 3003 3145 3063 Zawias erhalten sich fast ausschließlich von den
1231 3015 2174 3078 und der kriegerische Orden der Beni Senussi würde,
3153 3035 3337 3097 schweizer
2190 3043 3152 3102 Almosen, den milden. Gaben, den Nahrungsmitteln,
243 3041 1221 3112 dramen und Farcen auftischen. Oder sollte in
1225 3077 2190 3126 dank seiner Organisation und Disziplin, die Kon¬
3151 3084 3344 3140 schweizeril
2186 3088 3156 3159 den mehr oder weniger großen Vermächtnissen, welche
240 3099 1216 3168 Frankreich die anständige Frau eine unbekannte
1234 3105 2177 3168 zentrierung der mohammedanischen Streitkräfte an
3164 3125 3354 3186 für viele
2187 3129 3163 3201 ihnen beständig von allen Klassen der Bevölkerung
245 3144 1218 3211 Größe sein? Durch den beständigen Umgang
1227 3149 2183 3212 jedem beliebigen Orte bewirken. Agenten dieses
3153 3168 3326 3244 nacht“
2187 3175 3157 3234 dargebracht und zugewiesen werden. Diese freiwilligen
1231 3190 2179 3257 Ordens sind, wie Gustav Diercks in seinem Werke über
249 3197 1216 3264 mit diesen Erzeugnissen sind wir daran ge¬
2190 3219 3158 3285 Beiträge fließen so reichlich, daß manche besonders
1215 3240 2182 3299 Marokko sagt, in allen größeren Städten vorhanden;
252 3227 1211 3308 wöhnt worden, sie für bare Münze zu nehmen.
2169 3251 3162 3323 durch Heitigkeit ausgezeichneie Marabuts, manche an
247 3283 2179 3359 Aber so viele Ehebrüche gibt es ja gar nicht, als! der Nachrichtendienst ist gut geregelt, und trotz ihrer
2913 3298 3357 3388 Rudolf Mosse, zu
486 3330 1328 3411 Annoncen-Administration der Neuen Zürcher Zeitung
2977 3369 3339 3424 Köln, Humburg, Stut
1565 3316 2814 3424 Täglicher Allgemeiner Anzeiger.
292 3379 1499 3463 Rudelf Mosse, Annoncen-Expedition Kürich, Theaterstrasse 5.
1217 3442 1326 3513 INN
996 3448 1103 3502 T
672 3450 931 3495 Dirpe
1510 3431 1559 3502 820
1739 3460 1833 3498 27
661 3473 726 3516 2
939 3446 991 3516 □5
1592 3621 1873 3734 — 1
1472 3737 2877 3853 Balistele
368 3809 591 3905 T
784 3907 2874 3992 in allerletzten Neuheiten in unerreichter Auswahl. Speziell aufmerksam machen wir auf unsere
1365 3951 3051 4123 Robes mi-confectionnées
