3296 4320
1970 211 2431 323 box 35/9
117 236 1865 359 6. Erzachlende Schriften 1 d
934 969 2702 1043 ARTHUR SCHNITZLER, einer der Größten und Geistvollsten unter den
850 1038 2324 1125 Meistern der modernen Literatur wird in diesem Monat 50 Jahre.
939 1129 2703 1212 SCHNITZLER'S fünfzigster Geburtstag wird das Interesse, das seinen
851 1204 2697 1272 Erzählungen und Dramen entgegengebracht wird, noch steigern und das Augen¬
855 1271 1957 1355 merk vieler neuerdings auf seine Werke lenken.
957 1326 2336 1435 Gerade zur rechten Zeit erscheint nun eine Gesamtausgabe:
1013 1504 2568 1669 ARTHUR SCHNITZLER
989 1703 2588 1828 DIE ERZAHLENDEN SCHRIFTEN
1551 1879 2004 1975 in drei Bänden.
1503 2001 2087 2110 Gebunden in Pappe K 12.—,
1272 2096 2320 2186 in Halbleder K 15.60, in Ganzleder K 20.40.
871 2216 2674 2326 Band I: Sterben. — Blumen. — Ein Abschied. — Die Frau des Weisen. — Der Ehrentag.
1055 2297 2719 2370 Die Toten schweigen. — Andreas Thameyers letzter Brief. — Der blinde Geronimo
1056 2367 2346 2441 und sein Bruder. — Leutnant Gustl. — Die griechische Tänzerin.
1487 2450 2724 2540 : Das Schicksal des Freiherrn von Leisenbohg. — Die Fremde. —
862 2465 1456 2566 Band II: Frau Berta Garlan.
1443 2531 2731 2593 Das neue Lied. — Der Tod des Junggesellen. — Der tote Gabriel.
1055 2544 1453 2620 Die Weissagung. —
1126 2578 2737 2701 Das Tagebuch der Redegonda. — Der Mörder. — Die dreifache Warnung. — Die
1053 2670 1332 2738 Hirtenflöte.
882 2780 1480 2874 Band III: Der Weg ins Freie.
983 2959 2107 3043 Im Herbst 1912 erscheint die zweite Abteilung:
1222 3089 2389 3239 DIE THEATERSTUCKE
1579 3271 2044 3361 in vier Bänden.
1518 3405 2119 3504 Gebunden in Pappe K 14.40,
1282 3488 2335 3594 in Halbleder K 19.20, in Ganzleder K 25.20.
903 3613 2753 3728 MORITZ PERLES, K. U. K. HOFBUCHHANDLUNG
139 3601 770 3751 SChRANDLUNG
1098 3718 2567 3802 WIEN, I., SEILERGASSE 4 (NACHST DEM GRABEN).
146 3732 589 3819 DEM GRABEN).
