3392 4256
110 212 2429 348 6. Erzachlende Schriften 13#d. box 35/9
1498 726 2312 826 Klose & Seidel
1454 797 2397 878 = Bureau für Zeitungsausschnitte. =
1395 861 2389 952 Berlin NO 43, Georgenkirchplatz 211.
1490 966 2298 1043 (Liest die meisten Zeitungen und ist das
1499 1024 2315 1108 bestorganisierte Bureau Deutschlands.)
1357 1147 2425 1221 Zeitung: Leipz. Neueste Nachrichten
1371 1259 1513 1330 Ort:
2053 1245 2335 1332 Leipzig
1354 1368 2412 1474 Datum: SRR RT meE
1697 1440 2049 1528 2. Juni 191
1669 1549 2279 1653 Schnitzlers Prola.
1420 1617 2628 1698 jur Schnitzler=Wrzählende Schriften“, Gesammelte Werke,
1304 1641 1428 1720 Arth
1666 1680 2015 1735 .Fischer, Bexlin.
1393 1685 1606 1743 —Bald 1—3
1395 1716 2609 1775 Arthur Schnitzlers Prosa stellt eine ungleich geschlossenere künst¬
1314 1761 2614 1823 lerische Einheit iht, als der bunt überkuppelte, von mannigfacher Zeit,
1325 1798 2614 1862 mannigsachen Problemen und Menschenbildnissen schimmernde Bau
1319 1833 2579 1886 seiner Dramen.“ Im Gesamtwerk seiner „Erzählenden Schriften“ —
1320 1853 2614 1943 die jetzt, um den Fünfziger Schnitzler zu ehren, bei S. Fischer, Berlin,
1319 1915 2616 1973 erschienen sind — ist Band an Band alles aufgereiht, woran sich der
1331 1951 2608 2006 Gefeierte, fern der Bühne, die ihm die stärksten Erfolge schenkte, mit
1324 2001 2610 2055 seinem Können seit mehr als zwei Jahrzehnten versuchte: die leichte,
1331 2041 2625 2087 spielend hingeworfene, zum Schluß scharf pointierte Novellette, deren
1327 2080 2612 2123 Art und Meisterschaft an Manpassaut erinnert, die psychologische
1330 2104 2621 2158 Studie, deren unerbittliche Beobachtung an die besten Russen denken
1327 2148 2612 2197 läßt, und der breite, vielverschlungene Roman endlich, der ohne jede
1327 2177 2624 2239 literarische Erinnerung Schnitzler den Weg zur vollen dichterischen
1315 2222 2610 2279 Freiheit, zur edelsten künstlerischen Ueberlegenheit wies. Sie alle wer¬
1320 2261 2608 2318 den, stärker als die Dramen, zur Einheit durch einen Schatten, durch
1320 2296 2612 2372 eine Helligkeit: Wien ist in, Wien ist über dieser Prosa, — seine Sonne¬
1323 2345 1773 2406 und seine Melancholie.
1402 2374 2622 2431 Im Drama überflog er mitunter die Landgrenze. Beatricens
1326 2409 2623 2459 Bologneser Renaissaneebüidnis lockte ihn, im „Grünen Kakadu“ hat erl
1915 2445 2614 2514 en Damen und Herren der Revolu=
1317 2453 1927 2510 die Männer, die Frauen, die ##
1325 2493 2619 2554 tion, die im ersten grellen Flummenschein die Guillotine erspähen!
1323 2524 2614 2593 mochten, in kühner Groteske gezeichnet, dem abenteuerlichen Doktor
1327 2551 2621 2624 Paracelsus folgte er in das Mittelalter deutscher Städte. Seine Prosa
1314 2610 2611 2659 bleibt in Wien. Die Menschen und das Kolorit. Sie bewegen sich
1325 2646 2630 2701 alle zwischen Stephansturm und Kahlenbera. Ob sich ein stiller, nach¬
1315 2682 2624 2742 denklicher Baron durch allerlei inneres Erlebnis, mitten durch eigenel
1318 2722 2618 2776 und fremde Probleme, ja durch miterschaute Rassenkämpfe und somit
1329 2755 2608 2821 durch ein ganzes Panorama des neuen, modernen Wien zu persönlicher
1327 2797 2615 2858 Lebenssicherheit, zu persönlicher Erfahrungsweisheit und Abklärung
1317 2839 2606 2904 durchringt, oder ob er in irgendeiner Skizze von einer kleinen, schein¬
1325 2877 2619 2941 bar belanglosen Episode, von einem Intermezzo erzählt, worin offenbars
1328 2925 2622 2979 ein plumper Zufall, ein Ungefähr der äußeren Handlung ein Ende setzt.
1328 2955 2622 3008 Ueberall steht er am Wegrand, still, nachdenklich und lauscht ... Stu—
1330 2982 2613 3045 diert die Lebenspassanten... Manchmal erzählt er dann von einem
1314 3046 2611 3095 breiten, hundertsältig bewegten Gemälde, worauf sich Hauptpersonen!
1322 3068 2610 3128 und Statisten vor dem klaren Ende des einen — das Leben derd
1320 3104 2612 3165 andern geht immer weiter: stets schildert Schnitzler eigentlich nur, wie
1314 3151 2605 3203 das Leben immer wieder weiter geht — fast zu verwirren drohen:
1816 3181 2609 3244 Manchmal von einem stillen Spinnen und
1331 3190 1833 3254 „Der Weg ins Freie“..
1326 3227 2606 3281 Weben von Lebensstimmungen, brennenden Wünschen und dann un¬
2305 3244 2618 3319 Und oft ist's
1319 3266 2252 3320 gesprochenem Verzichten: „Frau Berta Garlan“
1329 3294 2614 3357 auch nur das Leuchten in die krause Seele just eines einzelnen, der ihn
1331 3329 2613 3397 interessiert, wie er so harmlos vor sich her mitten durchs Leben mar¬
1901 3364 2609 3425 Zählt man alle seine Helden einzeln
1318 3382 1828 3445 schiert: „Leutnant Gustl“
1858 3387 1909 3432 *
1323 3408 2617 3473 auf, — sie alle sind, sie alle bleiben wienerische Menschen. Die einen
1317 3455 2614 3508 mit dem leisen, genießerischen Lächeln, die andern mit der zynischen!
2508 3486 2609 3547 die
1319 3500 2507 3550 Schärfe, alle mit bestimmter Weichheit, bestim r Lässigkeit,
1323 3533 2614 3592 meisten ein wenig schwach, irgendwie im Zus#enhang mit der
1322 3565 2616 3628 Stadtkultur, in deren Atem sie großwüchsen, jan alle voll Liebens¬
2338 3604 2605 3661 In den Dra¬
1320 3612 2299 3671 würdigkeit und ein wenig müde, ein wenig blasiert.
2304 3610 2361 3662 *
1322 3634 2613 3701 men trägt mauch' Antlit, das unter fremdem, italienischem, franzö¬
1329 3683 2612 3740 sischem Himmel lächelt oder weint, einen übertragenen Zug, einen ver¬
1320 3715 2611 3790 mohten Hauch von der Donau. Die Gesichter in Schnitzlers Prosa
1316 3751 2619 3827 zeigen nur wienerische Züge. Sie alle machen, daß die Seele Wiens
1320 3808 2121 3862 in dieser Prosa gefangen und geborgen ist.
1394 3817 2623 3900 Die Stadt schimmert aus ihr: mit dämmerigen Stimmungen, mit
1326 3874 2623 3920 den umflorten Straßen, mit den lachenden Auen, die ihre nahen Höhen
1315 3913 2615 3966 kränzen, mit der heimlichen Schwermut, die aus den besten, edelsten
1331 3949 2619 4004 Walzern der Strauß und Lanner klingt. Die Stadt und ihre Menschen
1327 3990 2621 4044 werden zu einer unlösbaren Gesamtheit. Sie haben das gleiche Sich¬
1330 4021 2615 4085 gehenlassen, die gleiche Passivität voll Anmut. Das harmlose und das
1321 4067 2606 4115 ironische Spiel der Menschen mit dem Leben kann nur in dieser Stadt
1322 4099 2611 4157 gespielt werden. Schattierungen sind da, vom Vorstadtmädel, das er
2245 4140 2338 4173 (6
2599 4113 2694 4173 —
