3344 4256
2086 133 2217 211 —
883 214 1366 312 box 38/2
131 221 757 343 2. Cuttings
2892 1206 3313 1442 Das Kriegasch
1638 1315 2812 1434 murate, auf das Lausanner Abkommen ans,
1628 1386 2820 1481 nicht zuletzt auf die Weltwirtschaftskonferenz hervorgehoben
550 1391 1634 1489 „Soll man studieren?“ Von Dr. Emmerich
3073 1407 3322 1498 französt
1638 1472 1828 1538 werden.
440 1456 709 1557 Maros.
2887 1470 3318 1567 Paris, 1. Dezember.
1717 1468 2815 1567 Im zweiten Teil soll das gesamte Problem
538 1499 1527 1616 „Wir wollen keinen neuen Krieg!“
2812 1525 3306 1607 präsidenten Herriot
1644 1541 2566 1619 der Kriegsschulden aufgerollt werden.
2814 1591 3319 1663 debatte in der Ka
535 1579 1506 1669 „Das Werk.“ Von Gerty Kelemen.
1755 1582 2821 1696 Wie halbamtlich betont wird, legt man
554 1633 1634 1729 „Aus meinem orientalischen Skizzen¬
1677 1648 2834 1750 in Regierungskreisen Wert auf die Fest¬
457 1717 1226 1790 buch.“ Von Alymée Hanum.
2820 1753 3331 1825 Ahnungslosiakeit, blinder
1655 1764 2838 1858 konnte zwischen Echt und Unecht keinen Unterschied finden.
2816 1804 3322 1874 der Kunst. Die moralisier
465 1810 1656 1887 schmunzeln sie, nachsichtig oder spöttisch, über seine literarischen!
1642 1807 2827 1908 Von den Architekten der Stadterweiterungsepisode wurden
2825 1848 3328 1923 sprüchen erkühnte schnitt
469 1859 1647 1930 Bestrebungen. Im Kreis der Familie sieht er besorgte, ängst¬
1654 1867 2758 1950 Antike, Gotik, Renaissance als Stilvorbilder gebraucht.
2823 1901 3298 1975 Menschentum, in seinen
451 1900 1646 1989 liche Mienen, hört liebevolle Ermahnungen. Er nimmt das
1654 1916 2835 1998 der Literatur bewunderte man Georg Ebers, Julius Wolf,
2826 1944 3306 2025 sinn, wie etwa sein muß
469 1966 1649 2039 gebuldig hin, trägt auch die mißbilligende Schärfe des Vaters
1654 1959 2810 2050 Friedrich Halm. Ein Echo dieser Zeit hörte ich jetzt noch in
2825 1999 3144 2077 gelitten hätte.
462 1998 1645 2079 geduldig. Aber der Zustand ist keineswegs angenehm. Adolf
1658 1993 2829 2092 mittleren Provinzstädten Amerikas, wo sich schöngeistige
2912 2018 3315 2111 In vielen Novellen
466 2044 1640 2139 Sonnenthal, dem Hause des Professors Schnitzler eng be¬
1656 2049 2837 2142 Zirkel vor Ebers und Halm als vor den höchsten Gipfeln
2820 2072 3313 2162 bringt, sterben die Haum
465 2087 1646 2180 freundet, stützt die Opposition gegen Arthurs Schriftstellerei,
1652 2102 2827 2179 deutscher Poesie anbetend verbeugen. Das beweist die Dauer¬
2832 2140 3311 2207 die durch ihren Hingang
470 2137 1648 2232 spricht mit dem seither hinlänglich populär gewordenen Brief
1661 2139 2828 2231 kraft jener billigen goldschnittumschimmerten Flachheiten, die
2833 2169 3311 2252 Grund auf verwandeln.
466 2185 1647 2260 ein geradezu vernichtendes Urteil: „Gar kein Talent!“
1651 2188 2832 2281 übrigens durch den Kitschgeschmack des Films Unterstützung
2833 2230 3315 2297 ausgenommen, ist vom
478 2221 1656 2309 Später bekehrt sich Sonnenthal herzlich zu Arthur Schnitzler,
1651 2236 2841 2319 erhalten. Emile Zola, der Homer seines Zeitalters, galt für
2839 2267 3307 2347 Schnitzlers gehört es,
475 2280 1663 2373 spielt in „Liebelei“ den alten Weyring. Doch der Vater
1660 2297 2840 2375 einen verdammenswerten Autor, der im Schmutz wühlt,
2832 2316 3312 2397 Handlungen, Vorfälle,
470 2340 1653 2403 Schnitzlers erlebt den Erfolg des Sohnes nicht mehr. Ein
1658 2327 2846 2420 Guy de Maupassant, der Meister kurzer Novellen, für einen
2831 2361 3328 2436 die ihm später auf irgen
462 2376 1658 2467 jäher Tod rafft ihn hinweg, kurz vor der Premiere von
1656 2379 2832 2464 Erzähler schlüpfriger Geschichten. Tolstoi, Dostojewski wurden
2840 2415 3320 2487 stoßen. Als habe seine ah
1662 2419 2843 2514 kaum gelesen. Henrik Ibsens Dramen wirkten wie Bomben¬
462 2444 740 2544 „Liebelei“.
2833 2448 3326 2537 geahnt, als sei, wie unte
576 2457 1655 2547 Bis dahin sind noch etliche Jahre zu durchmessen. Arthur
1658 2460 2836 2558 attentate. Lieber Himmel, wie hat man die Literaturrevolu¬
2843 2508 3322 2572 ständig um dieses trat
475 2519 1659 2592 Schnitzler glänzt in der großbürgerlichen Wiener Gesellschaft,
1657 2519 2830 2605 tionäre beschimpft. Schnitzler gehört zu den jungen Dichtern,
2837 2559 3334 2624 schwebt. Auch wiederhol
1664 2569 2835 2653 die den Verfolgungen am meisten ausgesetzt waren, gehört
482 2572 1659 2647 deren Frauen und Mädchen ihn verhätscheln, deren Männer
2834 2602 3307 2678 Schmerzlichkeit, daß Ma
1671 2616 2837 2703 auch zu den jungen Führern, die sich mit den Gegnern ganz
477 2612 1660 2697 ihn verhöhnen. Er geht dem ärztlichen Beruf nach, der ihn
2837 2657 3320 2724 seine besten Erfolge nicht
473 2657 1664 2751 peinigt. Und er atmet befreit, wenn er mit einem geliebten
1660 2660 2841 2737 ernsthaft auseinandersetzten. Es gab heftige Debatten, manch¬
2828 2692 3339 2767 bevor „Liebelei“ aufgesü
482 2704 1666 2795 Mädchen beisammen ist, oder wenn er musiziert, oder in
1661 2705 2835 2792 mal, bei denen aber Schnitzler stets Maß hielt, stets die
2838 2752 3303 2817 erkennung emporsteigen
474 2753 1669 2838 anregendem Gespräch mit jungen Schriftstellern. Da schließt
1669 2748 2849 2837 Grenzen der Höflichkeit wahrte, obschon seine Antworten
2843 2784 3319 2861 geliebtes Mädchen, ein pa
482 2800 1663 2876 er sich auf. Da bricht der große Ernst, bricht die beschwingte
1672 2799 2839 2894 schlagfertig, ja oft genug, ihrem Inhalt nach, vernichtend
2844 2836 3334 2916 Preis ausgezeichnet wird
487 2854 1665 2921 Heiterkeit seines Wesens hervor. In der Redaktion der Zeit¬
1667 2840 2852 2930 waren. Polemisiert, in Artikeln oder sonst in öffentlichen
2843 2890 3319 2961 ganz einfach, strahlend in
491 2896 1665 2984 schrift „An der schönen blauen Donau“ sitzt Paul Goldmann
1665 2895 2845 2978 Erklärungen hat er allerdings kein einziges Mal. Heftig
2841 2934 3331 3011 in stillem, frohem, zertl
487 2944 1669 3022 und leistet der literarischen Revolution, die zum vollen
1680 2948 2840 3028 konnte er nur sein, wenn große Künstler, die er verehrte,
2849 2985 3325 3056 mütigen Gesellschaft,
496 2984 1673 3073 Ausbruch gelangt ist, nach Kräften Vorschub. Als einer der
1678 2992 2844 3074 beschimpft wurden. Empfindlich gegen Angriffe, die ihm
2839 3029 3312 3104 Schnitzler verhöhnt und
484 3036 1665 3112 ersten erkennt er das Dichtertum Schnitzlers, versteht und
1681 3030 2855 3121 selbst und seinem Werk galten, war Arthur Schnitzler aller¬
2843 3077 3309 3148 das Kind einer gutbürge
493 3078 1671 3160 bewundert die funkelnden Geistesgaben dieses jungen
1671 3070 2855 3169 dings von Jugend an sein ganzes Leben hindurch. Aber
2851 3126 3313 3190 zweier Tage riß tückisch
492 3126 1680 3218 Menschen. Merkwürdig erscheint heute diese ferne Zeit der
1668 3134 2859 3214 dieses Empfindlichsein entsprang keineswegs banaler Eitel¬
2851 3163 3320 3247 Bild blühender, schein
500 3178 1671 3262 Anfänge, die sich dem letzten Ausklingen einer Epigonen¬
1673 3179 2854 3262 keit. Im Gegenteil, es schien eigentlich seltsam, wie gar nicht
2855 3213 3329 3299 ins Grab. Am Tag nac
501 3227 1675 3314 dichtung mengt, um sie bald gänzlich abzulösen. Merkwürdig
1681 3214 2855 3310 er selbst für sich oder mit dieser gekränkten persönlichen
2847 3272 3257 3349 die Nachricht, man
502 3270 1683 3346 und fast erheiternd die Kämpfe, die gewissermaßen in der
507 3293 2849 3406 Morgendämmerung mit allem nächtlichen Spuk geführt Eitelkeit an diesem empfindlichen Zucken beteiligt war. Ihn
505 3281 3330 3473 werden mußten. Der herrschende Geschmack war verweichlicht, verletzte das Dreinreden offenkundigen Unverstandes, dreister gesprochen, und brach bei
