3344 4256
1972 193 2482 253 —
977 269 1446 359 box 38/2
236 273 827 376 2. Cuttings
2980 679 3087 743 32
1218 676 2635 745 1931. Literaturblatt für germanische und romanische Philologie. Nr. 1—2.
759 681 861 753 31
1925 771 3080 862 ohne jede Perspektive: Wichtigstes und Nebensächlichstes
756 804 1913 862 Dichter geworden. Denn die Urerlebnisse seines jungen Auges
1934 846 3086 887 erfährt die gleiche Behandlung, Stoff und Motiv, Gehalt und
763 847 1914 886 und Herzens sind an Sprache und Sang, Leben und Lieben des
1933 876 3083 929 Idee, Weltanschauung und Stilgebung kollern kunterbunt
766 885 1921 931 tschechischen Dorfes gebunden, die nachmals in deutscher
1933 929 3099 970 durcheinander; das Werk des Tichters wird heillos atomisiert.
759 928 1907 983 Sprache zu gestalten durch die restlos deutsche Bildung be¬
1926 955 3099 996 nirgends in seiner Ganzheit aufgebaut und geschaut und der¬
765 965 1909 1015 dingt ward, so er an den Gymnasien zu Kremsier, Troppau und
1936 993 3103 1051 gestalt gar keine Möglichkeit geboten, es in seiner völligen
757 1006 1920 1051 Teschen, an der Universität zu Wien genossen hat. Aber wie
1936 1036 2365 1086 Gestalt zu bewerten.
755 1045 1920 1092 er in seiner Schreibweise die Slawismen nie los geworden ist
2020 1050 3096 1113 Vorzüge wie Schwächen der Arbeit treten am sichtbarsten
761 1092 1918 1128 (ein krasses Beispiel etwa S. W. II, S. 385: „Es ging sich ihr
1932 1112 3091 1168 im vierten Kapitel hervor; es bemüht sich um die wichtige Frage
755 1136 1915 1175 schlecht“), ja sie bisweilen absichtlich mehrt, um auch sprach¬
1925 1160 3082 1201 nach Davids Verhältnis zu literarischen Vorgängern und Zeit¬
760 1171 1912 1208 lich das Milieu zu treffen, so stellt sich die Frage oft ein, ob dieses
1926 1191 3088 1244 genossen. Viel Fleiss und gute Schrifttumskenntnis weiss der
759 1204 1914 1257 ganze Werk sich nicht noch besser, wurzelhafter, echter — und
1936 1240 3086 1279 Verf. einzusetzen, aber beides verpufft sinn- und ergebnislos
753 1236 1922 1292 grösser in tschechischer Sprache ausgenommen hätte; mindestens
1922 1275 3093 1322 ins Leere infolge gänzlicher Begriffsverwirrung in den Prinzipien.
761 1276 1910 1324 hätte da vieles originaler geklungen, was jetzt bisweilen wie
1941 1313 3086 1354 Groeneweg arbeitet immer noch mit jener albernen, in den
761 1313 1911 1356 Uebersetzung anmutet. Was ich hier andeute, ist nicht in die
1934 1342 3087 1397 Verfallsjahren unserer Wissenschaft grassierenden, heut aber
763 1349 1915 1395 blaue Luft geschwätzt. Otokar Fischer hat jüngst überraschend
1936 1386 3096 1434 doch längst aufgegebenen Vorstellung von Einflüssen, die den
758 1397 1918 1444 gezeigt (Xenia Pragensia, 1929), wie der Führer der tschechischen
1931 1424 3096 1461 Dichter gleich einem unselbständigen Gelehrten nicht aus
756 1448 1920 1482 Romantik, Mächa, erst als deutscher Poetaster mit windiger
1938 1463 3100 1512 dem Ingenium und der eigenen Weltempfängnis, sondern „auf
754 1467 1914 1512 Epigonenlyrik begann, um von dem Augenblick an, da er der
1934 1505 3098 1547 Grund der vorhandenen Literatur“ schaften lässt. Statt mit
759 1511 1919 1565 angestammten slawischen Sprache sich bediente, zum grossen
1925 1550 3098 1594 der so wertvollen komparativen Methode, durch Erweis von
761 1548 1923 1601 Dichter seines Volkes aufzusteigen, ohne dass im übrigen
1937 1582 3095 1626 Uebereinstimmungen und Abweichungen, Davids besondere
761 1588 1913 1640 Motivik und Metaphorik seines Dichtens sich viel geändert oder
1932 1614 3087 1657 Figur von der ihm örtlich, zeitlich, stofflich, stilistisch, welt¬
765 1631 1092 1686 vertieft hätten.
1932 1660 3092 1707 anschaulich nahestehender Dichter abzuheben, gerät der Verf.
846 1671 1922 1720 Wie als Sohn seiner Heimat, so fällt David auch als Ver¬
1928 1690 3099 1740 in eine Art Plagiatschnüffelei, die besonders erheiternd dort
749 1708 1922 1758 treter deutschen Schrifttums in einen Zwischenraum. Groene¬
1937 1731 3092 1779 wirkt, wo mangels jeden greifbaren Bezugs die selbstverständ¬
769 1746 1916 1790 weg, dessen fleissige, aber oberflächliche, nur die greifbarsten
1941 1767 3094 1824 lichsten, in der Sache oder Sprache selbst gelegenen, Gleichungen
764 1782 1914 1823 Motive, nicht aber die hintergründigen Probleie gewahrende
1930 1818 3090 1860 als beweisend angeführt sind. So wird z. B. S. 179 ein „Einfluss“
759 1822 1926 1864 Schrift auch die vorstehenden Erwägungen vermissen lässt,
1941 1844 3100 1902 von Goethes „Ipnigenie“ auf Davids „Tochter Fortunats“ allen
749 1861 1916 1917 #ringt so mühsam wie vergebens nach Verständnis seiner geistes¬
1945 1894 2699 1951 Ernstes mit diesen Worten festgestellt:
760 1907 1922 1959 geschichtlichen Stellung. Die ist schon mit Davids Geburtsjahr
2042 1931 3096 1987 „Iphigenie schildert (IV, 4), wie ihr, der Einsamen, nur
770 1943 1914 1999 und der österreichischen Herkunft gegeben, als welche ja im
1964 1966 3096 2032 langsam die Gedanken und Entschlüsse reifen. Mit fast wört¬
764 1981 1923 2043 ganzen 19. Jahrhundert ein Nachzüglertum bedeutete: er bildet
768 2020 1928 2069 die Fuge vom Spätrealismus der Saar, Anzengruber, Raabe,
1977 2026 3095 2073 licher Uebereinstimmung heisst es von Renata (146): „Denn
1973 2053 3100 2110 sie war in der Einsamkeit langsam von Gedanken und Ent¬
765 2054 1929 2101 Fontane zum Frühnaturalismus und zur Hleimatkunst. Sein
764 2094 1929 2148 Erstling, „Das Höferecht“, weist in Struktur, Motivik, Welt- und
1980 2089 3103 2146 schlüssen geworden.“ Iphigenie beschleicht (IV, 5) die Furcht,
1976 2135 3096 2180 dass der Fluch ihres Geschlechtes ewig sein könne. Renata
769 2124 1934 2196 Menschenanschauung auf jene Vorgänger hin; „Am Wege
1987 2169 3055 2232 glaubt fest an eine vorherbestimmte Glücklosigkeit (148).“
770 2181 1944 2222 sterben“ zeigt naturalistische Unerbuttlichkeit; die Spätwerke
764 2227 1928 2263 bemühen sich um scharfe Wiedergabe einer Atmosphäle, sei's
1937 2209 3099 2276 Eine — bestimmt nicht vorhandene — Abhängigkeit von Storm
775 2250 1918 2297 Wiens („Der Uebergang“), sei's der mährischen Heimat („Die
1951 2275 2534 2319 wird (S. 188) also begründet:
773 2304 1922 2341 Hanna“). An diesen beiden Stätten, dem eigenen Lebensraum
2050 2295 3098 2353 „Wenn es in Davids Höferecht von Fanny Bermann
766 2339 1931 2387 des Dichters, siedelt nahezu sein ganzes Werk; nur ein paar
1977 2354 3100 2402 heisst: -Sie fühlte sich heimatlos, und manchmal beschlich
765 2368 1927 2424 historische Novellen sind in anderen Gegenden, meist Italiens,
1984 2382 3104 2441 sie ein Heimweh) (I, 129) — ähnlich drückt sich der Dichter
775 2407 1937 2468 lokalisiert, von den Gegenwartsgeschichten die einzige, wenig
1989 2417 3104 2476 wiederholt aus —, so fällt uns unwillkürlich die Heimat¬
771 2439 1939 2509 bedeutsame Erzählung „Woran starb Sionida“. Ausschliesslich
1982 2464 2654 2525 sehnsucht Stormscher Helden ein.“
768 2484 1927 2541 in Wien spielen: „Ein Poet“, „Frühschein“, „Das königliche
1947 2506 3104 2558 Wo aber wirklicher Einfluss vorliegt, ja vom Dichter selbst
775 2540 1933 2580 Spiel“, „Digitalis“, „Schuss in der Nacht“, „Die Troika“,
1943 2548 3105 2602 bezeugt ist, da möchte Groeneweg, originalitätssüchtig, ihn
771 2572 1931 2611 „Der Talisman“, „Der Uebergang“; teils in Wien, teils in.
1948 2586 3114 2638 wegleugnen: Davids Abhängigkeit von C. F. Meyer, die doch
770 2611 1922 2660 Mähren das Schauspiel „Ein Regentag“ und die Romane
1948 2627 3116 2686 mit Händen zu greifen, durch die Widmung eines Aufsatzes
769 2638 1932 2693 „Höferecht“ und „Am Wege sterben“; letzterer ist ja nicht
1944 2670 3104 2722 (VII, 262) bestätigt ist; von Anzengruber, dem David eine
771 2685 1922 2729 sowohl ein Wiener Roman als der Roman vom mährischen
1942 2707 3112 2753 eigene Schrift gewidmet und dessen Technik er als Dramatiker
777 2719 1925 2778 Studenten in Wien. Nahezu alles, was David sonst geschrieben
1951 2748 3110 2808 und Romancier („Der Uebergang“ ist undenkbar ohne das
773 2757 1407 2809 hat, ist in Mähren behelmatet.
1956 2781 3096 2842 „Vierte Gebot“) sich zu eigen gemacht hat, — wind als „Legende“
853 2805 1926 2847 Es ist gewiss verdienstlich, das Werk dieses Heimatdichters
1955 2833 2168 2887 abgelehnt.
767 2844 1931 2886 auf die bodenständigen Elemente hin zu untersuchen, auf seine
2027 2864 3112 2910 Das meiste Kopfschütteln erregt aber Groenewegs Bemühen,
777 2877 1934 2919 Echtheit zu prufen; aber ist das nicht ein Unternehmen, das
1940 2921 3106 2956 Davids Werk mit ganz inkommensurablen Schrintdenkmäleln
770 2915 1922 2963 bloss dem Kenner von Land und Leuten, dem Sohn dieser
1944 2940 3104 2988 zu vergleichen, wie mit denen des Hieronymus Lorm, des
776 2959 1933 3007 E.de glücken kann? Bücherweisheit genügt da nicht, denn
1946 2986 3101 3032 Adalbert Stifter. Was sollte David, der sichtbarer- und ein¬
772 3005 1924 3048 was der Dichter will und wi. kt, geht doch gerade im Eigentlichen,
1956 3013 3113 3082 gestandenermassen zur Philosophie zeitlebens gar kein Ver¬
775 3033 1932 3081 im Besten veit hinaus über das, was die statistische, geographi¬
1953 3061 3111 3122 hältnis besass, mit dem mährischen Denker, was seine tragisch
779 3076 1943 3123 sche, volk-kundliche Wissenschaft mit ihren gröberen Arbeits¬
1948 3096 3110 3146 zugespitzte, dramnatisch bewegte, impressionistisch-pittoreske
785 3104 1932 3157 mitteln überhaupt erfassen kann. Groeneweg, der Davids Dar¬
1952 3134 3111 3189 Erzänlkunst, Satire im Sinne der Schillerschen Teiminologie,
786 3156 1936 3207 stellung an den gedruckten Landeskunden der Vor- und Nach¬
1959 3182 3114 3235 mit Stifters plastisch-starter, episch-geruhiger Idyllik zu
778 3185 1934 3245 kriegszeit misst, erinert mit solchen Vergleichen bisweilen an
1950 3220 2201 3289 tun haben?
776 3239 1944 3278 jenen Reisenden, der, den Bädeker in der Hand, an die Sehens¬
2029 3257 3105 3303 Ich fürchte, zu solchen Albernheiten und Abwegen ist der
789 3267 1940 3316 würdigkeiten herantritt, nicht um sie genau zu beschen, sondern
1950 3293 3112 3344 Verf. nicht aus eigenem Ungeschick gekommen, sondern ver¬
781 3317 1930 3359 um betriedigt festzustellen, dass die Angabe in seinem Führer
1953 3348 3113 3388 führt durch eine Methode, die — das Buch ging aus dem Nym¬
785 3347 1946 3402 stimmt. Andernorts wieder will der Verf. das Gras wachsen
1967 3388 3113 3427 weger Seminar von Wilhelm Kosch hervor — letzten Endes
782 3400 1947 3443 hören, wenn er etwa in dem vom Dichter selbst ganz anders
1967 3414 3120 3463 auf Sauers Schule zurückführt. Denn wo Grocneweg selbständig
786 3430 1943 3478 erklärten Titel der Novelle,Troika“ Einfluss eines kleinrussischen
1957 3461 3112 3506 forscht, macht er manchen guten Fund; so hat er wohl als
790 3472 1938 3514 Volksliedes (S. 13), in dem rumänischen Schachmeister von
1967 3494 3112 3547 erster eine gewisse Verwandtschaft Davids mit Raabe auf¬
783 3506 1948 3564 Königliches Spiel“ (den jeder Kenner Altösterreichs auf den
1956 3536 3106 3587 gezeigt und auf eine solche mit K. E. Franzos hingewiesen,
790 3542 1947 3604 ersten Blick als rumänischen Juden agnosziert) eine „willkürlich
1955 3570 3115 3620 der ja gleich David ein innerhalb slawischer Umgebung in
788 3584 1940 3633 zum Rumänen gemachte“ mährische Gestalt (S. 22), in dem
1966 3617 3123 3658 deutscher Kultur aufgezegener Jude war; nur wird leider auch
782 3623 1939 3672 Gemeindekind Eduard Böhm einen Judensprössling (S. 29),
1963 3647 3122 3703 hier wieder innere Strukturähnlichkeit als äussere Beeinflussung
785 3661 1941 3709 in der Russin von „Sionida“ eine tschechische Frau entlarven
1973 3695 2212 3750 missdentet.
791 3705 1161 3756 zu können meint.
2043 3714 3127 3782 Wunderlicherweise hat sich der Verf. einen Vergleich
862 3728 1949 3794 Mit derselben fleissigen, aber bedauerlich geistlosen Methode
1953 3765 3129 3814 entgehen lassen, der fruchtbarer gewesen wäre als die Mehr¬
792 3783 1940 3831 wie hier Stamm und Landschaft, werden im zweiten Kapitel
1959 3806 3121 3870 zahl der überflüssigerweise von ihm vorgebrachten: den mit
782 3818 1947 3867 die geschichtlichen, im dritten die gesellschaftlichen Elemente
1961 3845 3124 3924 Arthur Schnitzler. In Davids Erstlingswerk, dem 1890 als
790 3878 1954 3920 von Davids Gesamtwerk herausanalysiert. Dies geschicht
