3392 4352
784 158 1508 234 —
1521 210 1914 259 rapporti fra i sessl.
764 227 1505 265 Sprea fece ritorno a Vienna, alla esua¬
766 263 1519 303 Vienna, poiche la zignorile capitale
1692 247 2277 323 Un precursore di Freud
749 273 1519 356 dell'Impero absburgico divenne l'ain¬
1526 312 2265 360 L’errore di Schnitzler fu di aver vo¬
747 341 1506 381 biente indispensabile, l’ispiratrice del¬
1514 346 2282 405 luro portare certi episodi scabrosi sulla
766 375 1508 426 le concezioni artistiche dello Schnitz¬
1509 391 2287 441 scena, dove l'’azione conta piu delle pa¬
760 414 1511 460 ler, le cui opere, per essere comprese
1512 420 2279 482 role. Come osservava argutamente i1:
755 457 1500 507 je gustate, richiedono la conoscenza
1513 468 2287 512 Morandotti in una eritica al Reigen,
746 496 1506 544 (della città imperiale e della vita che
1509 506 2289 550 le linee di puntini dei romanzi non
760 520 1520 579 vi si svolgeva sulla fine del secolo
1514 544 2282 592 possono essere sostitulte durante la
757 568 1506 611 scorso. I suoi personaggi, salvo poche
1519 561 2306 640 rappresentazione scenica da pause di
764 606 1502 654 eccezioni, affollano la caratteristica
1520 613 2276 667 buio senza offendere il buon gusto.
760 638 1505 686 Innere Stadt adagiata al piedi del vec¬
1498 650 2285 714 Reigen, 0 „ Ballo in cerchio , mostra
756 677 2281 748 chio Santo Stefano o si muovono neilgieci coppie che si amano in dieci di¬
756 721 1514 770 pittoreschi dintorni che servono loro di
1522 729 2279 793 versi episodi: si amano, diremo cosl, a
760 764 1502 808 sfondo. Senza il Wiener Wald e la
1508 778 2284 823 catena, poiche in ciascnn episodio
758 799 1505 847 leggiadra Baden, senza il Kahlenberg
1511 819 2279 860 compare uno dei personaggi dell’epi¬
759 837 1505 885 e Schönbrunn non sono immaginabili.
1520 850 2283 906 sodio precedente e alla fine il protago¬
746 892 2293 932 Etica ed estetica hanno origine nellolpista dell'ultimo si unisce alla donna
762 921 2277 973 Schnitzler dal profondo e amoroso stu-fdi strada che, al primo, aveva aperto
754 945 1499 1005 dio della vita viennese, al quale si de¬
1519 968 2420 1043 la ridda. Cosi il cerchio si chiude. * **
761 994 1499 1039 dico per circa otto lustri con attivitä
1519 1003 2277 1055 Monaco vennero lanciate contro gli at¬
751 1033 1514 1083 instancabile e serena. Quando la mor¬
1512 1037 2278 1093 tori nova marce, che peró avevano an¬
755 1082 2286 1139 Ite improvvisamente lo colse, era al la-sche un significato politico e antisemi¬
755 1109 1514 1165 voro, volonteroso e agile non ostante
1518 1124 2274 1174 ta. Ma Reigen puo anche passare
757 1153 1511 1198 1 suoi sessantatré anni, in procinto di
1512 1158 2288 1220 per un'amara condanna delle facili av¬
760 1186 1510 1231 elaborare un vecchio romanzo le cui
1509 1193 1706 1247 venture.
755 1228 1512 1279 persone, come tutte le creature schnitz¬
1539 1214 2288 1284 Nel teatro di Schnitzler, che non é di
757 1266 1512 1322 leriane, erano prese dal vero. Poiche
1519 1277 2274 1324 astrusa rappresentazione perche rima¬
758 1302 1509 1351 lo scrittore con quel suo aspetto ro¬
1511 1289 2285 1364 ne su questa terra e si svolge sempre
765 1343 1504 1397 manticoe distratto da ultimo bohémien
1517 1340 2457 1423 fra creature in carne e ossa, fln trop- P—
812 1385 2281 1422 aveva il capo ornato da una selvalpo schiave della materia, pon si incon¬
737 1410 1505 1471 di capelli in disordine e il mento da
1517 1429 2273 1475 trano spiriti e simboli; né l'Autore fa
765 1461 1508 1507 un candido pizzo che uscendo dal col¬
1508 1470 2282 1519 parlare animali all’infuori dell'animal
759 1497 2318 1562 letto a punte sflorava la sciolta cravat-Igrazioso e benigno; la donna inespu¬ C
768 1539 1505 1584 ta — era osservatore attento e indaga¬
1505 1541 2284 1597 gnabile che difende la propria virtü
755 1575 1508 1621 tore acuto. Spesso sedeva per ore nel¬
1508 1582 2417 1647 eroicamente non esiste; ma in tutte le (V)
755 1616 1506 1671 la sala di un albergo o di un risto¬
1509 1623 2275 1669 sue creature c’e una umanità diffusa
759 1657 2278 1713 rante, girando intorno lo sguardo tran-sche le rende degne di carità e di a¬
747 1690 2291 1744 quillo come se riposasse; ma poi la-more. Cosl nei romanzi e nelle novel¬
763 1727 2292 1788 vorava a lungo per fermare le osser-Ile. Ricordate Cristina, la #süsses Mä¬
764 1778 2289 1808 vazioni fatte in certi libriecini di ap-Idel di Liebelei, che si sacrifica per
757 1807 2289 1858 punti nei quali seriveva con matite co-jun affetto non corrisposto e con tan¬
751 1845 2279 1910 Hlorate, bleu rosse verdi gialle: ogni co. Ito accoramento invoca la pieta del
743 1876 2281 1939 lore corrispondeva a una categorial padre? E' questo personaggio che hi
1509 1925 2288 1979 valso a Schnitzler l’appellativo di Poe¬
749 1933 1504 1972 di impressioni o a un determinato ar¬
1506 1970 2284 2026 ta della e dolce fanciulla“, procuran¬
724 1966 984 2018 gomento.
770 2007 2281 2045 Procedeva con metodo e ordine essen-Idogli grande notorieta insieme con
743 2050 2274 2094 do riuscito ad imporsi una disciplina, [Anatot, episodi della vita di un gio¬
752 2084 2278 2138 Ima era scrittore spontaneo e narrato-Fväne amatore: da queste due opere,
753 2139 2278 2179 re efficace. La limpidità della sua pro-come da una crisalide, si sviluppó in
751 2154 2288 2214 sa pud essere paragonata, se é pemnes-Iseguito buona parte della sua produ¬
749 2209 2287 2263 so il confronto fra due lingue diverse,zione. Ma la fama piu duratura & af¬
750 2238 2294 2299 la quella di Anatole France. Nelle operefidata ad altri lavori: per esempio a
748 2264 2302 2330 di Schnitzler la lingua tedesca fluiscel Flucht in die Finsternis (Fuga nelle
760 2315 2311 2367 docilee chiara, strumento sicuro alltenebre), in cui la pazzia di Roberto,
1551 2357 2285 2407 dai primi sintomi alla fuga dagli
756 2366 1505 2410 Iservizio di un logica ferrea. Pirandello
1516 2399 2273 2445 amici e fino all’uccisione del fratel¬
757 2394 1504 2444 in questo gli somiglia come nella fa¬
1516 2429 2290 2483 lo e alla morte nella notte buia sulla
756 2438 1503 2491 coltà di analisi e nell’abilità con cui al¬
1508 2469 2279 2523 cima della montagna nevosa, — 6 stu¬
757 2470 1507 2517 laccia le idee piü lontane fra loro fa¬
1523 2510 2280 2554 diata con tanta evidenza e esattezza
765 2516 1510 2562 cendole apparire contemporaneamente
1512 2556 2274 2598 ed esposta con arte cosi sicura da la¬
756 2555 1497 2595 possibill a uno stesso personaggio. I
1509 2595 2282 2639 sciare incerti se si debba ammirarne
752 2586 1505 2644 bello stilee la techica di certi snoi ro¬
767 2625 2280 2683 manzi e novelle, nei quali usa un inge-di piu il valore scientifico o quello
1517 2664 1736 2720 letterario.
755 2667 1505 2708 gnoso procedimento narrativo che con¬
1531 2687 2291 2754 Se Goethe intul mezzo secolo prima
763 2709 1502 2749 siste nell’affidare al monologo del pro¬
753 2744 1506 2794 tagonista tutto lo svolgimento del tema,
1512 2748 2343 2802 le teorie darwiniste, si puo dire, senza —
760 2786 1511 2827 sicché anche le ideee le azioni delle
1514 2783 2274 2833 intenzione di avvicinare due entitä e
764 2825 1505 2870 altre persone vengono presentate attra¬
1517 2815 2277 2871 stature cosi diverse, che Schnitzler
759 2863 1500 2910 verso l’interpretazione del primo; T’ar¬
1513 2852 2279 2912 precorse con l’arte sua le teorie della
753 2893 1502 2949 te con la quale sono messi in piena
1507 2905 2277 2957 psicoanalisi di Freud, come del resto
751 2922 1504 2987 luce i motivi principali e lasciati nel¬
1521 2935 2319 3001 quest’ultimo ha riconosciuto. Non fu "
753 2978 1505 3028 T’ombra quelli secondari; la semplicità
1516 2981 2280 3031 un ingegno universale. Pur movendo¬
753 3020 1505 3066 dei mezzi di espressione per i problemi
1519 3016 2275 3064 si in un vasto campo d’indagine, il suo
748 3059 1501 3102 pin astrusi e soprattutto la naturalezza
1509 3060 2275 3113 metodo é sempre uguale e lo scopo 11
753 3094 1510 3145 Inel preparare l’azione e nel condurla
1509 3093 2282 3144 medesimo: dimostrare la concatena¬
750 3126 2280 3189 fino alla catastrofe, sono gli elementilzione delle azioni degli uomini indi¬
760 3168 1500 3227 che assicurano a Sehnitzler lunga fa¬
1513 3174 2278 3219 pendentemente dalla loro volontà, che
755 3206 1083 3267 ma di scrittore.
1507 3209 2272 3265 e un modo come un altro di ammet¬
1519 3247 1997 3298 tere l’esistenza di Dio.
924 3247 1505 3326 II cenacolo a Jung-Wien)
1535 3273 2273 3336 Alla fine di ogni romanzoe novella
780 3311 1501 3369 Che egli non possa essere considerato
1509 3322 2281 3382 lascia un po’ di amarezza per l’umano
760 3347 1501 3412 un rivoluzionario in senso politico e
1511 3361 2274 3417 destino, ma nello stesso tempo invita
751 3395 1516 3447 sociale, come per molto tempo fu cre¬
1510 3397 2270 3457 alla serena rassegnazione, senza nega¬
756 3437 1506 3487 duto, risulta chiaramente dal comples¬
1511 3446 2276 3491 re la lotta che deve condurre al per¬
757 3479 2280 3533 so dell’opera sua, anche se nel giudi-Ffezionamento delle creature; tanto che,
747 3511 1505 3568 carla si tien conto della diversa costi¬
1516 3527 2280 3570 chiudendo 1 libri di Schnitzler, medico
749 3550 1515 3613 tuzione dell’epoca imperiale e delle
1519 3553 2281 3603 e poeta, vien fatto di pensare con
752 3594 1501 3645 idee allora correnti. Si ribello, é vero,
1510 3588 2278 3657 Goethe: Worauf kommt es überall
754 3624 1508 3693 ja certi pregindizi e costumi della so¬
1516 3629 2267 3686 an' dass der Mensch gesundets. Che
760 3665 1503 3715 cietà anstriaca troppo amante dellu vi¬
1511 3682 2269 3733 cos’é che importa? che l’uomo risanl.
747 3707 1501 3760 ta fachle ed epieurea, troppo ligia a
1517 3707 2012 3776 In senso flsico e morale.
746 3748 1504 3800 Tprineipi di casta che nella loro dogma¬
1848 3746 2237 3810 A. Bargelesi
751 3783 1502 3832 tica applicazione diventavano inumani:
1799 3793 1948 3839 ——
759 3817 1516 3874 e a questa ribellione dobbiamo i1 Leut¬
1656 3828 2127 3900 Libri ricevuti
758 3856 1514 3905 nant Gustl, la figura del giovanissimo
755 3902 1512 3946 ufficiale che vorrebbe uecidersi perclié
1521 3879 2282 3956 M. A. Bausiaun: 1 solitarii di Napoleong
761 3935 1504 3981 una sera, uscendo dal leatro, si e bi¬
1535 3937 2276 4001 altri ginocht di pazienta. — Ed. Hoepll,
1509 3972 1794 4009 Milano, lire 16.
757 3974 1494 4020 sticciato con un atletico fornalo clie 10
1526 3982 2275 4049 RENATo Takbwvo: L’erede apparente (studio
752 4007 1505 4052 ha insultato sottovoce fermandogli con
1516 4027 2279 4088 di dirikto privato). — Ed.  Cedams, Pa¬
755 4044 1492 4092 stretta potente la mano corsa all’im¬
1505 4068 1766 4106 dova, Iire 15.
749 4082 1513 4137 pugnatura della sciabola e impeden¬
1521 4082 2247 4158 UMBERTO MORINI: E'industria oledrid. —
755 4132 2041 4192 dogli di reagire. Nessuno vide, forse Ed. Lavagnolo, Torino, L. 7.
