3392 4384
1574 100 2113 173 en
532 146 1123 216 auch der Fremdling das Café.
1429 152 2304 213 schrieb, von Buchenwipfeln umrauscht:
3196 150 3269 221 4.
2314 162 3183 219 sagung“ und des „Schicksals des Freiherrn
1420 187 2306 245 „Schmetterlinge setzen sich auf meine Schul¬
2307 205 3182 256 von Leisenbogh“ und in der Vorstadttragik des
3195 208 3248 260 2
1432 242 2309 290 tern; rings ertönen Vogelstimmen und dabei
2313 242 3195 299 „Neuen Liedes“. Sie bestimmt das Ende des
1416 288 2309 333 blickt mein Auge übers Papier weg auf die
2313 272 3210 354 „Mörders“: „Und als er auf dem Boden lag
640 271 1326 367 Die Seele Oesterreichs.
1416 328 2306 372 glitzernde Mur und ihre Augen. Meine Seele
2310 329 3189 386 und etwas Dunkles über ihn sich beugte, ihn
3191 332 3243 382 k
775 346 1192 421 Von Paul Wiegler.
1429 361 2305 411 ist so still, so ruhig, jede Bangigkeit, jede Be¬
2322 374 3196 428 umschloß, ihn nicht mehr lassen wollte, für sie,
3187 378 3232 424 d
1426 410 2313 456 sorgnis ist verschwunden, und eine selige Er¬
2313 410 3239 464 zu ihr ins Nichts entschwand, nach dem er sich !9
722 408 1429 484 Die in Wien erscheinende ausgezeich¬
1436 450 2303 502 habenheit, die mich auf hehren Schwingen über
689 456 1417 501 nete Zeitschrift „Roman=Rundschau, zu
2310 452 3250 499 lange gesehnt hatte.“ Rätsel der Seele ist, mit 2
1429 494 2306 562 die Erde und ihre Geschicke hinaus trägt, hat
685 482 1422 553 deren Mitarbeitern unter anderen
2317 499 3211 560 einer leisen Ironie, das visionäre Erschauern
687 537 1426 587 Upton Sinclair, Jack London, Wasser¬
1437 542 2309 593 mich überkommen.“ Österreichisch war die
2320 545 3249 592 im „Tagebuch der Redegonda“. „Frau Beate1!
687 572 1425 624 mann, Wells gehören, bringt in aller¬
1426 578 2308 632 Naturnähe Franz Stelzhamers, des Dichters
2314 581 3218 632 und ihr Sohn“: „Wirrheit eines Tages, der
691 611 1427 661 nächster Zeit ein Schnitzler=Heft heraus.
1433 616 2301 674 aus Weinbeiseln Oberösterreichs, und Anzen¬
2316 633 3200 680 voll Rätsel war, und verführerisches Vor¬
3191 631 3243 678 2
686 650 1413 707 In ihm wird auch dieser wertvolle Auf¬
1435 660 2307 716 grubers. Der österreichische Hofrat Adalbert
2317 658 3209 735 gefühl der ewigen Nacht.“ „Verstehend, ver¬
689 689 995 757 satz erscheinen:
1425 708 2308 762 Stifter ist der Verfasser des „Nachsommers“,
2321 717 3202 772 zeihend, erlöst schloß er die Augen; die ihren
571 723 1420 792 Bilder steigen auf, ein Reich, das war:
1438 751 2298 799 des friedvoll=großen Romans aus dem Rosen¬
2318 758 3201 802 aber faßten noch einmal die in drohendem
521 790 1427 838 mährische Bauern und Bäuerinnen mit bestick¬
1433 795 2298 840 haus, in dem viele Seiten sind mit Sätzen wie
2320 790 3228 849 Dämmer aufsteigenden grauen Ufer, und ehe
526 832 1423 884 ten Tuchern und Jacken, die von der Mutter¬
1419 833 3251 889 diesen: „Die Sonne stand an dem wolkenlosen die lauen Wellen sich zwischen die Lider dräng=d
521 874 1427 928 gottes in Mariazell lachend wieder in die
1428 882 2304 929 Himmel, aber schon tief gegen Süden, gleich¬
2316 889 3209 938 ten, traf ihr sterbender Blick die letzten Schat¬
517 923 2306 976 Heimat fuhren, Chausseen, Wälder, Wiesen sam als wollte sie für dieses Jahr Abschied
2317 919 3246 991 ten der verlöschenden Welt.“ „Dr. Gräsler,7
530 970 2313 1024 mit Sauerampfer, Dorfstraßen, Kreuze, Wein= nehmen. Die letzte Kraft ihrer Strahlen
2315 975 3217 1021 Badearzt“: Ungefähr des Schicksals, mit
530 1009 2304 1061 gärten, der rußverzehrte Himmel von glänzte noch um manches Gestein und um die
2313 1005 3199 1070 Schwermut empfunden, Passivität des Her¬
527 1040 1426 1095 Mährisch=Ostrau und Witkowitz, der rotgelbe
1427 1051 2310 1103 bunten Farben des Gestrüpps an den Gestei¬
2314 1069 3214 1117 zens, Bitterkeit. „Fräulein Else“: eine Aga¬
530 1088 2311 1150 Naphthaschein von Trzebinja, die Morgen=nen. Die Felder waren abgeerntet und unge¬
2317 1101 3223 1156 nie, ein Mädchenschrei, doch die Wälder sin¬
534 1137 2310 1199 dämmerung im dampfenden Flußtal der pflügt, sie lagen kahl den Hügeln und Hängen
2307 1149 3234 1205 gen um sie, die Berge, die Sterne. „Traum¬K
529 1174 2305 1224 Waag, die Kathedrale von Gran, die Tier= entlang, nur die grünen Inseln der Winter¬
2308 1190 3207 1245 novelle": Masken, Enthüllung im Traum,
529 1215 1428 1275 börse im Pester Rathaus, wo ein Christo¬
1425 1226 1931 1294 saaten leuchteten hervor.“
2318 1240 3202 1294 Schlaf und Vergessen, ohne Grenzen zerrin¬
517 1253 1430 1317 phorus mit bartlosem Niobidenantlitz den
2310 1269 3201 1325 nend Wirklichkeit und Unwirklichkeit. Ein
530 1315 1434 1359 Herrn der Welt trägt, Zigeunerbuben, die
3200 1321 3245 1363 9
2320 1322 3211 1386 Fatum überfällt die Offiziersexistenz des
1459 1305 2311 1376 In dieser österreichischen Literatur des
527 1346 1424 1398 nachts auf der Andrassystraße um Geld sich
3195 1361 3269 1422 F
2308 1363 3187 1426 „Spiels im Morgengrauen“, wie, spöttisch ab¬
1440 1363 2310 1418 Traumes, der Melancholie und der Zartheit,
519 1393 1429 1450 rauften, die Ziehbrunnen, die Pferdeweiden.
1426 1384 3199 1461 des Moll, das sich von dem fordernden Dur gebogen, das im „Leutnant Gustl“ war. Diese
533 1431 1426 1492 der ungarischen Ebene, die flatternden Nebel
2308 1443 3193 1497 verfeinerte, immer wieder nuancierte Prosa,
1435 1457 2307 1510 des Nordens unterscheidet, schreibt 1894 ein
529 1476 1433 1544 im Karstgeröll und der erste Schimmer dei
3194 1480 3267 1537 9
1432 1487 3199 1541 Wiener Autor den Beginn einer Novelle nie=sie ist Kulturerbe, ist deutsche Gegenwart und
524 1526 1428 1581 sonnenbeglänzten Küste, der Glockensturm der
1442 1544 2887 1608 der: „Die Dämmerung nahte schon, und Ma= österreichische Vergangenheit.
524 1563 1430 1629 Sankt Veits=Prozession im engsten Fiume, wo
1437 1572 3200 1667 genggeegegerrengge
535 1612 1419 1661 sie ihre grellen Teppiche über die Balkone
521 1656 1423 1708 legten, die silbrigen Furchen auf dem Schnee¬
522 1694 1431 1744 gipfel der Raxalpe, die lyrisch sauften Kontu¬
532 1730 1427 1805 ren der Hügel um Neustift und Pötzleinsdorf,
2421 1774 2531 1845 e
531 1782 1430 1840 der bucklige Geiger in Sievering, der unter
1448 1764 2347 1859 Die Dragödle
2597 1651 3270 1869 englischen
525 1831 1427 1891 dem blaugrünen Schwindschen Tor seine Länd¬
535 1870 780 1929 ler spielte
579 1894 1356 1988 Bilder steigen auf — und verblassen.
2013 1944 2620 2037 Materin.
571 1996 1450 2073 In diesem Reiche der vielen Völker hatten
522 2058 1438 2108 die deutschen Länder stets mit dem anderen
1822 2016 2840 2152 Prozeß gegen Francois Pinet.
536 2103 1437 2155 Deutschland tiefste Gemeinschaft. Der Tauge¬
1470 2120 3226 2199 Das Drama der „Ciscaille“ hat seinen Ab-schieden, nach einer kurzen und unglücklichen!
537 2142 1438 2197 nichts Eichendorffs stand auf hohem Berg, an
1441 2175 3208 2260 schluß gefunden. François Pinet, der sechs¬ Ehe mit einem Kolonialoffizier, hatte die letzten
528 2189 1441 2253 der blitzenden Donau und schwenkte den Hut
2332 2224 3213 2286 Jahre auf Reisen verbracht und gedachte nun,
537 2243 1436 2302 und rief ein „Vivat Österreich“ in das mit
1445 2231 2322 2293 undzwanzigjährige Pächter des Hotels „Monte
2324 2268 3267 2334 sich in einer gesunden, landschaftlich schönen#
534 2265 1440 2338 Oboe, Klarinette und Waldhorn die drei
1437 2275 2325 2340 Carlo“, wurde von den Geschworenen des Ge¬
3118 2307 3228 2367 im
2321 2315 3118 2381 Gegend niederzulassen. Erst wohnte sie
535 2328 1434 2381 Prager Studenten einfielen. Mörikes Mozart
1435 2317 2329 2388 richtes Aix freigesprochen. Das Verdikt wurde
2324 2363 3212 2412 Hotel. Da sie aber wegen ihrer sechs Schäfer¬
535 2374 1425 2422 war unterwegs nach Prag, und im Tannen¬
1446 2374 2325 2432 mit Händeklatschen und Bravorufen aufge¬
2323 2392 3214 2462 hunde, die sie mit sich führte, immer wieder
525 2410 1427 2465 dunkel bei Schrems, wo er einen Pilz brach
1445 2408 2311 2471 nommen. Die Gefahr eines Justizirrtums ist
2324 2436 3217 2501 auf Schwierigkeiten stieß, beschloß sie, ein
526 2456 1432 2515 und Tannenzapfen zu sich steckte, schwatzten er
1438 2457 2317 2513 vermieden worden. Was zurückbleibt ist das
2334 2480 3221 2544 kleines Gut zu kaufen. Die „Ciscaille“, die
526 2502 1430 2557 und Konstanze von den Karossen, Staats¬
1437 2499 2319 2565 Rätsel eines völlig unaufgeklärten Todes, das
2324 2533 3223 2584 ihr angetragen wurde, zwei Kilometer von
535 2544 1430 2602 degen, Roben und Fächern, der Musik von
1437 2544 2320 2617 die dreitägige Verhandlung auch nicht an¬
2318 2571 3216 2637 Beaux entfernt, umfaßte einen riesigen Garten
536 2598 1433 2642 Wien, von den Kellnern, Saucen und Back¬
1445 2595 1971 2663 nähernd zu lösen verstand.
2331 2612 3219 2678 ein zweistöckiges Haus, das ehemals als Hotel
533 2627 1433 2696 hendeln im Prater. Die Literatur hieß Eichen¬
1476 2617 2317 2687 Vor anderthalb Jahren kam Olive Bran¬
1392 2667 1434 2706 #
2328 2664 3216 2726 Monte Carlo in Betrieb gewesen war, und
535 2680 1425 2742 dorff, der ganz in Sehnsucht „verwienert“
1436 2672 2317 2736 son, eine englische Landschaftsmalerin von Ruf,
1451 2702 3237 2775 nach Beaux am Mittelmeer, um Erholung zu mehrere hundert Meter vom Hotel entfernt ein
535 2718 1430 2779 war, Friedrich Schlegel, Zacharias Werner
1444 2747 3211 2835 suchen. Die Fünfundvierzigjährige war ge= einstöckiges Gebäude, in dem der Pächter ge¬
539 2747 1436 2819 und hieß Grillparzer; die Musik Ludwig van
533 2810 1435 2857 Beethovens aus Bonn und Franz Schuberts
536 2843 1445 2901 aus Lichtental. Es gab nichts Trennendes in
529 2896 1449 2967 dieser Flut und Ruckflut der Geister und der
526 2943 728 3002 Seelen.
587 2964 1453 3029 Aber es gab, wie es ein fränkisches oder
1591 2960 2120 3062 RRA
2823 2989 2926 3087 4
543 3024 1442 3080 schwäbisches Deutschland gab, die österreichi¬
535 3072 1448 3129 schen Besonderheiten. Um Mozarts Oper war
1978 3043 2593 3163 VOR BEGINN
539 3107 1445 3167 Salzburg, war Schloß Mirabell mit Göttern
3064 3068 3202 3234 78
536 3147 1443 3211 und Götinnen, der Domplatz, das Seepferd¬
2108 3139 2571 3240 ER NEUEN
529 3203 1445 3253 Quartett des Hofbrunnens, das unter dem
530 3243 1455 3305 Felsenriff der heidnischen Atlanten sich
2199 3227 2601 3319 SADON
543 3281 1443 3340 bäumte, der Hauch des Südens über die
1632 3316 1733 3393 ∆
545 3331 1445 3383 Alpen her. Grillparzer, das war das Wiener
1744 3323 1816 3411 O
1780 3345 1880 3449 2.
528 3384 1445 3437 Vollsschauspiel des Barock, zu dem er sich be¬
1690 3370 1791 3486 %
539 3416 1459 3488 kannt hat, als er sagte: „Meinen Stucken
529 3461 1445 3526 merkt man an, daß ich in der Kind¬
537 3503 1437 3554 heit mich an den Geister= und Feen¬
543 3534 1456 3608 märchen des Leopoldstädter Theaters ergötzt
539 3587 1457 3655 habe.“ Das war die naive Phantasmagorie
1892 3544 2030 3682 7
2848 3609 3205 3687 HEN
541 3633 1445 3702 „Der Traum ein Leben“, das Krescendo von
2865 3682 2935 3736 1
3123 3675 3188 3738 1
543 3677 1445 3732 Harfenklang, Hörnerschall und Waffengeklirr
531 3734 1451 3786 mit wallenden Schleiern und spukhaften
546 3769 1445 3826 Flämmchen, mit der Fieberangst Rustans des
541 3802 1457 3873 Fägers, in die dann auf einmal die drei
2305 3821 2817 3919 FErt
541 3839 1461 3913 Schläge der Uhr ertönten. Der Zauber, der
2972 3841 3062 3925 1
1598 3852 1864 3943 A.
538 3897 1451 3946 „nur eines Wortes bedarf, um dieses Traum¬
1896 3899 2752 3987 MARIAHILFERSTRASSE NR. 39
534 3940 1466 4022 kpiel zu lösen in sein eigentliches Nichts“.!
