<?xml version="1.0" encoding="UTF-8" standalone="yes"?>
<PcGts xmlns="http://schema.primaresearch.org/PAGE/gts/pagecontent/2013-07-15" xmlns:xsi="http://www.w3.org/2001/XMLSchema-instance" xsi:schemaLocation="http://schema.primaresearch.org/PAGE/gts/pagecontent/2013-07-15 http://schema.primaresearch.org/PAGE/gts/pagecontent/2013-07-15/pagecontent.xsd">
    <Metadata>
        <Creator>prov=University of Rostock/Institute of Mathematics/CITlab/Gundram Leifert/gundram.leifert@uni-rostock.de:name=ONB_Newseye_GT_M1+(htr_id=10810)::::v=2.4.2
prov=University of Rostock/Institute of Mathematics/CITlab/Tobias Gruening/tobias.gruening@uni-rostock.de:name=de.uros.citlab.module.baseline2polygon.B2PSeamMultiOriented:v=2.4.2
prov=University of Rostock/Institute of Mathematics/CITlab/Tobias Gruening/tobias.gruening@uni-rostock.de:name=/mnt/transkribus/LA/DEA/URO/LA_news_onb_att.pb:de.uros.citlab.segmentation.CITlab_LA_ML:v=2.4.2
Transkribus</Creator>
        <Created>2019-10-07T15:18:34.416+02:00</Created>
        <LastChange>2019-10-09T01:00:57.062+02:00</LastChange>
        <TranskribusMetadata docId="224261" pageId="9515972" pageNr="27" tsid="16618109" status="IN_PROGRESS" userId="40391" imgUrl="https://files.transkribus.eu/Get?id=FGZHLQWVDGSJTUHGCMKCFUEN&amp;fileType=view" xmlUrl="https://files.transkribus.eu/Get?id=HWXSOXZXWWZMIJHTWVWIDDFA" imageId="6204132"/>
    </Metadata>
    <Page imageFilename="224261_0027.jpeg" imageWidth="3436" imageHeight="4352">
        <ReadingOrder>
            <OrderedGroup id="ro_1711443174914" caption="Regions reading order">
                <RegionRefIndexed index="0" regionRef="r1"/>
                <RegionRefIndexed index="1" regionRef="r2"/>
                <RegionRefIndexed index="2" regionRef="r3"/>
            </OrderedGroup>
        </ReadingOrder>
        <TextRegion orientation="0.0" id="r1" custom="readingOrder {index:0;}">
            <Coords points="216,271 216,440 785,440 785,271"/>
            <TextLine id="r1l1" custom="readingOrder {index:0;}">
                <Coords points="211,380 329,380 386,407 566,422 608,403 652,419 791,392 791,362 744,325 511,336 404,316 331,356 212,323"/>
                <Baseline points="216,371 244,375 272,378 301,381 329,383 358,385 386,387 415,388 443,389 472,389 500,390 528,390 557,390 585,390 614,390 642,390 671,390 699,389 728,389 756,389 785,390"/>
                <TextEquiv>
                    <Unicode>2. Cuttings</Unicode>
                </TextEquiv>
            </TextLine>
            <TextEquiv>
                <Unicode>2. Cuttings</Unicode>
            </TextEquiv>
        </TextRegion>
        <TextRegion orientation="0.0" id="r2" custom="readingOrder {index:1;}">
            <Coords points="950,268 950,422 1404,422 1404,268"/>
            <TextLine id="r2l1" custom="readingOrder {index:0;}">
                <Coords points="945,387 978,373 1115,387 1167,368 1216,386 1409,377 1409,328 1329,308 1281,333 1257,315 1231,332 1204,319 1153,353 1099,317 1030,336 984,317 945,339"/>
                <Baseline points="950,371 975,371 1000,370 1025,370 1050,370 1076,371 1101,371 1126,371 1151,371 1177,371 1202,372 1227,372 1252,372 1277,371 1303,371 1328,371 1353,370 1378,369 1404,368"/>
                <TextEquiv>
                    <Unicode>box 38/2</Unicode>
                </TextEquiv>
            </TextLine>
            <TextEquiv>
                <Unicode>box 38/2</Unicode>
            </TextEquiv>
        </TextRegion>
        <TextRegion orientation="0.0" id="r3" custom="readingOrder {index:2;}">
            <Coords points="1370,918 1370,4036 2222,4036 2222,918"/>
            <TextLine id="r3l1" custom="readingOrder {index:0;}">
                <Coords points="1365,945 2199,968 2227,963 2228,926 1522,880 1366,909"/>
                <Baseline points="1370,938 1412,938 1455,938 1497,938 1540,939 1583,939 1625,939 1668,940 1710,940 1753,941 1796,941 1838,942 1881,943 1923,943 1966,945 2009,946 2051,947 2094,948 2136,950 2179,951 2222,953"/>
                <TextEquiv>
                    <Unicode>LITERARY CLIPPING SERVICE,</Unicode>
                </TextEquiv>
            </TextLine>
            <TextLine id="r3l2" custom="readingOrder {index:1;}">
                <Coords points="1497,1005 2025,1005 2062,1025 2093,1016 2094,966 1939,948 1872,956 1822,989 1718,945 1497,969"/>
                <Baseline points="1502,989 1531,991 1560,993 1589,993 1619,995 1648,996 1677,996 1707,997 1736,998 1765,998 1795,999 1824,999 1853,999 1882,1000 1912,1000 1941,1001 1970,1001 2000,1002 2029,1003 2058,1004 2088,1005"/>
                <TextEquiv>
                    <Unicode>96 WARRE. STREET,</Unicode>
                </TextEquiv>
            </TextLine>
            <TextLine id="r3l3" custom="readingOrder {index:2;}">
                <Coords points="1550,1065 1790,1057 1892,1071 1960,1058 2041,1071 2050,1039 1995,1012 1928,1009 1884,1034 1849,1011 1551,1010"/>
                <Baseline points="1556,1048 1581,1049 1607,1049 1633,1049 1658,1050 1684,1051 1710,1051 1735,1053 1761,1053 1787,1054 1812,1054 1838,1055 1864,1056 1889,1056 1915,1057 1941,1057 1966,1057 1992,1057 2018,1057 2044,1057"/>
                <TextEquiv>
                    <Unicode>NEW YORK, N. V.</Unicode>
                </TextEquiv>
            </TextLine>
            <TextLine id="r3l4" custom="readingOrder {index:3;}">
                <Coords points="1447,1216 1514,1237 1595,1219 1891,1233 1963,1224 1964,1180 1912,1167 1767,1179 1731,1154 1560,1184 1448,1170"/>
                <Baseline points="1452,1207 1477,1209 1502,1209 1527,1210 1553,1211 1578,1211 1603,1212 1629,1213 1654,1213 1679,1214 1705,1215 1730,1215 1755,1216 1780,1217 1806,1217 1831,1218 1856,1219 1882,1220 1907,1221 1932,1222 1958,1223"/>
                <TextEquiv>
                    <Unicode>Journal Herald</Unicode>
                </TextEquiv>
            </TextLine>
            <TextLine id="r3l5" custom="readingOrder {index:4;}">
                <Coords points="1441,1279 1484,1272 1511,1293 1548,1295 1616,1276 1636,1294 1792,1294 1852,1272 1853,1253 1747,1222 1695,1243 1664,1227 1610,1240 1584,1223 1443,1237"/>
                <Baseline points="1447,1268 1472,1268 1497,1269 1522,1270 1547,1270 1572,1271 1597,1272 1622,1272 1647,1273 1672,1273 1697,1274 1722,1275 1747,1275 1772,1277 1797,1277 1822,1278 1847,1279"/>
                <TextEquiv>
                    <Unicode>Nayoross da</Unicode>
                </TextEquiv>
            </TextLine>
            <TextLine id="r3l6" custom="readingOrder {index:5;}">
                <Coords points="1565,1340 1633,1357 1676,1341 1719,1342 1813,1370 1835,1371 1877,1347 1907,1358 1907,1300 1862,1296 1826,1274 1800,1291 1725,1304 1647,1289 1565,1303"/>
                <Baseline points="1570,1335 1595,1334 1621,1334 1646,1334 1672,1334 1697,1334 1723,1334 1748,1335 1774,1335 1799,1336 1825,1337 1850,1337 1876,1338 1902,1339"/>
                <TextEquiv>
                    <Unicode>June 1-31</Unicode>
                </TextEquiv>
            </TextLine>
            <TextLine id="r3l7" custom="readingOrder {index:6;}">
                <Coords points="1520,1434 1730,1444 1785,1425 1842,1446 1888,1430 2010,1432 2065,1401 2064,1384 2041,1383 1520,1399"/>
                <Baseline points="1525,1428 1551,1428 1578,1428 1605,1427 1631,1427 1658,1427 1685,1427 1711,1427 1738,1427 1765,1427 1792,1427 1818,1427 1845,1427 1872,1426 1898,1426 1925,1425 1952,1424 1978,1423 2005,1422 2032,1420 2059,1418"/>
                <TextEquiv>
                    <Unicode>4 PARISIAN MAGAZINE</Unicode>
                </TextEquiv>
            </TextLine>
            <TextLine id="r3l8" custom="readingOrder {index:7;}">
                <Coords points="1499,1458 1578,1486 1638,1472 1715,1489 1883,1462 2033,1480 2099,1453 2099,1428 1709,1447 1574,1428 1499,1449"/>
                <Baseline points="1505,1465 1534,1466 1563,1467 1593,1468 1622,1469 1652,1469 1681,1470 1710,1470 1740,1470 1769,1470 1799,1470 1828,1469 1857,1469 1887,1469 1916,1468 1946,1468 1975,1467 2004,1467 2034,1466 2063,1466 2093,1465"/>
                <TextEquiv>
                    <Unicode>*This Quarter' —u magazine</Unicode>
                </TextEquiv>
            </TextLine>
            <TextLine id="r3l9" custom="readingOrder {index:8;}">
                <Coords points="1465,1521 1864,1526 2088,1503 2087,1482 2048,1472 1465,1489"/>
                <Baseline points="1471,1518 1501,1517 1532,1516 1562,1515 1593,1514 1624,1514 1654,1513 1685,1513 1715,1513 1746,1512 1777,1512 1807,1512 1838,1511 1868,1511 1899,1511 1930,1510 1960,1509 1991,1508 2021,1508 2052,1506 2083,1505"/>
                <TextEquiv>
                    <Unicode>printed and published in Paris</Unicode>
                </TextEquiv>
            </TextLine>
            <TextLine id="r3l10" custom="readingOrder {index:9;}">
                <Coords points="1475,1569 1585,1550 1650,1567 1693,1551 2053,1563 2102,1539 2101,1517 2041,1511 1854,1536 1774,1515 1697,1535 1661,1521 1475,1537"/>
                <Baseline points="1481,1558 1511,1558 1542,1557 1573,1557 1604,1557 1635,1557 1665,1557 1696,1556 1727,1556 1758,1555 1789,1555 1819,1554 1850,1553 1881,1552 1912,1552 1943,1551 1973,1550 2004,1549 2035,1548 2066,1547 2097,1546"/>
                <TextEquiv>
                    <Unicode>once each quarter and edited</Unicode>
                </TextEquiv>
            </TextLine>
            <TextLine id="r3l11" custom="readingOrder {index:10;}">
                <Coords points="1473,1618 1589,1603 1748,1615 1939,1594 1938,1573 1902,1579 1832,1556 1617,1573 1584,1553 1529,1574 1472,1570"/>
                <Baseline points="1478,1600 1503,1600 1528,1600 1553,1600 1579,1599 1604,1599 1629,1599 1654,1599 1680,1598 1705,1598 1730,1597 1756,1597 1781,1596 1806,1596 1831,1594 1857,1594 1882,1593 1907,1592 1933,1590"/>
                <TextEquiv>
                    <Unicode>by Edward W. Titus.</Unicode>
                </TextEquiv>
            </TextLine>
            <TextLine id="r3l12" custom="readingOrder {index:11;}">
                <Coords points="1550,1653 1831,1640 1859,1651 2021,1626 2020,1603 1909,1599 1717,1607 1695,1621 1657,1605 1549,1609"/>
                <Baseline points="1555,1638 1580,1639 1606,1639 1631,1640 1657,1640 1682,1640 1708,1639 1733,1639 1759,1639 1785,1638 1810,1637 1836,1636 1861,1635 1887,1635 1912,1633 1938,1632 1963,1631 1989,1630 2015,1629"/>
                <TextEquiv>
                    <Unicode>BY H. A. STALLINGS</Unicode>
                </TextEquiv>
            </TextLine>
            <TextLine id="r3l13" custom="readingOrder {index:12;}">
                <Coords points="1462,1679 1548,1697 2040,1693 2140,1670 2140,1642 1462,1660"/>
                <Baseline points="1468,1682 1501,1682 1534,1682 1568,1682 1601,1681 1634,1681 1668,1681 1701,1681 1734,1681 1768,1681 1801,1681 1834,1681 1868,1680 1901,1680 1934,1679 1968,1678 2001,1677 2034,1676 2068,1675 2101,1673 2135,1671"/>
                <TextEquiv>
                    <Unicode>The January-February-March is¬</Unicode>
                </TextEquiv>
            </TextLine>
            <TextLine id="r3l14" custom="readingOrder {index:13;}">
                <Coords points="1439,1732 2086,1732 2137,1721 2137,1685 1438,1697"/>
                <Baseline points="1444,1727 1478,1725 1512,1725 1547,1724 1581,1724 1616,1723 1650,1723 1684,1723 1719,1723 1753,1723 1788,1723 1822,1723 1856,1723 1891,1723 1925,1722 1960,1721 1994,1720 2028,1718 2063,1716 2097,1714 2132,1711"/>
                <TextEquiv>
                    <Unicode>zue is the first one of this maga¬</Unicode>
                </TextEquiv>
            </TextLine>
            <TextLine id="r3l15" custom="readingOrder {index:14;}">
                <Coords points="1440,1778 1545,1761 1578,1780 1714,1764 1928,1780 2124,1755 2123,1727 2095,1724 1439,1744"/>
                <Baseline points="1445,1771 1478,1770 1512,1769 1546,1769 1579,1768 1613,1767 1647,1767 1680,1766 1714,1766 1748,1765 1782,1764 1815,1764 1849,1763 1883,1762 1916,1762 1950,1761 1984,1761 2017,1760 2051,1759 2085,1759 2119,1758"/>
                <TextEquiv>
                    <Unicode>zine we have had the opportunity</Unicode>
                </TextEquiv>
            </TextLine>
            <TextLine id="r3l16" custom="readingOrder {index:15;}">
                <Coords points="1436,1827 2137,1798 2136,1754 2071,1780 1435,1778"/>
                <Baseline points="1441,1814 1475,1814 1510,1813 1544,1812 1579,1812 1613,1811 1648,1811 1682,1810 1717,1810 1751,1809 1786,1809 1821,1808 1855,1808 1890,1807 1924,1807 1959,1806 1993,1805 2028,1804 2062,1804 2097,1802 2132,1802"/>
                <TextEquiv>
                    <Unicode>pf reading and we have found it</Unicode>
                </TextEquiv>
            </TextLine>
            <TextLine id="r3l17" custom="readingOrder {index:16;}">
                <Coords points="1434,1857 1571,1871 1602,1854 2023,1848 1990,1816 1943,1810 1434,1831"/>
                <Baseline points="1439,1855 1467,1854 1496,1854 1525,1854 1554,1853 1583,1853 1612,1853 1641,1852 1670,1852 1699,1851 1728,1850 1756,1850 1785,1850 1814,1849 1843,1849 1872,1848 1901,1848 1930,1848 1959,1847 1988,1847 2017,1847"/>
                <TextEquiv>
                    <Unicode>interesting and entertaining.</Unicode>
                </TextEquiv>
            </TextLine>
            <TextLine id="r3l18" custom="readingOrder {index:17;}">
                <Coords points="1475,1894 1583,1911 1638,1887 1782,1904 2134,1884 2133,1861 2023,1848 1475,1878"/>
                <Baseline points="1480,1894 1512,1894 1544,1893 1577,1893 1609,1893 1642,1892 1674,1892 1706,1891 1739,1891 1771,1891 1804,1891 1836,1890 1868,1890 1901,1890 1933,1889 1966,1889 1998,1888 2030,1888 2063,1887 2095,1886 2128,1886"/>
                <TextEquiv>
                    <Unicode>Among the writers in this is¬</Unicode>
                </TextEquiv>
            </TextLine>
            <TextLine id="r3l19" custom="readingOrder {index:18;}">
                <Coords points="1429,1950 2129,1941 2128,1892 1615,1919 1429,1893"/>
                <Baseline points="1435,1937 1469,1937 1503,1936 1538,1936 1572,1935 1607,1935 1641,1935 1675,1934 1710,1934 1744,1934 1779,1934 1813,1934 1847,1933 1882,1933 1916,1933 1951,1932 1985,1932 2019,1931 2054,1930 2088,1929 2123,1928"/>
                <TextEquiv>
                    <Unicode>sue are Arthur Schnitzler, Rich¬</Unicode>
                </TextEquiv>
            </TextLine>
            <TextLine id="r3l20" custom="readingOrder {index:19;}">
                <Coords points="1438,1979 1956,1973 2137,1995 2136,1939 2083,1934 1789,1962 1662,1939 1438,1955"/>
                <Baseline points="1443,1981 1477,1981 1511,1980 1546,1979 1580,1979 1615,1978 1649,1978 1683,1977 1718,1976 1752,1976 1787,1976 1821,1975 1855,1975 1890,1975 1924,1974 1959,1974 1993,1974 2027,1974 2062,1974 2096,1974 2131,1974"/>
                <TextEquiv>
                    <Unicode>urd Beer-Hofman, Stefan Zweig,</Unicode>
                </TextEquiv>
            </TextLine>
            <TextLine id="r3l21" custom="readingOrder {index:20;}">
                <Coords points="1427,2022 1863,2033 2132,2011 2131,1982 1959,1972 1837,2001 1797,1977 1427,1989"/>
                <Baseline points="1433,2025 1467,2024 1502,2024 1537,2023 1571,2022 1606,2021 1641,2020 1675,2020 1710,2019 1745,2018 1780,2018 1814,2017 1849,2017 1884,2016 1918,2016 1953,2015 1988,2015 2022,2014 2057,2013 2092,2013 2127,2012"/>
                <TextEquiv>
                    <Unicode>Rainer Maria Rilke, K. H. Wag¬</Unicode>
                </TextEquiv>
            </TextLine>
            <TextLine id="r3l22" custom="readingOrder {index:21;}">
                <Coords points="1426,2063 1551,2081 2103,2066 2124,2059 2124,2023 1862,2038 1711,2021 1651,2041 1561,2023 1425,2043"/>
                <Baseline points="1431,2070 1465,2068 1499,2066 1534,2065 1568,2064 1603,2063 1637,2062 1671,2061 1706,2060 1740,2060 1775,2059 1809,2059 1843,2058 1878,2058 1912,2057 1947,2057 1981,2057 2015,2056 2050,2056 2084,2055 2119,2055"/>
                <TextEquiv>
                    <Unicode>gerl. Mare Blitzstein, Maria Muhl¬</Unicode>
                </TextEquiv>
            </TextLine>
            <TextLine id="r3l23" custom="readingOrder {index:22;}">
                <Coords points="1431,2124 1786,2100 2049,2118 2117,2111 2138,2079 2015,2062 1920,2089 1818,2064 1431,2081"/>
                <Baseline points="1436,2112 1470,2111 1505,2109 1540,2108 1575,2107 1610,2106 1645,2105 1679,2105 1714,2104 1749,2103 1784,2103 1819,2102 1854,2102 1889,2102 1923,2101 1958,2101 1993,2100 2028,2100 2063,2100 2098,2100 2133,2099"/>
                <TextEquiv>
                    <Unicode>grabner, Arnold Ulitz, Kathleen</Unicode>
                </TextEquiv>
            </TextLine>
            <TextLine id="r3l24" custom="readingOrder {index:23;}">
                <Coords points="1435,2143 1518,2166 1768,2142 1904,2162 1966,2140 2137,2146 2136,2103 2037,2122 1799,2104 1435,2120"/>
                <Baseline points="1441,2154 1475,2152 1510,2150 1544,2149 1579,2148 1613,2147 1648,2146 1682,2145 1717,2145 1751,2145 1786,2144 1821,2144 1855,2144 1890,2143 1924,2143 1959,2143 1993,2143 2028,2143 2062,2143 2097,2143 2132,2142"/>
                <TextEquiv>
                    <Unicode>Coyle, Erskine Caldwell, E. E.</Unicode>
                </TextEquiv>
            </TextLine>
            <TextLine id="r3l25" custom="readingOrder {index:24;}">
                <Coords points="1431,2189 1926,2204 2113,2196 2136,2163 2045,2139 1918,2163 1798,2163 1769,2143 1656,2173 1598,2152 1431,2172"/>
                <Baseline points="1437,2196 1471,2195 1506,2193 1541,2193 1575,2192 1610,2191 1645,2190 1679,2190 1714,2189 1749,2189 1784,2188 1818,2188 1853,2187 1888,2187 1922,2186 1957,2186 1992,2185 2026,2185 2061,2184 2096,2183 2131,2183"/>
                <TextEquiv>
                    <Unicode>Cummings, Allen Tate, F. Kahn,</Unicode>
                </TextEquiv>
            </TextLine>
            <TextLine id="r3l26" custom="readingOrder {index:25;}">
                <Coords points="1444,2236 2139,2228 2129,2189 1924,2205 1443,2189"/>
                <Baseline points="1449,2231 1483,2231 1517,2232 1551,2232 1585,2232 1620,2231 1654,2231 1688,2230 1722,2230 1756,2229 1791,2228 1825,2227 1859,2227 1893,2226 1927,2225 1962,2225 1996,2224 2030,2224 2064,2224 2098,2224 2133,2225"/>
                <TextEquiv>
                    <Unicode>Russell Thorndike, Jane Snowden</Unicode>
                </TextEquiv>
            </TextLine>
            <TextLine id="r3l27" custom="readingOrder {index:26;}">
                <Coords points="1444,2279 1982,2288 2021,2261 2112,2271 2131,2230 1444,2236"/>
                <Baseline points="1450,2273 1483,2272 1517,2272 1551,2271 1585,2271 1618,2271 1652,2271 1686,2270 1720,2270 1753,2270 1787,2270 1821,2270 1855,2270 1888,2269 1922,2269 1956,2268 1990,2268 2023,2267 2057,2267 2091,2266 2125,2265"/>
                <TextEquiv>
                    <Unicode>Crosby, Emanuel Carnevali, Ben</Unicode>
                </TextEquiv>
            </TextLine>
            <TextLine id="r3l28" custom="readingOrder {index:27;}">
                <Coords points="1438,2314 2132,2319 2131,2263 2013,2266 1978,2290 1438,2277"/>
                <Baseline points="1444,2314 1478,2315 1512,2315 1546,2315 1580,2315 1614,2315 1648,2315 1682,2315 1716,2314 1750,2314 1785,2313 1819,2313 1853,2312 1887,2311 1921,2311 1955,2310 1989,2310 2023,2309 2057,2309 2091,2309 2126,2308"/>
                <TextEquiv>
                    <Unicode>Sussan, A. S. Frere-Reeves, Alfrec</Unicode>
                </TextEquiv>
            </TextLine>
            <TextLine id="r3l29" custom="readingOrder {index:28;}">
                <Coords points="1437,2367 1962,2355 2013,2372 2136,2362 2136,2326 1437,2327"/>
                <Baseline points="1442,2356 1476,2356 1510,2355 1545,2355 1579,2355 1614,2355 1648,2355 1683,2355 1717,2355 1752,2355 1786,2355 1820,2355 1855,2354 1889,2354 1924,2354 1958,2353 1993,2353 2027,2352 2062,2352 2096,2351 2131,2350"/>
                <TextEquiv>
                    <Unicode>Kreymberg and Effingham Evarts.</Unicode>
                </TextEquiv>
            </TextLine>
            <TextLine id="r3l30" custom="readingOrder {index:29;}">
                <Coords points="1461,2408 2087,2395 2148,2412 2147,2354 2083,2373 1461,2364"/>
                <Baseline points="1467,2396 1500,2397 1534,2397 1568,2398 1602,2398 1635,2398 1669,2398 1703,2397 1737,2397 1770,2396 1804,2396 1838,2395 1872,2395 1905,2394 1939,2393 1973,2393 2007,2392 2040,2392 2074,2391 2108,2391 2142,2391"/>
                <TextEquiv>
                    <Unicode>Short stories predominate and.</Unicode>
                </TextEquiv>
            </TextLine>
            <TextLine id="r3l31" custom="readingOrder {index:30;}">
                <Coords points="1432,2440 1597,2460 2139,2439 2138,2409 2087,2396 1894,2416 1754,2394 1682,2417 1432,2407"/>
                <Baseline points="1437,2437 1471,2438 1506,2439 1541,2441 1576,2441 1611,2442 1645,2442 1680,2442 1715,2442 1750,2442 1785,2442 1819,2441 1854,2440 1889,2440 1924,2439 1959,2438 1993,2437 2028,2436 2063,2435 2098,2434 2133,2433"/>
                <TextEquiv>
                    <Unicode>in the main, these are stories with</Unicode>
                </TextEquiv>
            </TextLine>
            <TextLine id="r3l32" custom="readingOrder {index:31;}">
                <Coords points="1430,2491 2143,2490 2136,2438 1511,2466 1430,2444"/>
                <Baseline points="1436,2485 1471,2484 1506,2484 1541,2484 1576,2484 1611,2484 1646,2484 1681,2483 1716,2483 1751,2483 1786,2483 1821,2482 1856,2482 1891,2482 1926,2481 1961,2480 1996,2480 2031,2480 2066,2479 2101,2478 2137,2477"/>
                <TextEquiv>
                    <Unicode>an unusual plot or an unusual</Unicode>
                </TextEquiv>
            </TextLine>
            <TextLine id="r3l33" custom="readingOrder {index:32;}">
                <Coords points="1424,2519 1669,2540 2128,2530 2127,2486 1424,2487"/>
                <Baseline points="1429,2526 1463,2527 1498,2527 1533,2527 1567,2527 1602,2527 1637,2526 1671,2526 1706,2525 1741,2524 1776,2524 1810,2523 1845,2522 1880,2521 1914,2521 1949,2520 1984,2519 2018,2519 2053,2519 2088,2520 2123,2520"/>
                <TextEquiv>
                    <Unicode>stwist to a familiar plot. Probably</Unicode>
                </TextEquiv>
            </TextLine>
            <TextLine id="r3l34" custom="readingOrder {index:33;}">
                <Coords points="1430,2569 2037,2580 2073,2560 2130,2573 2130,2537 1498,2543 1429,2518"/>
                <Baseline points="1435,2571 1469,2570 1504,2569 1538,2569 1573,2568 1607,2568 1642,2568 1676,2567 1711,2567 1745,2567 1780,2567 1814,2566 1849,2566 1883,2566 1918,2565 1952,2565 1987,2564 2021,2564 2056,2563 2090,2562 2125,2560"/>
                <TextEquiv>
                    <Unicode>Ithe best of these is a story of a</Unicode>
                </TextEquiv>
            </TextLine>
            <TextLine id="r3l35" custom="readingOrder {index:34;}">
                <Coords points="1441,2613 1768,2616 1840,2642 1902,2616 2146,2615 2146,2572 2011,2572 1977,2592 1923,2565 1441,2587"/>
                <Baseline points="1446,2612 1480,2611 1515,2610 1550,2609 1584,2609 1619,2608 1654,2608 1688,2608 1723,2609 1758,2609 1793,2609 1827,2609 1862,2610 1897,2610 1931,2610 1966,2610 2001,2610 2035,2609 2070,2609 2105,2607 2140,2606"/>
                <TextEquiv>
                    <Unicode>wife of a blind man, who on the</Unicode>
                </TextEquiv>
            </TextLine>
            <TextLine id="r3l36" custom="readingOrder {index:35;}">
                <Coords points="1445,2710 1654,2720 1744,2693 1776,2714 2035,2694 2093,2710 2140,2704 2140,2661 1445,2671"/>
                <Baseline points="1450,2703 1484,2702 1518,2701 1552,2700 1587,2699 1621,2699 1655,2698 1689,2698 1724,2697 1758,2697 1792,2697 1826,2697 1861,2697 1895,2696 1929,2696 1963,2696 1998,2696 2032,2696 2066,2696 2100,2695 2135,2695"/>
                <TextEquiv>
                    <Unicode>day the sight of the blind man</Unicode>
                </TextEquiv>
            </TextLine>
            <TextLine id="r3l37" custom="readingOrder {index:36;}">
                <Coords points="1456,2740 1516,2763 1757,2736 1899,2757 1988,2735 2145,2748 2135,2700 1775,2714 1742,2696 1655,2721 1455,2702"/>
                <Baseline points="1461,2745 1494,2745 1528,2744 1562,2744 1596,2744 1630,2744 1664,2743 1698,2743 1732,2743 1766,2742 1800,2742 1833,2741 1867,2741 1901,2740 1935,2739 1969,2739 2003,2738 2037,2737 2071,2736 2105,2734 2139,2733"/>
                <TextEquiv>
                    <Unicode>was restored, commitied suieide</Unicode>
                </TextEquiv>
            </TextLine>
            <TextLine id="r3l38" custom="readingOrder {index:37;}">
                <Coords points="1442,2796 1793,2784 1927,2809 1984,2787 2116,2795 2145,2783 2145,2755 1919,2765 1749,2738 1679,2762 1653,2742 1441,2761"/>
                <Baseline points="1447,2785 1481,2785 1516,2785 1550,2785 1585,2785 1620,2785 1654,2785 1689,2785 1724,2784 1758,2784 1793,2784 1828,2783 1862,2783 1897,2783 1932,2782 1966,2782 2001,2782 2036,2782 2070,2782 2105,2782 2140,2782"/>
                <TextEquiv>
                    <Unicode>for fear the blind man would not</Unicode>
                </TextEquiv>
            </TextLine>
            <TextLine id="r3l39" custom="readingOrder {index:38;}">
                <Coords points="1453,2832 1497,2852 1555,2834 1594,2854 1656,2854 1698,2833 1761,2827 1761,2795 1699,2787 1666,2801 1636,2792 1614,2800 1560,2794 1547,2803 1529,2794 1453,2799"/>
                <Baseline points="1458,2825 1485,2826 1512,2827 1539,2828 1566,2828 1593,2828 1620,2828 1647,2828 1674,2827 1701,2827 1728,2827 1756,2827"/>
                <TextEquiv>
                    <Unicode>like her looks.</Unicode>
                </TextEquiv>
            </TextLine>
            <TextLine id="r3l40" custom="readingOrder {index:39;}">
                <Coords points="1512,2893 1825,2887 1862,2866 1896,2886 2118,2885 2151,2873 2151,2817 1966,2857 1934,2837 1826,2851 1787,2829 1737,2861 1512,2852"/>
                <Baseline points="1518,2877 1549,2877 1580,2877 1612,2878 1643,2878 1674,2878 1706,2878 1737,2879 1768,2879 1800,2879 1831,2879 1862,2879 1894,2879 1925,2878 1956,2878 1988,2877 2019,2877 2050,2876 2082,2875 2113,2873 2145,2871"/>
                <TextEquiv>
                    <Unicode>We quote from one of the</Unicode>
                </TextEquiv>
            </TextLine>
            <TextLine id="r3l41" custom="readingOrder {index:40;}">
                <Coords points="1446,2946 1664,2920 2145,2925 2138,2877 1446,2893"/>
                <Baseline points="1451,2923 1485,2923 1519,2923 1554,2923 1588,2922 1623,2922 1657,2922 1691,2922 1726,2922 1760,2921 1795,2921 1829,2921 1863,2920 1898,2920 1932,2919 1967,2919 2001,2918 2035,2917 2070,2917 2104,2916 2139,2915"/>
                <TextEquiv>
                    <Unicode>Schnitzler essays: It has always</Unicode>
                </TextEquiv>
            </TextLine>
            <TextLine id="r3l42" custom="readingOrder {index:41;}">
                <Coords points="1450,2968 1701,2985 1922,2955 1997,2974 2154,2962 2153,2921 2130,2918 1450,2945"/>
                <Baseline points="1455,2965 1489,2964 1524,2964 1559,2964 1593,2963 1628,2963 1663,2963 1697,2963 1732,2963 1767,2963 1802,2963 1836,2962 1871,2962 1906,2962 1940,2961 1975,2961 2010,2960 2044,2959 2079,2959 2114,2957 2149,2956"/>
                <TextEquiv>
                    <Unicode>been ebvious that men must first</Unicode>
                </TextEquiv>
            </TextLine>
            <TextLine id="r3l43" custom="readingOrder {index:42;}">
                <Coords points="1454,3025 2154,3006 2153,2966 1699,2984 1453,2968"/>
                <Baseline points="1459,3010 1493,3010 1528,3009 1562,3009 1597,3009 1631,3009 1666,3009 1700,3008 1735,3008 1769,3008 1804,3008 1838,3007 1873,3007 1907,3006 1942,3006 1976,3005 2011,3004 2045,3003 2080,3001 2114,3000 2149,2998"/>
                <TextEquiv>
                    <Unicode>make room in their hearts when</Unicode>
                </TextEquiv>
            </TextLine>
            <TextLine id="r3l44" custom="readingOrder {index:43;}">
                <Coords points="1448,3067 1573,3047 1650,3070 1761,3048 1896,3059 1922,3034 1999,3065 2043,3042 2124,3050 2149,3023 2016,3006 1591,3026 1447,3004"/>
                <Baseline points="1453,3051 1487,3051 1522,3051 1556,3051 1591,3051 1625,3051 1660,3051 1694,3051 1729,3051 1763,3051 1798,3050 1832,3050 1867,3049 1901,3048 1936,3048 1970,3047 2005,3046 2039,3044 2074,3043 2108,3042 2143,3040"/>
                <TextEquiv>
                    <Unicode>some one comes along and lays</Unicode>
                </TextEquiv>
            </TextLine>
            <TextLine id="r3l45" custom="readingOrder {index:44;}">
                <Coords points="1458,3097 1727,3100 1767,3079 1838,3102 2143,3108 2142,3056 2076,3046 1896,3079 1802,3052 1645,3075 1457,3055"/>
                <Baseline points="1463,3093 1496,3094 1530,3094 1564,3094 1597,3094 1631,3094 1665,3093 1698,3093 1732,3092 1766,3092 1800,3091 1833,3091 1867,3090 1901,3089 1934,3088 1968,3087 2002,3086 2035,3086 2069,3085 2103,3083 2137,3083"/>
                <TextEquiv>
                    <Unicode>claim to their love, friendship,</Unicode>
                </TextEquiv>
            </TextLine>
            <TextLine id="r3l46" custom="readingOrder {index:45;}">
                <Coords points="1454,3141 2152,3144 2151,3099 2002,3091 1454,3111"/>
                <Baseline points="1460,3138 1494,3138 1528,3137 1562,3137 1597,3137 1631,3136 1665,3136 1700,3136 1734,3136 1768,3135 1803,3135 1837,3134 1871,3134 1905,3134 1940,3133 1974,3132 2008,3132 2043,3131 2077,3130 2111,3129 2146,3128"/>
                <TextEquiv>
                    <Unicode>sympathy, or simple consideration</Unicode>
                </TextEquiv>
            </TextLine>
            <TextLine id="r3l47" custom="readingOrder {index:46;}">
                <Coords points="1455,3194 1713,3173 1871,3191 1957,3171 2039,3196 2148,3174 2147,3140 2100,3135 1567,3156 1454,3141"/>
                <Baseline points="1460,3182 1494,3181 1528,3180 1562,3179 1596,3179 1630,3178 1664,3178 1698,3178 1732,3177 1766,3177 1801,3177 1835,3176 1869,3176 1903,3176 1937,3175 1971,3175 2005,3174 2039,3173 2073,3172 2107,3171 2142,3170"/>
                <TextEquiv>
                    <Unicode>only. Man’s feelings are büt rare¬</Unicode>
                </TextEquiv>
            </TextLine>
            <TextLine id="r3l48" custom="readingOrder {index:47;}">
                <Coords points="1453,3226 1681,3236 1808,3213 1979,3230 2161,3218 2161,3193 2122,3175 2038,3200 1980,3175 1569,3199 1452,3171"/>
                <Baseline points="1458,3221 1492,3220 1527,3219 1562,3218 1597,3218 1632,3217 1667,3217 1702,3217 1737,3217 1772,3217 1807,3217 1841,3217 1876,3217 1911,3217 1946,3216 1981,3216 2016,3216 2051,3215 2086,3214 2121,3213 2156,3212"/>
                <TextEquiv>
                    <Unicode>Iy comparable to a spring that.</Unicode>
                </TextEquiv>
            </TextLine>
            <TextLine id="r3l49" custom="readingOrder {index:48;}">
                <Coords points="1448,3266 2076,3271 2123,3264 2149,3220 2030,3211 1888,3240 1831,3220 1447,3229"/>
                <Baseline points="1453,3264 1487,3263 1522,3262 1556,3261 1591,3261 1625,3260 1660,3260 1694,3259 1729,3259 1763,3259 1798,3259 1833,3258 1867,3258 1902,3258 1936,3258 1971,3258 2005,3257 2040,3256 2074,3256 2109,3255 2144,3254"/>
                <TextEquiv>
                    <Unicode>bubbles inexhaustibly. As a rule</Unicode>
                </TextEquiv>
            </TextLine>
            <TextLine id="r3l50" custom="readingOrder {index:49;}">
                <Coords points="1456,3307 1500,3325 1847,3300 1947,3323 1974,3298 2151,3296 2150,3273 2045,3258 2021,3277 1872,3262 1842,3284 1809,3267 1455,3270"/>
                <Baseline points="1461,3304 1495,3304 1529,3305 1563,3305 1597,3305 1632,3305 1666,3305 1700,3304 1734,3304 1768,3304 1803,3304 1837,3303 1871,3303 1905,3302 1939,3301 1974,3300 2008,3300 2042,3298 2076,3297 2110,3296 2145,3295"/>
                <TextEquiv>
                    <Unicode>the spring will be found to have</Unicode>
                </TextEquiv>
            </TextLine>
            <TextLine id="r3l51" custom="readingOrder {index:50;}">
                <Coords points="1455,3342 1488,3365 1647,3369 1805,3356 1849,3331 1985,3358 2159,3344 2158,3294 1919,3326 1754,3305 1455,3326"/>
                <Baseline points="1461,3348 1495,3348 1530,3347 1564,3347 1599,3347 1634,3346 1668,3346 1703,3346 1738,3345 1772,3345 1807,3344 1842,3344 1876,3344 1911,3343 1946,3343 1980,3342 2015,3341 2050,3340 2084,3340 2119,3339 2154,3338"/>
                <TextEquiv>
                    <Unicode>been confined in a graduated</Unicode>
                </TextEquiv>
            </TextLine>
            <TextLine id="r3l52" custom="readingOrder {index:51;}">
                <Coords points="1460,3406 2142,3396 2141,3346 1460,3365"/>
                <Baseline points="1465,3389 1498,3389 1532,3389 1565,3389 1599,3389 1632,3388 1666,3388 1699,3388 1733,3387 1766,3386 1800,3386 1834,3386 1867,3385 1901,3385 1934,3385 1968,3384 2001,3384 2035,3384 2068,3384 2102,3384 2136,3385"/>
                <TextEquiv>
                    <Unicode>reservoir, whience, under eternally</Unicode>
                </TextEquiv>
            </TextLine>
            <TextLine id="r3l53" custom="readingOrder {index:52;}">
                <Coords points="1466,3444 2156,3420 2042,3390 1466,3404"/>
                <Baseline points="1471,3431 1506,3430 1542,3430 1578,3430 1613,3429 1649,3429 1685,3429 1721,3429 1756,3428 1792,3428 1828,3428 1864,3428 1899,3427 1935,3427 1971,3427 2007,3426 2042,3426 2078,3425 2114,3425 2150,3424"/>
                <TextEquiv>
                    <Unicode>uniform pressure, it flows into un</Unicode>
                </TextEquiv>
            </TextLine>
            <TextLine id="r3l54" custom="readingOrder {index:53;}">
                <Coords points="1453,3486 1723,3489 1778,3466 2151,3487 2150,3425 1621,3453 1453,3440"/>
                <Baseline points="1459,3473 1493,3472 1527,3471 1561,3470 1596,3469 1630,3469 1664,3469 1699,3468 1733,3468 1767,3468 1802,3468 1836,3468 1870,3468 1904,3468 1939,3468 1973,3468 2007,3468 2042,3468 2076,3467 2110,3466 2145,3465"/>
                <TextEquiv>
                    <Unicode>limited number of conduits; and,</Unicode>
                </TextEquiv>
            </TextLine>
            <TextLine id="r3l55" custom="readingOrder {index:54;}">
                <Coords points="1452,3540 1517,3514 1813,3526 1857,3496 1966,3524 2158,3505 2099,3470 1703,3496 1452,3485"/>
                <Baseline points="1457,3515 1491,3514 1526,3514 1561,3513 1596,3513 1630,3512 1665,3512 1700,3512 1735,3512 1769,3512 1804,3512 1839,3511 1874,3511 1908,3511 1943,3510 1978,3510 2013,3509 2047,3508 2082,3507 2117,3505 2152,3503"/>
                <TextEquiv>
                    <Unicode>as often as a new channel has</Unicode>
                </TextEquiv>
            </TextLine>
            <TextLine id="r3l56" custom="readingOrder {index:55;}">
                <Coords points="1452,3580 1574,3554 1622,3574 2139,3565 2146,3524 1452,3540"/>
                <Baseline points="1457,3556 1491,3556 1525,3556 1559,3556 1593,3556 1628,3556 1662,3555 1696,3555 1730,3555 1764,3554 1799,3553 1833,3553 1867,3552 1901,3551 1935,3551 1970,3550 2004,3549 2038,3548 2072,3546 2106,3545 2141,3544"/>
                <TextEquiv>
                    <Unicode>been filled, it means that anotheri</Unicode>
                </TextEquiv>
            </TextLine>
            <TextLine id="r3l57" custom="readingOrder {index:56;}">
                <Coords points="1462,3604 1648,3617 1744,3595 1849,3613 1961,3607 2012,3578 2107,3609 2149,3589 2148,3563 2083,3555 1462,3573"/>
                <Baseline points="1467,3599 1500,3599 1534,3598 1568,3598 1602,3598 1636,3597 1669,3597 1703,3596 1737,3595 1771,3595 1805,3594 1838,3594 1872,3593 1906,3592 1940,3592 1973,3591 2007,3591 2041,3590 2075,3590 2109,3589 2143,3589"/>
                <TextEquiv>
                    <Unicode>was tapped or drained dry“, Thist</Unicode>
                </TextEquiv>
            </TextLine>
            <TextLine id="r3l58" custom="readingOrder {index:57;}">
                <Coords points="1460,3654 2154,3640 2138,3591 2037,3613 1459,3610"/>
                <Baseline points="1465,3639 1499,3639 1533,3639 1567,3639 1601,3639 1636,3639 1670,3639 1704,3638 1738,3638 1772,3637 1807,3637 1841,3636 1875,3635 1909,3634 1943,3634 1978,3633 2012,3632 2046,3631 2080,3631 2114,3630 2149,3629"/>
                <TextEquiv>
                    <Unicode>is a theory that in order to lovel</Unicode>
                </TextEquiv>
            </TextLine>
            <TextLine id="r3l59" custom="readingOrder {index:58;}">
                <Coords points="1455,3681 1504,3697 1650,3681 1693,3701 1911,3678 1974,3700 2151,3680 2151,3657 1454,3648"/>
                <Baseline points="1460,3685 1494,3684 1528,3683 1562,3682 1597,3681 1631,3680 1665,3680 1700,3680 1734,3680 1768,3679 1803,3679 1837,3679 1871,3678 1905,3678 1940,3677 1974,3677 2008,3676 2043,3675 2077,3673 2111,3671 2146,3670"/>
                <TextEquiv>
                    <Unicode>Vone it is necessary to cease lov¬</Unicode>
                </TextEquiv>
            </TextLine>
            <TextLine id="r3l60" custom="readingOrder {index:59;}">
                <Coords points="1455,3728 2156,3719 2155,3680 2136,3678 1455,3704"/>
                <Baseline points="1461,3725 1495,3724 1529,3723 1564,3723 1598,3722 1633,3721 1667,3721 1702,3721 1736,3721 1771,3720 1805,3720 1839,3720 1874,3720 1908,3720 1943,3719 1977,3718 2012,3718 2046,3717 2081,3716 2115,3715 2150,3712"/>
                <TextEquiv>
                    <Unicode>ing another, that man has only so.</Unicode>
                </TextEquiv>
            </TextLine>
            <TextLine id="r3l61" custom="readingOrder {index:60;}">
                <Coords points="1457,3783 1936,3761 2028,3777 2162,3750 2088,3726 1456,3728"/>
                <Baseline points="1462,3767 1496,3766 1531,3765 1566,3765 1600,3764 1635,3764 1670,3763 1704,3763 1739,3763 1774,3763 1809,3762 1843,3762 1878,3762 1913,3761 1947,3760 1982,3760 2017,3759 2051,3758 2086,3756 2121,3754 2156,3753"/>
                <TextEquiv>
                    <Unicode>much love, and to love many the</Unicode>
                </TextEquiv>
            </TextLine>
            <TextLine id="r3l62" custom="readingOrder {index:61;}">
                <Coords points="1457,3824 1628,3802 1673,3831 1711,3802 2092,3825 2156,3803 2156,3781 1786,3765 1456,3784"/>
                <Baseline points="1462,3808 1496,3808 1530,3807 1565,3807 1599,3807 1634,3807 1668,3806 1703,3806 1737,3806 1772,3806 1806,3805 1840,3805 1875,3805 1909,3804 1944,3804 1978,3803 2013,3803 2047,3802 2082,3801 2116,3801 2151,3799"/>
                <TextEquiv>
                    <Unicode>capacity for love must be passed</Unicode>
                </TextEquiv>
            </TextLine>
            <TextLine id="r3l63" custom="readingOrder {index:62;}">
                <Coords points="1453,3846 1504,3863 1841,3862 1872,3846 1872,3823 1851,3810 1803,3825 1768,3813 1695,3818 1673,3831 1588,3816 1453,3824"/>
                <Baseline points="1459,3849 1484,3850 1510,3850 1535,3850 1561,3850 1586,3849 1612,3849 1637,3849 1663,3849 1688,3848 1714,3848 1739,3847 1765,3847 1790,3846 1816,3846 1841,3845 1867,3845"/>
                <TextEquiv>
                    <Unicode>around, so to speak.</Unicode>
                </TextEquiv>
            </TextLine>
            <TextLine id="r3l64" custom="readingOrder {index:63;}">
                <Coords points="1492,3906 1610,3887 1701,3905 1814,3888 2089,3901 2138,3893 2138,3862 1491,3858"/>
                <Baseline points="1497,3887 1528,3888 1560,3889 1592,3889 1624,3889 1656,3889 1687,3889 1719,3888 1751,3888 1783,3887 1815,3887 1846,3886 1878,3885 1910,3884 1942,3884 1974,3883 2005,3883 2037,3882 2069,3882 2101,3881 2133,3881"/>
                <TextEquiv>
                    <Unicode>The magazine is decidedly</Unicode>
                </TextEquiv>
            </TextLine>
            <TextLine id="r3l65" custom="readingOrder {index:64;}">
                <Coords points="1460,3934 2096,3944 2159,3934 2159,3898 1459,3899"/>
                <Baseline points="1465,3933 1499,3932 1533,3932 1568,3932 1602,3932 1637,3931 1671,3931 1706,3931 1740,3930 1775,3930 1809,3929 1843,3929 1878,3928 1912,3928 1947,3927 1981,3926 2016,3926 2050,3925 2085,3925 2119,3924 2154,3924"/>
                <TextEquiv>
                    <Unicode>foreign in its atmosphere and</Unicode>
                </TextEquiv>
            </TextLine>
            <TextLine id="r3l66" custom="readingOrder {index:65;}">
                <Coords points="1464,3980 1953,3973 1990,3991 2147,3977 2150,3939 1463,3940"/>
                <Baseline points="1469,3973 1502,3973 1536,3973 1570,3973 1604,3973 1638,3973 1671,3973 1705,3973 1739,3973 1773,3973 1807,3973 1840,3972 1874,3972 1908,3972 1942,3971 1975,3971 2009,3970 2043,3969 2077,3968 2111,3967 2145,3966"/>
                <TextEquiv>
                    <Unicode>therefore comes to the American</Unicode>
                </TextEquiv>
            </TextLine>
            <TextLine id="r3l67" custom="readingOrder {index:66;}">
                <Coords points="1447,4043 1737,4052 1807,4017 1876,4041 1917,4017 2012,4007 2012,3986 1769,3978 1694,3993 1643,3973 1596,3995 1552,3983 1446,3997"/>
                <Baseline points="1452,4026 1479,4024 1507,4022 1535,4021 1563,4020 1590,4019 1618,4019 1646,4018 1674,4017 1701,4017 1729,4016 1757,4016 1785,4015 1812,4015 1840,4015 1868,4015 1896,4014 1923,4014 1951,4013 1979,4013 2007,4012"/>
                <TextEquiv>
                    <Unicode>reader as something novel.</Unicode>
                </TextEquiv>
            </TextLine>
            <TextEquiv>
                <Unicode>LITERARY CLIPPING SERVICE,
96 WARRE. STREET,
NEW YORK, N. V.
Journal Herald
Nayoross da
June 1-31
4 PARISIAN MAGAZINE
*This Quarter' —u magazine
printed and published in Paris
once each quarter and edited
by Edward W. Titus.
BY H. A. STALLINGS
The January-February-March is¬
zue is the first one of this maga¬
zine we have had the opportunity
pf reading and we have found it
interesting and entertaining.
Among the writers in this is¬
sue are Arthur Schnitzler, Rich¬
urd Beer-Hofman, Stefan Zweig,
Rainer Maria Rilke, K. H. Wag¬
gerl. Mare Blitzstein, Maria Muhl¬
grabner, Arnold Ulitz, Kathleen
Coyle, Erskine Caldwell, E. E.
Cummings, Allen Tate, F. Kahn,
Russell Thorndike, Jane Snowden
Crosby, Emanuel Carnevali, Ben
Sussan, A. S. Frere-Reeves, Alfrec
Kreymberg and Effingham Evarts.
Short stories predominate and.
in the main, these are stories with
an unusual plot or an unusual
stwist to a familiar plot. Probably
Ithe best of these is a story of a
wife of a blind man, who on the
day the sight of the blind man
was restored, commitied suieide
for fear the blind man would not
like her looks.
We quote from one of the
Schnitzler essays: It has always
been ebvious that men must first
make room in their hearts when
some one comes along and lays
claim to their love, friendship,
sympathy, or simple consideration
only. Man’s feelings are büt rare¬
Iy comparable to a spring that.
bubbles inexhaustibly. As a rule
the spring will be found to have
been confined in a graduated
reservoir, whience, under eternally
uniform pressure, it flows into un
limited number of conduits; and,
as often as a new channel has
been filled, it means that anotheri
was tapped or drained dry“, Thist
is a theory that in order to lovel
Vone it is necessary to cease lov¬
ing another, that man has only so.
much love, and to love many the
capacity for love must be passed
around, so to speak.
The magazine is decidedly
foreign in its atmosphere and
therefore comes to the American
reader as something novel.</Unicode>
            </TextEquiv>
        </TextRegion>
    </Page>
</PcGts>
