3344 4384
185 257 774 356 2. guttings
1384 167 2469 243 —
940 248 1381 340 box 38/2
1310 1075 2084 1154 THE MODERN LANGUAGE JOURNAL
1004 1082 1110 1156 472
1010 1169 2374 1238 richer!—S.118, Z.26 (und 27)“ Durch Nacht und Eis ... schad,'
1004 1241 2377 1292 dass ich’s nimmer auslesen kann. The humor is delicious; it is the
1009 1289 2381 1340 last sort of book that would have interested Gustl, who was afraid
1009 1328 2383 1383 of the dark.?' Gustls Ausserung ist keineswegs humoristisch
1005 1370 2379 1432 gemeint und er fürchtete sich im Dunkeln nicht. Nansens Buch war
1018 1427 2380 1475 damals sehr beliebt bei jungen Leuten; es war Gustls wertvollstes
1010 1460 2383 1514 Werk und er will es seinem Freunde hinterlassen. S.186, Z.16-34:
1014 1505 2379 1582 Aber der Ruhm ahnen Sie denn, wie das auf ein junges Mäd¬
1015 1554 2384 1616 chenherz wirkt? Wir (Schauspieler) wissen ja nie  ob eine
1014 1608 2383 1674 Schwärmerei uns gilt, eder dem Duft der Unsterblichkeit, der uns
1012 1668 2388 1708 umschwebt.. etc. The idea elaborated in these lines is a serious
1007 1703 2375 1758 one with Schnitzler; how easily it is possible for a woman to marry
1015 1737 2383 1804 one man but love another, merely visualizing the one as a substitute
1008 1793 2386 1847 for the other.?' Schnitzler drückt hier nur die Unsicherheit des
1013 1830 2378 1892 Künstlers aus, der niemals weiss, ob er um seiner selbst willen oder
1023 1874 2379 1936 wegen des Ruhmes, der ihn unnatürlich vergrössert, geliebt wird.—
1008 1932 2386 1983 Zu S.192, Z.34—8.193, Z.1 f.: “ich kann die Szene mit dem Geist
1011 1964 2391 2022 entbehren, mit dem von Hamlets Vater mein'ich'’ findet man fol¬
1025 2023 2392 2085 gende Anmerkung: “Page 193.—1. Geist. Falk’s cleverness, in view
1022 2058 2383 2119 of Hamlet’s relation to his father in the play, can hardly#escape
1013 2105 2387 2163 Sophie.? Dies ist ganz irreführend. Worauf es hier ankommt, ist
1028 2150 2392 2219 dies: Der Theaterdirektor Falk sagt Sophie, dass er nichts dagegen
1012 2193 2390 2264 hätte, die Geist-Szene durch Zuspät-Kommen zu versäumen. Dar¬
1023 2264 2396 2296 um soll Sophie nur ruhig ihre lange Geschichte erzählen.—8.189,
1024 2298 2383 2349 Z.10: Nun, es ging. There is much harmless flirtation in Schnitz¬
1021 2333 2386 2402 ler.? Diese Anmerkung hat keinen Sinn.—8.197, Z.17: " Bursche,
1020 2401 2391 2450 that is the Boy with probably another letter.? Es ist aber Edgar
1015 2444 2388 2486 Gley, der Besucher.—8.197, Z.19: “Na, sieh sie dir nur an, Falk.
1022 2467 2395 2534 Look at her for yourself, Falk. A north-German would have used
1021 2517 2392 2581 an exclamation point.“ Auch der Süddeutsche würde hier ge¬
1027 2589 2401 2631 wöhnlich ein Ausrufzeichen setzen. Die Interpunktion ist im
1025 2621 2123 2674 Norden und Süden Deutschlands nicht verschieden.
1090 2650 2383 2717 Das Vokabular ist im Grossen und Ganzen gut. Fehler unter¬
1017 2698 2384 2768 liefen jedoch auch hier, so findet sich für"Gummiradler, cyclist'
1021 2745 2400 2798 Ccoach with wheels on tires?'; fidel, merry, devoted,'’ statt richtig
1028 2804 2401 2870 Umerry''; "gastieren, live out, live in hotel,'' soll heissen Cto star';
1028 2852 2401 2905 Publikum, public, free lecture'' müsste richtig “audience' heissen.
1070 2908 2408 2946 —In der Einleitung wird Schnitzler S.XII, 2.23 folgendermassen
1035 2928 2363 2998 zitiert: Nur um mich (!) bei euch nicht als feig zu gelten....
1818 2982 2356 3039 ERIcH VON SCHROETTER
1064 3027 1601 3101 Northwestern University
