3344 4320
943 188 1402 281 box 38/2
207 195 798 295 2. Cuttings
181 1301 688 1382 ppell des Völker¬
183 1368 686 1426 tiemächte der öster¬
1050 1349 1496 1474 Feuilleton.
189 1418 678 1485 32 zu entsprechen, worin
179 1467 685 1519 okoll vom 15. Juli 1932
191 1510 692 1579 internationalen
903 1493 1651 1596 Erinnerung an Schnitzler.
190 1557 298 1614 en.
1029 1570 1535 1672 Von Felix Salten.
189 1594 680 1658 non antwortete: Das
185 1656 675 1717 der britischen Re¬
777 1658 1846 1731 Die Gestalt Arthur Schnitzlers, in diesem Buch hat sie
185 1700 677 1773 prden und Sie können
694 1721 1855 1777 wieder leibhaftige Gegenwart. Ohnehin bleibt es schwer zu
694 1766 1852 1821 tragen, wie plötzlich er dem Leben entrissen wurde. Da bietet
690 1818 1848 1875 „Die kleine Komödie“ von S. Fischer herausgebracht, zwar
211 1795 673 1877 die Frage, das
696 1860 1854 1913 keinen Trost, aber den stets erwünschten Anlaß, mit dem
214 1859 667 1939 Zeitpunkt in An¬
691 1906 1857 1958 Dichter wieder einmal zusammen etliche gute Stunden zu
200 1914 672 2001 cht aus dem Auge
688 1947 1861 2008 verbringen. Lebendige Stunden, würde Schnitzler sagen. Denn
694 1993 1848 2046 unter dem Titel „Die kleine Komödie" sind Novellen aus
696 2040 1849 2091 der frühen Jugend Schnitzlers mit Novellen aus der Zeit
695 2089 1844 2141 seiner Meisterschaft vereinigt. Anfang und Ende eines
192 2094 666 2202 s Maler¬
686 2135 1844 2192 Daseins von ernster Arbeit an sich selbst, Anfang und Ende
696 2179 1854 2232 eines Daseins, das ganz erfüllt, das hell durchleuchtet war
694 2225 1855 2279 von edelstem, reinstem Menschentum. Und von erschütternder
175 2091 496 2317 blagej.
697 2270 867 2337 Tragik.
778 2283 1849 2371 Erinnerungen werden wach beim Lesen der ersten
191 2308 675 2392 ilfin Unterstöger.
691 2339 1842 2411 Novellen. Mit dreiundzwanzig Jahren schrieb er die kurze
192 2376 671 2473 lazej hat gestern
692 2399 1848 2457 Geschichte „Welch eine Melodie“ Schnitzlers beständige
692 2451 1850 2517 Zweifel sind darin schon sehr rege, sein beständiges Suchen
192 2449 672 2526 ausgehilfin Unter¬
687 2498 1841 2542 nach dem Geheimnis und nach der Ironie dunkler Ver¬
198 2508 680 2574 eLeiche zerstückelt
693 2546 1852 2600 knüpfungen. Die Essenzen, aus denen seine dichterische Sub¬
185 2560 677 2645 Mädchen während
685 2586 1857 2649 stanz sich herstellt, sind da schon so klar vorhanden wie
181 2626 360 2709 haben.
678 2649 1848 2706 päter. Das beweist die „Geschichte eines Genies“, die ent¬
191 2790 1550 2854 erem Weifmachts-Cßkasions-VerKauf
928 2842 1679 2900 Dechen und Meberwürfe
177 2849 314 2905 ge
736 2886 1871 2935 Jacquard-Fianelidecke, 130X 180 cm .. per Stück S 8.70
178 2881 720 2950 . 100 cm breit, p. M. S 1.90
606 2935 717 2986 3.30
736 2930 1854 2990 Schufwolldeche, Bordüre, 125X180 cm . per Stück S 25.—
187 2935 592 2996 ätzen per Paar S
602 2971 720 3035 7.50
730 2963 1760 3038 Steppdecke, Schafwolllüllung, handgendht, 130X 180 cm
326 2971 592 3033 per Stück S
1742 2964 1865 3056 38.—
1518 3004 1737 3058 per Stück S
180 2986 595 3074 Spitzen und Einsätzen,
1755 3026 1879 3094 2.50
1292 3029 1743 3095 per Stück S 5.50 und S
741 3029 1262 3087 Dekorations-Polster
352 3048 592 3101 per Stück S
1755 3080 1876 3132 5.30
750 3081 1739 3125 Wandschoner, verschiedene Dessins aufw. v. S
192 3079 599 3149 Vorhänge und Dechken,
1761 3122 1874 3180 2.80
602 3117 719 3180 6.50
733 3120 1742 3169 Linolette, zum Auslegen ganzer Räume per m2 S
346 3125 594 3184 per Meter S
1752 3160 1875 3215 4.—
736 3158 1744 3217 Kokosläufer, naturfarbig, 63 cm breit .. per Meter S
201 3131 604 3228 Storeslange, komplett
1751 3189 1878 3245 5.80
352 3197 1735 3245 per Stück S 8.50  Möbelstolf l. mod. Lotterbeitenüberzeuge, 125 cm br., p. M.S
363 3344 1247 3467 PEte CAe
1875 1347 2976 1409 stand, als Schnitzler fünfundvierzig war. Sein Hang zu
1871 1402 3032 1460 Parabel zeigt sich, seine Neigung, still lächelnd mit den
1882 1432 3036 1514 Nichtigkeiten, den hoch überschätzten Wichtigkeiten des
1875 1488 2553 1559 Ruhmes, des Erfolges zu spielen.
1963 1534 3032 1602 Ein junger Arzt, ganz eingefangen in das Studium der
1875 1551 3028 1647 Medizin, in den Spitalsdienst, nachher in die Pflichten eines
1879 1628 3035 1691 Assistenten, erzählt Schnitzler damals gesprächsweise piel
1874 1661 3030 1722 von den Schrecknissen der Seziersäle, von dem nieder¬
1876 1721 3022 1772 schmetternden Eindruck, den er immer wieder an den Betten
1884 1766 3030 1817 Sterbender empfing. Er spricht davon, um sein gequältes
1865 1813 3036 1865 Herz zu erleichtern. Das wird jedesmal ergreifend deutlich.
1871 1858 3036 1910 Die Medizin als Wissenschaft lockt ihn, bezaubert ihn sogar
1876 1899 3029 1956 gelegentlich. Doch als Praxis stößt sie ihn ab. Durch die
1876 1946 3034 2012 ärztliche Praxis liegt der Menschheit ganzer Jammer vor
1877 1991 3016 2043 ihm ausgebreitet. Er sieht furchtbare Leiden, Verzweislung,
1879 2033 3023 2093 letzte Angst, er kennt die Grenzen, an denen Hilfe endigt,
1876 2085 3027 2153 kennt die Glorie großer Aerzte, die Kläglichkeit der Stümper,
1870 2125 2950 2197 die Machenschaften unbedenklicher Streber. Und er ist
1873 2173 3037 2251 seinem innersten Wesen ein Poet, er trägt ein heißes Ver¬
1873 2222 3031 2284 langen nach Schönheit, nach Glanz und Freude, an denen
1869 2265 3032 2315 dieses Leben, er weiß, er fühlt das, genau so reich ist wie an
1863 2302 3024 2360 Qual. Sein Trieb, Erkenntnisse zu gewinnen, fesselt ihn an
1865 2360 3016 2412 die Wissenschaft, tiefes Erbarmen zieht ihn an die Kranken¬
1866 2407 3020 2464 betten, dazu schüttelt ihn der Widerwille gegen auf¬
1869 2452 3017 2502 gezwungene Pflichten, reißt ihn leidenschaftliche Sehnsucht
1872 2498 3029 2574 Phantasie und Einfallsreichtum mit fort zu seiner einze
1858 2539 2314 2605 wahren Erdensendung.
1959 2578 3020 2652 Nur ganz wenige Freunde hat er unter den Aerzter,
1857 2632 3017 2702 Wenn Altersgenossen, Studienkollegen von ihm reden,
2909 2685 3019 2739 —
1883 2784 2469 2856 Geschältszeit ab 1. Dezember:
2525 2755 2874 2878 6 3
1891 2841 2475 2909 von ½9 Uhr bis ½7 Uhr.
2585 2960 2641 3048 4
1977 3063 2122 3149 C
2347 3016 2446 3161 6
1977 3204 2987 3308 K
2828 3285 2997 3338 523
