3392 4352
183 3842 267 3891 ehr¬
2716 179 2887 253 SE
1628 163 2380 259 —
373 273 456 334 t
868 264 1315 349 box 38/2
113 271 724 372 2ings
2710 724 2791 779 34
952 711 2361 771 1931. Literaturblatt für vermanische und romanische Philologie. Nr. 1—2.
484 729 587 802 33
187 741 253 797 32
1669 823 2825 877 Wramowitz“); V 285 und 350f. („Der Uebergang“): VI 39
496 827 1654 897 Buch (und ein paar Jahre vorher als Zeitungsfeuilleton) er¬
1672 878 2820 932 („Cvrill Walenta“). In „Am Wege sterben“ ist die leibliche
495 897 1656 938 schienenen Roman „Das Höferecht“ erzählt die Heldin Fanny
1674 918 2825 962 Vereinigung (IV 201 f.) nicht einmal angedeutet, sie will er¬
491 931 1642 972 dem verlassenen Jugendgeliebten Gustav Lohner von ihrem
1662 955 2837 1008 raten sein, und nur aus einer nachträglichen Bemerkung (S. 203)
496 974 1645 1016 Leben an der Seite eines Hektikers, dessen verwöhnte Mätresse
1665 1006 2828 1055 erfährt der Leser, dass sich die weibliche Sonntagsbekanntschaft
496 1009 1654 1059 sie geworden ist (I, 204 f.): „Es sei ihr gar so entsetzlich, an
1672 1047 2833 1094 dem Studenten Siebenschein hingegeben hat. Besonders be¬
498 1051 1649 1093 Friedrich von Eck gebunden zu sein; diese lebendige Mahnung
1667 1072 2811 1119 zeichnend für die — währender Zeit gewiss sympathische —
501 1084 1657 1130 an den Tod, der Tag für Tag nachrechne, wieviel von jener
1672 1116 2823 1168 unsentimentale Sachlichkeit Davids in sexuellen Dingen ist
495 1129 1662 1167 Frist, die er noch zu leben habe, bereits verstrichen sei ... Nur
1670 1157 2831 1200 eine Stelle der „Hanna“ (VI 163). Dort eryählt Florian Peter¬
500 1165 1662 1207 die Originalität seiner Werbung, die offene Erklärung, mit der
1682 1190 2831 1241 silka von seiner Liebschaft mit Hanka Jefab: „Dann hat sie
505 1204 1651 1248 er vor sie hintrat: er wisse, er habe höchstens noch fünf Jahre
1672 1227 2837 1277 sich mir gegeben. Ohne dass wir einmal davon gesprochen haben.
505 1236 1660 1285 zu leben, ob sie ihm helfen wolle, diese geniessend hinzubringen,
1673 1270 2826 1317 wir hätten uns lieb oder wie das einmal mit uns werden will.
496 1289 1654 1327 habe sie bestochen.“ Es ist das Problem von Schnitzlers be¬
1674 1315 2825 1357 Es war eben ihre Zeit gekommen und der Mann war da, zu dem
508 1313 1654 1365 rühmter Jugendnovelle „Sterben“. Aber als David diese beim
1683 1349 2832 1398 sie gehört hat.“ Das verhält sich zu Schnitzlers überhitzten
507 1363 1651 1403 Erscheinen aus des Dichters Hand empfing, hatte er offenbar
1671 1382 2829 1454 Verführungsszenen wie schlichte Wiesenblumen zur treibhaus¬
498 1398 1654 1449 jene Stelle nicht mehr im Gedächtnis, sonst hätte er doch wohl
1677 1426 2107 1488 gezüchteten Orchidee.
503 1437 1654 1495 mit einem Worte ihrer Erwähnung getan in dem kurzen Schreiben,
1759 1452 2825 1513 Aber noch wichtiger und gewinnbringender als der Ver¬
501 1474 1116 1522 das für die Gabe also dankte!:
1676 1512 2827 1555 gleich mit andern Autoren, sei die Frage danach auch richtig
1181 1498 1629 1573 (Wien! 23./12. (18/94.
1684 1557 2835 1596 gestellt und beantwortet, wäre die Anwendung der kompara¬
703 1533 1154 1608 Werther Herr Doctor!
1683 1580 2838 1623 tiven Methode innerhalb des Davidschen Werkes selber gewesen:
575 1583 1648 1643 Ich habe Sterben bis nun zwei mal gelesen, und werde wohl
1678 1623 2834 1679 die Untersuchung, nicht welche Figuren und Motive er von
495 1643 1666 1676 noch darauf zurückkommen. Es ist eine höchst tüchtige und
1677 1656 2826 1710 anderwärts genommen haben könnte, sondern welche tat¬
510 1683 1656 1735 eine wirklich merkwürdige Arbeit; in der Analyse von wirk¬
1679 1703 2835 1756 sächlich bei ihm selber wiederkehren. Die Zunftgenossen
507 1727 1651 1770 samster Feinheit und Tiefe. Bewundernswerth ist die Kunst,
1671 1744 2834 1789 merken, dass ich damit eine Arbeitsweise empfehle, die ich
511 1769 1655 1815 mit welcher Sie den zeitlich so knappen und doch für die Vor¬
1686 1776 2832 1821 bereits wiederholt mit Erfolg angewendet und in der Walzel¬
507 1800 1665 1855 gänge fast zu weit gesteckten Rahmen mit Leben zu füllen
1677 1824 2841 1868 festschrift von 1924 auch methodologisch zu fundieren gesucht
520 1839 1659 1885 wissen. Es ist ein vollkommen zielbewusstes Schlendern; was
1684 1857 2838 1904 habe. Für die erlebnisbedingte Wiederholung und Beharrsam¬
517 1881 1664 1923 Abschweifung erscheinen könnte, führt nur desto sicherer zum
1674 1900 2836 1945 keit typischer Motive bei jedem Dichter kann ich David als
507 1919 1653 1971 letzten Ende. Manchmal möcht’ ich mir mehr Leidenschaftlich¬
1678 1936 2831 1995 bewussten Kronzeugen anführen. In dem bedeutenden Essay
504 1960 1657 2004 keit verlangen: besonders am Schlurse könnte ein stärker
1675 1968 2838 2017 „Vom Schaffen“ (Jena 1906, S. 60) bekämpft er das Miss¬
517 1995 1659 2044 Temperament durchbrechen. Aber: Sie haben in dieser Arbeit
1681 2015 2849 2065 verständnis, Wiederkehr von Motiven als Erlahmen der Dicht¬
505 2037 1661 2090 Zeinen mächtigen Ruck vorwärts gethan und will ich Ihnen
1674 2052 2844 2101 kraft zu deuten, und setzt hinzu: „Ein Motiv, lebendig erfasst
500 2074 1657 2124 sagen, in wie ferne mir Arbeit das Höchste dünkt: im Sinne
1687 2103 2834 2144 und im Tiefsten ergriffen, kann durch ein ganzes Leben schreiten,
504 2110 1655 2163 der Arbeit an sich selbst. Da nun sind Sie tüchtig und ehrlich
1686 2139 2784 2186 zu immer erneuter Betrachtung und Gestaltung zwingen.“
513 2155 1667 2206 am Werke und darum rücken Sie vor in schönen Erfelgen und
1760 2166 2831 2215 Mir steht hier nicht der Raum zur Verfügung, um ein¬
503 2193 1656 2249 zu einer ersten Stellung, auf die Sie heute schon Anspruch
1681 2204 2844 2252 lässlich zu zeigen, in welchem Masse dies für David zutrifft.
515 2236 1368 2296 Haben. Es grüsst und begrüsst Sie herzlichst
1690 2251 2836 2302 Ich deute nur kurz an, wie der schwere Lebenskampf des armen
1137 2282 1239 2338 Ihr
1694 2294 2838 2338 und durch Armut im Studium gehemmten Dichters sich aus¬
1238 2309 1397 2386 David.
1686 2331 2844 2378 prägt zu der bunten Reihe gefährdeter oder gestrandeter
1688 2377 2842 2417 Studenten in den Romanen „Höferecht“, „Blut“, „Am Wege
581 2358 1662 2435 Mit Schnitzler berührt sich David auch sonst in manchem
1690 2412 2848 2459 sterben“; nehmen sie dort den Vordergrund ein, so spricht
510 2421 1663 2469 Motiv — so ist etwa der Selbstmord bei ihm nahezu so häufig
1680 2448 2849 2499 etwa i“ der „Troika“ der Eryähler ganz nebenher von einem
509 2454 1663 2511 wie bei jenem (ich zähle eif Novellen und ein eryählendes Ge¬
1688 2466 2836 2523 Freunde, „dem es mit dem Studium schief ging. Er musste ein
502 2497 1662 2544 dicht) —, aber wie die beiden ihre Motive behandeln, das geht
1682 2521 2840 2568 Mädel heiraten und so ist er kurzen Weges mit ihr ins Elend
516 2526 1662 2582 weit auseinander. Ein Beispiel: In Schnitzlers „Berta Garlan“.
1686 2549 2850 2598 und zur Bühne gelaufen“ (V 21). Das Gegenstück zu diesen
511 2576 1659 2622 so gut wie in Davids „Das Ungeborene“ gibt der Gatte die nach
1683 2596 2841 2641 verlorenen männlichen Existenzen bildet der Reigen mehr oder
513 2619 1675 2654 stärkeren Sexualgenüssen süchtige geliebte Frau ohne Wider¬
1676 2620 2836 2679 minder verkommender, in Schande, Freitod oder gar beidem
521 2649 1662 2701 stand an den anderen hin: dort (Anna Rupius) ist ungesättigter
1685 2671 2842 2724 endender Mädchen; auffallenderweise tragen die Heldinnen
517 2690 1674 2738 Sinnendurst der Antrieb, hier (Ludmilla Gazda) das natürlich¬
1689 2717 2835 2759 von „Blut“ und „Stromabwärts“, die beide draussen in der
518 2728 1671 2777 gesunde Verlangen nach Mutterschaft. Und nicht nur das unter¬
1693 2746 2835 2795 Welt, dahin es sie aus dem schützenden Heim lockt, kläglich
513 2763 1672 2825 schiedliche Naturell macht sich in der abweichenden Tönung
1679 2790 2846 2841 Schiffbruch leiden, auch den gleichen Namen: Gabi. Durch
515 2809 1669 2852 und Gestaltung gleicher Motive geltend, auch der Gegensatz
1691 2838 2844 2886 nahezu alle bedeutenderen Dichtungen Davids wandert die
508 2841 1667 2884 der örtlichen und sozialen Herkunft: Der Grossstädter und
1696 2876 2845 2920 scharf gesehene Gestalt der tüchtigen, aber auch selbstgerechten
517 2880 1667 2923 Patrizier Schnitzler-gibt die Reize und Lockungen Wiener Ge¬
1693 2907 2832 2953 Hausfrau, die für Gatten oder Kinder durch ihre Kälte, Strenge.
509 2920 1666 2963 nusslebens, den melancholischen Leichtsinn eines der Existenz¬
1683 2944 2798 2996 Härte verhängnisvoll wird: Marianne Lohner („Höferecht“
517 2959 1672 3014 sorgen und Arbeitsmühen überhobenen, darum aber auch
1690 2991 2827 3033 Salome Lohwag („Blut“), Katharina Grenzer („Die Schwachen“),
511 2996 1659 3057 sinnleeren Daseins wieder; der Dörfler, Kleinstädter, Proletarier
1686 3023 2846 3075 Helene v. Bauer („Regentag“), Frau v. Mallovan („Am Wege
514 3047 1662 3088 David die Gefahren, Leiden, Schrecken, die unselige Gift¬
1685 3061 2852 3117 sterben“), Poznianskys Gattin („Troika“), Katharina Mayer
512 3083 1667 3126 wirkung der Metropole auf den in ihr Netz geratenen naiven
1693 3108 2458 3168 („Uebergang“) und noch manche andere.
520 3115 1674 3170 Provinzler. Auch der Pessimismus, den beider Werk ausatmet,
1768 3147 2849 3189 Von Handlungsmotiven hat das der feindlichen (oder doch
516 3156 1666 3206 ist ungleicher Art und Herkunft: bei Schnitzler ein Pessimismus
1684 3185 2844 3232 ungleichen) Brüder den Dichter am beharrlichsten beschäftigt:
515 3193 1663 3247 der Blasiertheit, der nach Erschöpfung aller Genüsse das Leben
1693 3219 2846 3268 inun r wieder kommt er darauf zurück und wandelt es ab in
519 3246 1661 3285 schal geworden ist: bei David ein Pessimismus der Lebens¬
1695 3254 2844 3310 allen erdenklichen Variationen: bald muss ein körperlich, geistig,
514 3276 1665 3327 schwere, aus härtesten Kämpfen und schwersten Niederlagen
1693 3300 2844 3347 seelisch begabterer jüngerer Spross dem Hasse des schlechter
517 3322 713 3375 geboren.
1695 3335 2850 3386 ausgestatteten älteren erliegen („Höferecht“), bald der aus Güte
611 3338 1674 3401 Womöglich noch bezeichnender ist die unterschiedliche
1685 3383 2848 3422 schwäche Aeltere einem glänzenderen, aber charakterlosen
512 3390 1667 3439 Behandlung des Erotischen. Wird dieses bei Schnitzler fast
1690 3422 2848 3470 Geschwister („Blut“), bald der von Natur wohlausgestattete
521 3434 1667 3486 immer.schwül empfunden und dargestellt, mit Vorliebe in
1679 3460 2854 3512 Erstgeborene dem ob seiner Minderwertigkeit von der Mutter
515 3473 1673 3518 dlen Mittelpunkt gerückt und möglichst in langen Tönen aus¬
1698 3494 2845 3546 geschützten Nachkömmling („Die Schwachen“); noch in „For¬
516 3508 1673 3568 gehalten. so übergeht David dergleichen absichtlich mit keuschem
1689 3532 2852 3591 tunats Tochter“ treffen wir das ungleich geartete, wider¬
518 3546 1670 3612 Stillschweigen. So wird in „Blut“ z. B. (II 325, 327) kaum an¬
1696 3576 2845 3624 strebende Brüderpaar und, wie sonst auch, zwischen ihnen das
519 3588 1679 3641 gedeutet, dass in der verhängnisvollen Sommernacht Franz
1701 3613 2842 3656 von beiden begehrte Weib. Mord und ein als Strafe für die
523 3628 1672 3678 Rüttemann die Gabi Wagner zum Weibe gemacht hat. Wieder¬
1684 3644 2841 3692 Bluttat erlittener oder auch freiwillig gewählter Sühnetod
520 3655 1675 3713 holt werden ähnliche Situationen mehr verhüllt als dargestellt:
1700 3695 2852 3737 stehen gern am konsequenten Ausgang so schwerer Konflikte,
532 3712 1676 3758 I 166 („Höferecht"); II 14 („Petre quo vadis“): IV 101 („Das
1699 3734 2841 3783 sie erscheinen auch in den des Brudermotivs entbehrenden Er¬
517 3742 1671 3801 Wunder des heiligen Liborius“); V 153f. („Die Mühle von
1691 3768 2835 3820 zählungen „Totenlied“, „Am Wege sterben“, „Uebergang“,
1693 3801 2843 3854 „Cvrill Walenta“, „Rüzena Capek“. In „Blut“ kommt der
631 3791 1674 3868 Herr Dr. Arthur Schnitzler war so gütig, mir seine ge¬
1697 3852 2841 3896 Schürzenjäger Franz Rüttemann beim Rettungsversuch der
526 3867 1677 3911 samte Korrespondenz mit David zur Einsicht und Benützung
1694 3891 2843 3941 vor seiner Nachstellung ins Wasser geflüchteten Gabi um:
537 3906 833 3960 anzuvertrauen.
