3344 4352
901 285 1357 371 box 38/2
161 288 756 391 2. Cuttings
782 704 935 766 2-
654 685 1085 807 S
648 752 1109 883 wohgeiE
544 806 1011 906 Gernon R-28.33
386 961 715 1059 „Schnitt aus:
322 1104 896 1195 APPUI FRANCAIS
320 1183 909 1252 M. de la Grande Armde, 83, XVI“
365 1299 876 1400 DECEMBRE 1931
418 1551 1449 1681 Arihur Schnitzier et ie Juif moderne
412 1704 1456 1795 Stl'apres-guerre a vu éclore une vaste litté¬
361 1791 1455 1832 rature analytique et scientifique se réclamant de
369 1838 1461 1898 Freud, il n’en est pas moins certain qu’avant
367 1883 1461 1929 d’en venir à influencer les modes littéraires, la
371 1936 1469 1982 psychologie commença par subir elle-méme les
363 1984 1460 2043 effets de ces dernières. Les origines zu freudisme
360 2014 1457 2079 remontent à cette époque trouble de“ déca¬
367 2077 1450 2121 dence 2 ou, dans un remous d’idées entrecho¬
363 2124 1449 2170 quées, se désagrégeait le neo-romantisme. Atra¬
370 2167 1453 2224 vers la poésie qui avait perdu le nombre et la
366 2236 1449 2280 rime, à travers la couleur qui, privée de ses va¬
362 2261 1452 2330 leurs, servait non plus à rendre la stabilité du
366 2329 1446 2380 monde extérieur, mais à annoncer sa fragmen¬
358 2376 1445 2430 tation, à travers tout le style de l’époque, diva¬
362 2416 1447 2479 guant et épris de mathématiques, disparate et
356 2466 1446 2514 se targuant d’avoir, le premier, approché l’inef¬
356 2516 1449 2566 fable Un, éthéré, immatériel, à travers ce trop
357 2565 1447 2617 d’esprit et ce trop de chair naissait lhomme mo¬
361 2618 1447 2670 derne et son double fatidique: le subconscient.
402 2668 1439 2723 S’il fut un penseur qui, comme Socrate, aida à
349 2705 1443 2773 la naissancé de ce démon familier, c’est bien Ar¬
349 2771 1443 2825 thur Schnitzler, concitoyen de Sigmund Freud.
348 2814 1441 2874 Cela se passait dans une belle ville du centre,
352 2866 1443 2923 connue pour ses valses, son fleuve bleu, son chic,
347 2910 1434 2962 sa frivolité, son scepticisme et sa haine des
345 2963 1287 3004 Juifs. Les Juifs s’en sont bien vengés.
389 3014 1438 3072 Médecin par ses études, poête symboliste à
340 3060 1426 3117 ses débuts, auteur dramatique de vaste enver¬
349 3109 1441 3168 gure, Schnitzler excella surtout dans la nouvelle.
353 3163 1448 3219 Il en fit une sorte de contre-partie de Maupas¬
344 3205 1437 3264 sant. Tandis que le génie latin du Français fait
347 3253 1432 3306 de chaque récit une ceuvre précise, achevée, d’ou
353 3305 1435 3359 jaillit une connaissance lumineuse de la nature
350 3355 1433 3409 humaine, Schnitzler, au contraire, se complait
350 3403 1434 3457 à effacer les contours exacts de ses nouvelles,
350 3452 1436 3509 laissant planer sur elles comme une incertitude,
347 3490 1443 3550 comme une échappée sur le chaos universel. II
341 3538 1429 3587 prend ses héros — ses femmes surtout, et n’est¬
347 3593 1437 3641 ce pas pour cela qu'il préfère les femmes? — aux
347 3649 1432 3687 moments troubles ou, du fond de leur étre, monte
346 3693 1431 3744 un sentiment obscur et inconnu. La caractéris¬
337 3739 1419 3783 tique de ses héros se réduit, en somme, à la per¬
344 3790 1429 3846 ception de l’élément inconscient, au conflit de
334 3835 1439 3897 l’individu avec cet élément dont la mystérieuse
343 3877 1427 3931 répercussion se manifeste dans les événements
336 3933 504 3985 réels.
387 3979 1429 4054 Or, I'homme moderne par excellence, c’est-à¬
1480 1537 2565 1595 dire le moins uni, le plus inquiet, le plus en proie
1465 1610 2554 1664 aux contradictions est, pour Schnitzler, le Juif.
1474 1650 2552 1701 II l’est déjà par sa situation sociale, par cette
1487 1698 2551 1767 double vie qu'il mène parmi les gennemis  aux¬
1486 1739 2566 1814 quels il faut tenir téte et les siens qu'il méprise.
1525 1789 2563 1856 C’est Schnitzler qui a lancé la fameuse anec¬
1475 1834 2559 1893 dote du Juif polonais qui, ayant pris place dans
1479 1891 2551 1955 un compartiment ou se trouve un monsieur in¬
1478 1937 2557 2001 connu de lui, se comporte fort convenablement
1480 1983 2552 2046 jusqu'au moment ou, reconnaissant en son
1469 2050 2552 2094 compagnon de voyage un coreligionnaire, il
1475 2089 2558 2149 s’exclame: 4 Asol!# et met les pieds sur la
1471 2123 1970 2188 banquette d’en face.
1512 2182 2558 2247 Voici comment un personnage de Schnitzler
1473 2237 2550 2288 commente cette anecdote .  La tragi-comédie
1465 2283 2540 2348 du judaisme, c’est l’absence totale de respect en¬
1458 2329 2550 2396 tre Juifs. Ainsi ne peuvent se respecter les pri¬
1460 2384 2550 2438 sonniers de guerre concentrés dans un camp
1470 2439 2543 2501 ennemi, ceux du moins qui ont perdu tout es¬
1465 2473 2181 2538 poir de recouvrer la liberté s...
1501 2518 2547 2585 L’antisémitisme est ce traquenard extérieur
1469 2584 2547 2639 qui tue chez le Juif la conception harmonieuse
1470 2630 2541 2675 de la vie, qui le rend impuissant à s’extérioriser
1475 2681 2545 2745 et le pousse vers un monde intérieur d’autant
1467 2715 2036 2775 plus complexe et désolé.
1493 2774 2538 2830 Lorsque, en 1908, après avoir créé la plupart
1461 2816 2541 2888 de ses meilleures ceuvres, Schnitzler aborde,
1463 2872 2534 2943 pour la première fois, le problème juif, ou plu¬
1463 2927 2537 2987 tôt le problème de & l’homme juif :, il se voit
1453 2973 2541 3027 obligé, devant la complexité de la matière,
1456 3013 2547 3091 d’abandonner son genre favori, mais limité,
1456 3072 2532 3140 pour une forme plus ample. Il fait donc un ro¬
1461 3116 2198 3184 man: Le chemin de la liberté.
1507 3172 2545 3233 C’est un roman de conteur, composé de
1453 3221 2535 3279 toute une série de récits détachés. La construc¬
1459 3268 2530 3331 tion en est läche, et l’épisode central, qui relate
1450 3320 2533 3362 les amours d’un jeune baron autrichien, compo¬
1458 3357 2544 3425 siteur amateur, et d’une jeune fille, dont il se
1458 3418 2550 3476 sépare après la mort de leur enfant, n’est, en
1453 3464 2539 3515 quelque sorte, qu'une broche sur laquelle l’auteur
1452 3517 2523 3566 a enfilé une série de dialogues ou plutôt de mo¬
1453 3560 2533 3612 nologues. Car le baron ne fait qu’écouter des
1448 3594 2532 3672 Juifs qui parlent. Parvenus ou philosophes,
1448 3655 2532 3702 snobs ou hommes de science, assimilés ou sio¬
1451 3703 2543 3759 nistes, ils ne demandent qu’à s’analyser, qu'à
1441 3761 2533 3816 étaler leurs plaies. Le véritable héros du roman
1455 3800 2535 3862 est Heinrich Bermann, écrivain et penseur.
1497 3844 2536 3913 Son histoire est parallele à celle du baron
1443 3907 2533 3963 Georg. Comme lui, il est fils d’un homme re¬
1441 3941 2519 4001 marquable, d’un juriste réputé qui, patriote
1437 4009 2522 4062 autrichien ardent, sur le point de participer
2577 1546 3312 1625 activement à la renaissanze du
2584 1615 3315 1679 isté au fond de la province par
2580 1652 3314 1711 usémite. Là il sombra dans la
2580 1708 3319 1776 vant survivre à son amour mé
2582 1752 2761 1812 triche.
2626 1804 3299 1864 Bermann aussi a un roman:
2579 1851 3326 1919 actrice, étre bizarre et incertain
2570 1903 3318 1963 représente comme tel. Toujours
2573 1951 3325 2018 saurait accepter un amour trand
2575 2001 3316 2054 Traquée par la jalousie de son
2574 2050 3319 2105 humeur sombre et fantasque, la
2579 2096 3322 2156 trouve le repos au fond d’un étan
2581 2146 3327 2206 se sent atteint dans sa propre vit
2606 2192 3324 2254 Homme de lettres, il veut éer##
2571 2231 3316 2304 une longue et douloureuse gestat
2569 2285 3327 2349 avortent. Il est trop raisonneur,
2574 2332 3317 2399 trop profond 4 connaisseur de
2567 2378 3318 2445 bien trop impitoyable 2, pour tro
2569 2425 3316 2492 dans la création. Il est condamf
2560 2477 3303 2543 par 4 excès d’intelligence 2. —
2567 2526 3325 2586 au-dessus des partis, dit-il. Je s##
2567 2579 3327 2644 sorte dans tous et contre tous. Je
2567 2620 3317 2684 justice divine, mais la justice dit
2571 2684 3325 2736 encore: & Pour posséder un mon
2573 2725 3326 2784 suis obligé de le recréer chaque f0
2615 2765 3325 2836 C’est pourquoi, cependant qu
2559 2816 3326 2890 Georg qui, lui, se meut dans un
2559 2872 3310 2930 bien organisé, est capable de (
2566 2919 3317 2982 aventure amoureuse du dehors e
2558 2960 3325 3036 ensuite vers la réalisation et l’équi
2562 3023 3323 3083 tier, tandis que d’amateur il devi
2565 3065 3327 3127 chestre, Bermann ne parvient pa
2551 3120 3330 3182 jeu cérébral de son existence, au
2563 3166 3331 3233 que du dedans. La réalité n’en ve
2552 3204 3311 3277 personnage n’incarne mienx que
2563 3265 3316 3322 par le suicide l’épigraphe de la
2561 3306 3319 3370 gie dramatique de Schnitzler
2563 3354 3246 3416 Lamie — Le perroquet vert:
2597 3406 3335 3474 Nous jouens tous: sage est cel
2590 3461 3332 3529 L’inaptitude foncière de Berman
2553 3526 3330 3582 impuissance d’extériorisation créa
2556 3575 3325 3623 vice essentiel de son étre. Car si
2561 3618 3332 3679 nant vers la liberté sont cachte
2553 3670 3319 3727 memes 2, il ne saurait les trouver
2597 3722 3314 3774 Schnitzler ne s’arréta point sur
2549 3769 3323 3819 désespérée. Après avoir esquissé d
2549 3817 3340 3874 velles quelques figures de Juifs, il
2555 3854 3321 3921 d’années après. Comme jadis l’amj
2554 3907 3347 3981 blème juif l’avait poussé de la no
2549 3954 3336 4021 man, ainsi maintenant il abandor
2546 4008 3333 4090 mordant et aphoristique de sketch
