3344 4384
121 237 701 342 2. Cuttings
857 237 1308 327 box 38/2
1587 131 2181 174 tion of the drama in Vienna.
2191 131 2882 180 hasten his death. This play was non
1515 127 2181 210 + virtually all of the Viennese
2202 172 2895 228 allowed to be performed in Vienna
1482 172 2182 234 Ptheaters housed one or more ste¬
2199 201 2492 251 before the war.
1484 234 2187 286 Teesses düring the course of the yoar,
2209 225 2887 289 Another succoss, but not as popular
1490 268 2176 324 in contrast tothe previons scason
2201 283 2887 320 nsthe previonsly mentioned onos, was
1488 307 2183 355 ewhen few play's of note were pro¬
2208 316 2889 371 Linen From Treland,“ a satire on
1498 348 2180 389 duced. Audiences were large an
2196 355 2887 397 the Austrian bureaueracy, linen hav¬
1492 385 2175 428 enthusiastic. Nor can this gratily¬
2197 392 2897 462 ing been a forbidden Import to
1493 421 2173 466 ing patronage h. attributed to better
2200 421 2386 475 Austria.
1485 460 2180 497 Teconomic conditions in Vienna; the
2215 463 2892 514 One of the greatest hits in Vienna
1489 493 2175 543 city is as financially distressed as it
2193 492 2885 562 in recent years was Journey's
1482 529 2187 570 has been at any time since the war.
2197 541 2897 595 End.“ which played a phenomenally
1522 568 2177 609 One of the outstanding events of
2202 576 2688 631 successful engagement
2691 583 2897 630 at the
1484 600 2177 655 the theatrical season was the visit
2192 613 2885 660 Deutsches Volks Theater. Another
1493 640 2181 686 of Emil Jannings and Werner Kraus,
2200 639 2895 711 success was Reclame,“ by Granista
1493 682 2179 721 German film stars, during tne month
2204 690 2443 743 Clestaetten.
1486 717 2185 764 of April. Each of them played for
2221 705 2888 777 The opera, like the drama, flour¬
1485 760 2185 810 two weeks on the legitimate stage to
2197 759 2892 822 ished in Vienna during the last year,
1492 797 2177 848 the acclaim of critics and audiences.
2198 805 2896 841 having a far more successful season
1510 831 2186 876 Jannings appeared in a classical
2198 839 2891 895 both artistically and financlally than
1483 849 2173 926 drama of Hauptmann’s as wellasthe
2198 871 2905 938 any in recent years. This rejuvena¬
1486 908 2177 954 lighterLes Affaires Sont Les Af¬
2199 918 2895 970 tion of the opera was attributed by
1492 929 2171 983 faires“ of Mirabeau. In the latter he
2201 945 2898 1008 the crities to Dr. Clemens Kraus,
1489 979 2170 1020 played opposite Hansi Niese, one o
2197 990 2899 1046 formerly with the Philharmonic, who
1499 1015 2183 1067 Vienna’s most accomplished ac¬
2203 1031 2887 1085 was engaged, although only 38 years
1482 1046 2172 1094 Itresses, whose polished performanc
2190 1069 2885 1125 of age, as director of the Staatsoper,
1497 1094 2179 1137 caused her to share equally the erit¬
2185 1111 2899 1156 he Metropolitan of Vienna. The
1488 1127 2107 1175 ical enthusiasm with Jannings.
2196 1147 2897 1203 celebrated Richard Strauss was made
1519 1160 2171 1220 Possibly the greatest dramatie suc¬
2193 1180 2556 1232 honorary director.
1493 1207 2176 1250 cess of the Viennese season was
2206 1207 2895 1274 He chose for his first performance
1503 1221 2186 1284 Metternich.“ by Hans Zassmhann,
2197 1253 2889 1314 Simone Boccanegna,“ an opera by
1478 1277 2185 1326 which played for three months atthe
2197 1291 2895 1359 Verdl, which hadn't been heard for
1482 1310 2165 1366 Burg Theatre. Zassmann, at 45,
2193 1326 2895 1391 fifty years In Vienna. He revlved it
1476 1350 2173 1392 regarded as one of Austria’s fore¬
2193 1375 2894 1443 withe new text by Hans Werfel. His
1490 1386 2174 1445 most playwrights. Formerly & So¬
2190 1419 2681 1470 success was immediate.
1486 1430 2175 1478 cialist, he has experienced a change
2205 1432 2889 1511 Another memorable performance
1478 1464 2176 1507 of doctrine and is now an ardent.
2197 1477 2891 1540 was Arladne auf Naxos“ by Rich¬
1486 1501 2173 1554 monarchist. Metternich“' reflects
2185 1531 2883 1590 ard Strauss. Appearing in this op¬
1484 1537 2177 1601 his monarchistie enthusiasm. It 1s
2189 1565 2893 1620 ##ra was Fannie Clever, the leading
1543 1573 2171 1621 glorification of the reactionary
1501 1586 1547 1630 a
2194 1607 2887 1655 prima donna of Leipzig, sister of one
1483 1609 2180 1659 Tregime, played in a great number of
2187 1646 2882 1693 of the most esteemed dramatic erities
1481 1639 2190 1696 escenes. with more technical direction
2192 1676 2724 1738 of Vienna, Dr. Hans Clever.
1476 1682 2183 1738 Tlavi: bed upon it than upon any other
2218 1703 2895 1776 The stars who were greeted with
1485 1723 2083 1781 play cver produced in Vienna.
1514 1751 2890 1808 Arthur Schnitzler, the great Aus-#the most critical plaudits during the
2194 1796 2883 1851 scason were Piccaver, Rode, Kalen¬
1485 1793 2177 1843 trinn novelist and dramatist, had
2193 1837 2881 1882 berg, Mme. Adela Kern, Lotta Leh¬
1486 1836 2180 1882 twn successes to his credit at the
2184 1873 2892 1938 mann, Maria Nementh, Mme. Oshe¬
1488 1871 2186 1924 Volks Theatre during the past sea¬
1489 1910 2715 1957 son. The first was a new play, de- vaska and Rossetta Onday.
2207 1948 2893 2003 Jeritza, who Is singing here now,
1485 1934 2207 2000 seribed by the critics as “a poctieh
1486 1994 2873 2039 sensation,“ entitled" Das Spiel Der Abis been less kindly recelved bythe
2180 2017 2883 2077 erities. They assert that, while still
1476 2014 2077 2080 Summerlufle.“ His offier
1489 2058 2178 2118 was à revival of his drama,“ Profes¬
2195 2066 2878 2117 a magnetie artist, her volce has de¬
1488 2110 2174 2153 sor Bernhardl.“ played with more
2189 2110 2889 2169 teriorated and her acting has become
1485 2137 2172 2201 finished technie than ever before.
2183 2142 2518 2201 too flamboyant.
1481 2182 2175 2226 In the title role was a puest star,
2186 2172 2880 2241 In the operetta fleld, two new auc¬
1476 2215 2176 2270 Fritz Kortner, born in Vienna, but
2186 2229 2899 2293 cesses were produced. The Violet of
1488 2251 1931 2303 now playing in Berlin.
2181 2259 2910 2325 Montmartre,“ by the indefatigable
1529 2281 2173 2345 Professor Bernhardi“ is a drama
2181 2309 2881 2358 Emmerich Kalman, and Jehr 4
1475 2331 2168 2390 with an all-male cast. It depiets a
2185 2340 2757 2392 Strauss’sA Night in Ven.
1483 2362 2166 2425 controversy between a physiclan, Dr.
2182 2369 2861 2437 Shubert title if there ever was onc.
1480 2402 2176 2455 Bernhardi, and a priest. The latter
2198 2409 2894 2476 Several of the operetta theaters
1486 2447 2171 2492 wants to“administer the last rites of
2177 2457 2884 2512 closed, apparentky suffering from
1474 2483 2163 2533 the church to a dying man; the doc¬
2178 2499 2871 2553 New York’s allment of too many the¬
1484 2522 2162 2570 tor will not permit it lest the patient
2165 2543 2880 2599 aters and not enough plays. The
2169 2572 2878 2622 old Volks Opera also threw up its
2168 2604 2880 2676 hands, becoming a repertory theater
2170 2659 2644 2718 for the spoken drama.
2202 2679 2879 2746 On the concert stage, Max Pallen¬
2169 2727 2885 2795 berg, the greatest coinedlan of Vi¬
2172 2769 2882 2825 enna, is playing a farewell engage¬
2162 2804 2874 2856 ment of his ten greatest roles before
2162 2833 2878 2897 leaving for the United States, where
2160 2877 2882 2954 he will appear in the fall. Another
2173 2909 2873 2974 acclaimed concert artist is Lipins¬
2173 2959 2886 3009 kaja, a dramatie singer, who came to
2175 3000 2880 3047 Vienna as a Russian refugee. From
2164 3022 2874 3088 singing in music halls and cabarets,
2169 3069 2868 3133 she has become one of the most pop¬
2172 3112 2611 3172 ular artists in Vienna.
2195 3130 2878 3205 Night life In Vienna has greatly
2176 3187 2881 3233 deteriorated since the war. Eco¬
2171 3214 2874 3269 nomic poverty blightod this form of
2172 3258 2870 3313 amusement first. The celebrated
2178 3299 2859 3344 night life of “gay, giddy Vienna“
2172 3339 2862 3381 exists for the most „part, not in pre¬
2169 3371 2874 3421 teilous night clubs, but in more
2170 3407 2852 3452 humble and proletarian“ Heurigens.“
2154 3431 2868 3503 These are open air restaurants where
2145 3475 2870 3535 fthe Viennese come, often bringing
2152 3520 2855 3570 Itheir own dinner, to sing, drink new
2160 3560 2862 3608 wine (cheap, but not exactly pal¬
2164 3597 2854 3638 atable) and to make love openly.
2161 3621 2866 3682 The Pavillon is the only cabaret
2164 3662 2862 3719 which is meeting with any success at
2157 3700 2863 3753 the present time. At most of the
2165 3733 2866 3794 other night elubs the only couples
2161 3784 2869 3832 on the floor are gigolos and host¬
2163 3817 2862 3873 esses, who dance around with listless
2166 3858 2879 3909 expressions. Just to keep up appear¬
2161 3895 2834 3962 ances. HOWARD S. BENEDICT.
