<?xml version="1.0" encoding="UTF-8" standalone="yes"?>
<PcGts xmlns="http://schema.primaresearch.org/PAGE/gts/pagecontent/2013-07-15" xmlns:xsi="http://www.w3.org/2001/XMLSchema-instance" xsi:schemaLocation="http://schema.primaresearch.org/PAGE/gts/pagecontent/2013-07-15 http://schema.primaresearch.org/PAGE/gts/pagecontent/2013-07-15/pagecontent.xsd">
    <Metadata>
        <Creator>prov=University of Rostock/Institute of Mathematics/CITlab/Gundram Leifert/gundram.leifert@uni-rostock.de:name=ONB_Newseye_GT_M1+(htr_id=10810)::::v=2.4.2
prov=University of Rostock/Institute of Mathematics/CITlab/Tobias Gruening/tobias.gruening@uni-rostock.de:name=de.uros.citlab.module.baseline2polygon.B2PSeamMultiOriented:v=2.4.2
prov=University of Rostock/Institute of Mathematics/CITlab/Tobias Gruening/tobias.gruening@uni-rostock.de:name=/mnt/transkribus/LA/DEA/URO/LA_news_onb_att.pb:de.uros.citlab.segmentation.CITlab_LA_ML:v=2.4.2
Transkribus</Creator>
        <Created>2019-10-07T15:18:27.002+02:00</Created>
        <LastChange>2019-10-09T00:41:13.319+02:00</LastChange>
        <TranskribusMetadata docId="224261" pageId="9515786" pageNr="1" tsid="16617844" status="IN_PROGRESS" userId="40391" imgUrl="https://files.transkribus.eu/Get?id=LXACYECTZEUXXBMVTJIQBRYA&amp;fileType=view" xmlUrl="https://files.transkribus.eu/Get?id=TRAETLMHILRGKJKPCXSMHARW" imageId="6204000"/>
    </Metadata>
    <Page imageFilename="224261_0001.jpeg" imageWidth="3392" imageHeight="4384">
        <ReadingOrder>
            <OrderedGroup id="ro_1711443163367" caption="Regions reading order">
                <RegionRefIndexed index="0" regionRef="r1"/>
            </OrderedGroup>
        </ReadingOrder>
        <TextRegion orientation="0.0" id="r1" custom="readingOrder {index:0;}">
            <Coords points="190,294 190,4244 3223,4244 3223,294"/>
            <TextLine id="r1l1" custom="readingOrder {index:0;}">
                <Coords points="909,332 958,349 1084,344 1138,315 1180,352 1210,352 1300,323 1387,321 1387,258 1244,273 1168,255 1145,278 1039,257 992,280 963,260 909,266"/>
                <Baseline points="924,317 950,317 976,317 1002,317 1028,318 1055,318 1081,318 1107,318 1133,319 1160,319 1186,319 1212,320 1238,320 1265,321 1291,321 1317,321 1343,321 1370,321"/>
                <TextEquiv>
                    <Unicode>box 38/2</Unicode>
                </TextEquiv>
            </TextLine>
            <TextLine id="r1l2" custom="readingOrder {index:1;}">
                <Coords points="174,367 281,339 367,377 430,354 782,359 782,296 703,275 355,267 291,306 176,271"/>
                <Baseline points="190,327 218,331 247,335 276,339 304,341 333,343 362,344 390,345 419,345 448,346 477,346 505,345 534,345 563,344 591,343 620,343 649,343 677,342 706,342 735,342 764,343"/>
                <TextEquiv>
                    <Unicode>2. Cuttings</Unicode>
                </TextEquiv>
            </TextLine>
            <TextLine id="r1l3" custom="readingOrder {index:2;}">
                <Coords points="2881,880 2921,878 2944,892 2994,877 3023,891 3044,879 3060,889 3130,875 3169,889 3171,829 3151,829 3122,808 3095,827 3039,809 2999,818 2983,804 2883,804"/>
                <Baseline points="2898,863 2923,865 2949,867 2974,869 3000,870 3026,871 3051,871 3077,872 3102,872 3128,871 3154,871"/>
                <TextEquiv>
                    <Unicode>26. Jänne</Unicode>
                </TextEquiv>
            </TextLine>
            <TextLine id="r1l4" custom="readingOrder {index:3;}">
                <Coords points="2059,887 2103,906 2255,903 2272,886 2302,906 2481,893 2480,836 2440,824 2404,848 2324,829 2297,843 2241,827 2178,842 2058,834"/>
                <Baseline points="2075,893 2101,894 2127,894 2153,894 2179,894 2205,894 2231,894 2257,893 2283,893 2309,892 2335,891 2361,891 2387,890 2413,889 2439,888 2465,887"/>
                <TextEquiv>
                    <Unicode>DER TAO</Unicode>
                </TextEquiv>
            </TextLine>
            <TextLine id="r1l5" custom="readingOrder {index:4;}">
                <Coords points="1155,901 1218,915 1268,905 1285,919 1325,899 1354,916 1394,903 1513,915 1557,902 1557,839 1514,832 1381,850 1345,833 1259,852 1206,832 1156,838"/>
                <Baseline points="1171,893 1197,895 1223,897 1249,898 1276,899 1302,900 1328,900 1355,900 1381,900 1407,900 1433,899 1460,899 1486,899 1512,899 1539,900"/>
                <TextEquiv>
                    <Unicode>Wien, Sonntag</Unicode>
                </TextEquiv>
            </TextLine>
            <TextLine id="r1l6" custom="readingOrder {index:5;}">
                <Coords points="454,908 477,905 510,922 560,909 570,919 600,913 626,923 663,917 679,904 713,904 713,861 683,867 637,840 607,853 597,843 584,850 561,839 517,849 504,839 455,841"/>
                <Baseline points="471,903 496,904 521,904 546,904 571,904 596,904 621,904 646,904 671,906 697,908"/>
                <TextEquiv>
                    <Unicode>Nr. 2505</Unicode>
                </TextEquiv>
            </TextLine>
            <TextLine id="r1l7" custom="readingOrder {index:6;}">
                <Coords points="411,1048 1243,1024 1333,1053 1355,974 410,992"/>
                <Baseline points="428,1039 473,1037 519,1035 564,1034 610,1032 655,1031 701,1030 746,1029 792,1028 837,1028 883,1027 929,1027 974,1027 1020,1027 1065,1027 1111,1028 1156,1028 1202,1028 1247,1029 1293,1029 1339,1030"/>
                <TextEquiv>
                    <Unicode>Interesse sofort dem Manne zu, der mit ihr</Unicode>
                </TextEquiv>
            </TextLine>
            <TextLine id="r1l8" custom="readingOrder {index:7;}">
                <Coords points="1801,1079 1914,1105 1973,1061 2076,1090 2627,1096 2626,1009 2543,1023 2407,988 2218,1026 2049,981 1800,996"/>
                <Baseline points="1817,1070 1856,1070 1896,1070 1936,1071 1975,1071 2015,1071 2055,1071 2094,1072 2134,1072 2174,1072 2214,1072 2253,1071 2293,1071 2333,1071 2372,1070 2412,1069 2452,1068 2491,1067 2531,1064 2571,1063 2611,1060"/>
                <TextEquiv>
                    <Unicode>BEI TAG bequeme Sitzgelegenheit</Unicode>
                </TextEquiv>
            </TextLine>
            <TextLine id="r1l9" custom="readingOrder {index:8;}">
                <Coords points="410,1091 1338,1084 1338,1031 409,1031"/>
                <Baseline points="426,1082 470,1081 515,1080 560,1079 605,1078 650,1078 695,1077 739,1077 784,1077 829,1077 874,1077 919,1076 964,1076 1009,1076 1053,1075 1098,1075 1143,1074 1188,1073 1233,1072 1278,1071 1323,1069"/>
                <TextEquiv>
                    <Unicode>soeben gesprochen hatte. Auch er war in dem</Unicode>
                </TextEquiv>
            </TextLine>
            <TextLine id="r1l10" custom="readingOrder {index:9;}">
                <Coords points="415,1123 1078,1132 1337,1119 1337,1079 414,1090"/>
                <Baseline points="430,1125 474,1124 519,1122 563,1121 608,1120 652,1119 697,1118 741,1117 786,1116 830,1116 875,1115 919,1115 964,1114 1008,1114 1053,1114 1097,1114 1142,1113 1186,1114 1231,1114 1275,1114 1320,1114"/>
                <TextEquiv>
                    <Unicode>Café nicht bekannt, aber ein Mann — mit dem</Unicode>
                </TextEquiv>
            </TextLine>
            <TextLine id="r1l11" custom="readingOrder {index:10;}">
                <Coords points="1912,1165 2500,1176 2649,1150 2762,1182 2761,1096 2717,1083 2542,1109 2389,1078 1997,1078 1911,1105"/>
                <Baseline points="1929,1153 1969,1155 2010,1156 2051,1157 2092,1158 2133,1158 2173,1158 2214,1158 2255,1158 2296,1157 2337,1156 2377,1156 2418,1155 2459,1153 2500,1152 2541,1151 2581,1149 2622,1148 2663,1146 2704,1145 2745,1143"/>
                <TextEquiv>
                    <Unicode>BEI NACHT behagliches Bett</Unicode>
                </TextEquiv>
            </TextLine>
            <TextLine id="r1l12" custom="readingOrder {index:11;}">
                <Coords points="418,1169 1217,1151 1320,1173 1339,1113 417,1129"/>
                <Baseline points="434,1169 478,1168 522,1166 567,1165 611,1165 656,1164 700,1164 744,1163 789,1163 833,1163 878,1162 922,1162 966,1162 1011,1161 1055,1161 1100,1160 1144,1159 1188,1158 1233,1156 1277,1154 1322,1152"/>
                <TextEquiv>
                    <Unicode>konnte man sprechen, der würde, wenn man</Unicode>
                </TextEquiv>
            </TextLine>
            <TextLine id="r1l13" custom="readingOrder {index:12;}">
                <Coords points="1497,1189 1527,1185 1534,1188 1570,1180 1577,1186 1594,1183 1585,1118 1566,1123 1555,1118 1550,1125 1536,1127 1518,1116 1510,1127 1490,1130"/>
                <Baseline points="1512,1180 1544,1178 1576,1172"/>
                <TextEquiv>
                    <Unicode></Unicode>
                </TextEquiv>
            </TextLine>
            <TextLine id="r1l14" custom="readingOrder {index:13;}">
                <Coords points="408,1222 1287,1207 1333,1200 1332,1150 407,1186"/>
                <Baseline points="423,1211 467,1210 512,1208 556,1207 601,1207 646,1207 690,1206 735,1206 779,1206 824,1206 869,1206 913,1206 958,1206 1002,1205 1047,1204 1092,1204 1136,1202 1181,1200 1225,1199 1270,1196 1315,1193"/>
                <TextEquiv>
                    <Unicode>taktvoll war, vielleicht etwas verraten, etwas</Unicode>
                </TextEquiv>
            </TextLine>
            <TextLine id="r1l15" custom="readingOrder {index:14;}">
                <Coords points="1805,1220 2757,1217 2756,1171 2653,1152 1804,1164"/>
                <Baseline points="1822,1216 1867,1215 1913,1214 1959,1214 2005,1213 2051,1213 2097,1212 2143,1212 2189,1212 2235,1211 2281,1211 2326,1210 2372,1210 2418,1209 2464,1208 2510,1207 2556,1207 2602,1205 2648,1205 2694,1203 2740,1202"/>
                <TextEquiv>
                    <Unicode>Eigene Erzeugung und billiger Verkauf bester Qualltäts¬</Unicode>
                </TextEquiv>
            </TextLine>
            <TextLine id="r1l16" custom="readingOrder {index:15;}">
                <Coords points="425,1255 1331,1249 1330,1199 1181,1191 425,1215"/>
                <Baseline points="442,1254 485,1253 529,1253 572,1253 616,1253 660,1252 703,1252 747,1252 791,1251 834,1251 878,1250 922,1250 965,1249 1009,1249 1053,1248 1096,1247 1140,1246 1184,1245 1227,1243 1271,1242 1315,1240"/>
                <TextEquiv>
                    <Unicode>erzählen über das geheimnisvolle Wesen, das</Unicode>
                </TextEquiv>
            </TextLine>
            <TextLine id="r1l17" custom="readingOrder {index:16;}">
                <Coords points="1983,1260 2563,1259 2593,1256 2593,1209 1983,1214"/>
                <Baseline points="1998,1250 2027,1251 2056,1251 2085,1252 2114,1252 2143,1252 2172,1252 2201,1253 2230,1253 2259,1252 2288,1252 2317,1252 2346,1251 2375,1251 2404,1251 2433,1250 2462,1250 2491,1249 2520,1248 2549,1247 2578,1246"/>
                <TextEquiv>
                    <Unicode>waren in der Sternenbett-Fabrik</Unicode>
                </TextEquiv>
            </TextLine>
            <TextLine id="r1l18" custom="readingOrder {index:17;}">
                <Coords points="412,1307 811,1328 887,1300 1338,1296 1337,1236 1227,1228 1135,1259 412,1261"/>
                <Baseline points="429,1297 473,1297 518,1297 562,1297 607,1297 652,1297 696,1296 741,1296 785,1295 830,1295 875,1294 919,1293 964,1293 1008,1291 1053,1291 1098,1290 1142,1288 1187,1287 1231,1286 1276,1284 1321,1283"/>
                <TextEquiv>
                    <Unicode>den Abend rauchend und starrend verbracht</Unicode>
                </TextEquiv>
            </TextLine>
            <TextLine id="r1l19" custom="readingOrder {index:18;}">
                <Coords points="1589,1348 1672,1355 1679,1269 1659,1268 1653,1260 1647,1260 1632,1272 1623,1261 1616,1267 1597,1262"/>
                <Baseline points="1610,1319 1658,1323"/>
                <TextEquiv>
                    <Unicode>V</Unicode>
                </TextEquiv>
            </TextLine>
            <TextLine id="r1l20" custom="readingOrder {index:19;}">
                <Coords points="1809,1365 2787,1342 2785,1256 2109,1273 1806,1245"/>
                <Baseline points="1826,1343 1873,1343 1920,1342 1967,1341 2014,1341 2061,1341 2108,1340 2156,1340 2203,1339 2250,1339 2297,1338 2344,1337 2391,1336 2438,1335 2486,1334 2533,1333 2580,1331 2627,1329 2674,1327 2721,1325 2769,1322"/>
                <TextEquiv>
                    <Unicode>I., SCHOTTENRING 1Z</Unicode>
                </TextEquiv>
            </TextLine>
            <TextLine id="r1l21" custom="readingOrder {index:20;}">
                <Coords points="420,1365 437,1364 443,1357 460,1366 466,1359 473,1362 489,1344 539,1345 546,1351 572,1346 570,1307 547,1308 519,1296 463,1303 443,1301 433,1294 416,1295"/>
                <Baseline points="435,1345 464,1343 494,1339 524,1338 554,1340"/>
                <TextEquiv>
                    <Unicode>hatte.</Unicode>
                </TextEquiv>
            </TextLine>
            <TextLine id="r1l22" custom="readingOrder {index:21;}">
                <Coords points="471,1391 1333,1385 1336,1308 935,1339 712,1315 470,1348"/>
                <Baseline points="486,1382 527,1382 569,1381 610,1380 652,1380 694,1379 735,1379 777,1379 819,1378 860,1378 902,1378 944,1377 985,1377 1027,1376 1069,1376 1110,1375 1152,1375 1194,1374 1235,1373 1277,1372 1319,1371"/>
                <TextEquiv>
                    <Unicode>Aber man brauchte nicht taktvoll zu sein, um</Unicode>
                </TextEquiv>
            </TextLine>
            <TextLine id="r1l23" custom="readingOrder {index:22;}">
                <Coords points="407,1431 1332,1416 1331,1373 1232,1358 1109,1393 406,1382"/>
                <Baseline points="423,1427 467,1427 512,1427 556,1428 601,1428 646,1429 690,1429 735,1429 779,1429 824,1429 869,1428 913,1428 958,1427 1002,1426 1047,1425 1092,1424 1136,1423 1181,1420 1225,1418 1270,1416 1315,1413"/>
                <TextEquiv>
                    <Unicode>die Neugierde befriedigt zu sehen, denn der</Unicode>
                </TextEquiv>
            </TextLine>
            <TextLine id="r1l24" custom="readingOrder {index:23;}">
                <Coords points="2218,1460 3097,1454 3149,1427 3148,1377 2217,1420"/>
                <Baseline points="2234,1458 2278,1457 2323,1456 2368,1455 2413,1454 2458,1453 2503,1453 2548,1452 2593,1451 2638,1450 2683,1449 2727,1448 2772,1447 2817,1446 2862,1445 2907,1444 2952,1443 2997,1442 3042,1441 3087,1440 3132,1438"/>
                <TextEquiv>
                    <Unicode>rie erhob sich von der Bank, auf der sie eine #</Unicode>
                </TextEquiv>
            </TextLine>
            <TextLine id="r1l25" custom="readingOrder {index:24;}">
                <Coords points="1328,1470 2214,1468 2214,1415 1328,1423"/>
                <Baseline points="1344,1466 1386,1466 1429,1465 1471,1465 1514,1464 1557,1464 1599,1464 1642,1463 1685,1463 1727,1462 1770,1462 1813,1461 1855,1461 1898,1460 1941,1460 1983,1460 2026,1459 2069,1459 2111,1459 2154,1458 2197,1458"/>
                <TextEquiv>
                    <Unicode>Grillparzer war auch Ferdinand Raimund,</Unicode>
                </TextEquiv>
            </TextLine>
            <TextLine id="r1l26" custom="readingOrder {index:25;}">
                <Coords points="421,1474 1072,1495 1330,1465 1329,1419 420,1431"/>
                <Baseline points="438,1476 481,1473 525,1472 569,1471 613,1470 656,1469 700,1469 744,1468 788,1468 831,1468 875,1468 919,1468 963,1468 1006,1468 1050,1467 1094,1467 1138,1465 1181,1464 1225,1462 1269,1460 1313,1457"/>
                <TextEquiv>
                    <Unicode>Herr in Abendtoilette richtete selbst das Wort</Unicode>
                </TextEquiv>
            </TextLine>
            <TextLine id="r1l27" custom="readingOrder {index:26;}">
                <Coords points="2220,1511 3115,1485 3114,1435 2219,1458"/>
                <Baseline points="2237,1499 2280,1498 2323,1498 2366,1497 2409,1497 2452,1496 2495,1496 2538,1495 2581,1495 2624,1494 2667,1494 2710,1493 2753,1492 2796,1491 2839,1490 2882,1489 2925,1488 2968,1487 3011,1486 3054,1484 3098,1483"/>
                <TextEquiv>
                    <Unicode>halbe Stunde lang gesessen hatte, anfangs in</Unicode>
                </TextEquiv>
            </TextLine>
            <TextLine id="r1l28" custom="readingOrder {index:27;}">
                <Coords points="1323,1525 2182,1509 2208,1468 1322,1468"/>
                <Baseline points="1340,1513 1382,1512 1425,1511 1467,1510 1510,1509 1553,1508 1595,1508 1638,1507 1680,1506 1723,1505 1766,1504 1808,1503 1851,1502 1893,1502 1936,1501 1979,1500 2021,1499 2064,1499 2106,1498 2149,1498 2192,1498"/>
                <TextEquiv>
                    <Unicode>den er liebte wie einen verwilderten Bruder:</Unicode>
                </TextEquiv>
            </TextLine>
            <TextLine id="r1l29" custom="readingOrder {index:28;}">
                <Coords points="416,1537 505,1518 821,1521 853,1511 853,1471 600,1470 468,1486 415,1471"/>
                <Baseline points="433,1518 458,1518 483,1518 508,1518 534,1517 559,1517 584,1516 609,1516 635,1516 660,1515 685,1514 710,1514 736,1513 761,1512 786,1511 811,1510 837,1509"/>
                <TextEquiv>
                    <Unicode>an die Anwesenden:</Unicode>
                </TextEquiv>
            </TextLine>
            <TextLine id="r1l30" custom="readingOrder {index:29;}">
                <Coords points="2210,1544 3103,1539 3102,1482 2210,1508"/>
                <Baseline points="2228,1540 2273,1541 2318,1542 2363,1542 2408,1542 2454,1541 2499,1541 2544,1540 2589,1539 2634,1538 2680,1536 2725,1536 2770,1534 2815,1533 2860,1532 2906,1531 2951,1531 2996,1530 3041,1530 3087,1530"/>
                <TextEquiv>
                    <Unicode>ihrem Buche lesend, dann aber den Blick auf</Unicode>
                </TextEquiv>
            </TextLine>
            <TextLine id="r1l31" custom="readingOrder {index:30;}">
                <Coords points="1329,1585 1454,1550 1614,1571 1647,1547 1756,1569 2217,1551 2216,1502 1328,1525"/>
                <Baseline points="1346,1560 1388,1558 1431,1555 1474,1553 1517,1551 1559,1550 1602,1549 1645,1548 1688,1547 1730,1547 1773,1546 1816,1546 1859,1546 1901,1546 1944,1546 1987,1546 2030,1545 2072,1545 2115,1544 2158,1543 2201,1542"/>
                <TextEquiv>
                    <Unicode>„Das Ernste ist in Ihnen bloß bildhafte Me¬</Unicode>
                </TextEquiv>
            </TextLine>
            <TextLine id="r1l32" custom="readingOrder {index:31;}">
                <Coords points="471,1570 1324,1558 1322,1505 1183,1485 470,1526"/>
                <Baseline points="489,1563 529,1562 570,1561 611,1560 652,1559 693,1558 734,1557 775,1556 816,1556 857,1555 898,1554 938,1553 979,1552 1020,1552 1061,1551 1102,1550 1143,1549 1184,1548 1225,1547 1266,1546 1307,1545"/>
                <TextEquiv>
                    <Unicode>„Verehrte Damen und Herren“, begann er,</Unicode>
                </TextEquiv>
            </TextLine>
            <TextLine id="r1l33" custom="readingOrder {index:32;}">
                <Coords points="3101,1571 3114,1569 3125,1571 3148,1567 3141,1521 3124,1524 3120,1521 3112,1529 3095,1532"/>
                <Baseline points="3118,1566 3132,1564"/>
                <TextEquiv>
                    <Unicode>3</Unicode>
                </TextEquiv>
            </TextLine>
            <TextLine id="r1l34" custom="readingOrder {index:33;}">
                <Coords points="2210,1590 3103,1573 3079,1527 2210,1544"/>
                <Baseline points="2228,1584 2270,1584 2313,1584 2356,1584 2399,1583 2442,1583 2485,1582 2528,1581 2571,1581 2614,1579 2657,1579 2699,1578 2742,1577 2785,1576 2828,1574 2871,1573 2914,1573 2957,1572 3000,1571 3043,1570 3086,1570"/>
                <TextEquiv>
                    <Unicode>den Eingang der Allee gerichtet, durch die</Unicode>
                </TextEquiv>
            </TextLine>
            <TextLine id="r1l35" custom="readingOrder {index:34;}">
                <Coords points="1332,1600 2211,1597 2211,1547 1541,1545 1332,1574"/>
                <Baseline points="1350,1599 1392,1598 1434,1596 1476,1595 1518,1594 1561,1594 1603,1593 1645,1593 1687,1592 1729,1592 1772,1592 1814,1592 1856,1592 1898,1591 1940,1591 1983,1591 2025,1590 2067,1589 2109,1588 2151,1587 2194,1586"/>
                <TextEquiv>
                    <Unicode>lancholie; wie Sie es nach außen darzustellen</Unicode>
                </TextEquiv>
            </TextLine>
            <TextLine id="r1l36" custom="readingOrder {index:35;}">
                <Coords points="424,1617 1323,1603 1323,1557 1090,1533 938,1568 424,1554"/>
                <Baseline points="442,1606 485,1605 528,1604 571,1603 615,1602 658,1601 701,1601 745,1600 788,1599 831,1599 875,1599 918,1598 961,1598 1004,1597 1048,1597 1091,1597 1134,1596 1178,1596 1221,1595 1264,1595 1308,1595"/>
                <TextEquiv>
                    <Unicode>„die Dame, die soeben das Café verließ, fesselte,</Unicode>
                </TextEquiv>
            </TextLine>
            <TextLine id="r1l37" custom="readingOrder {index:36;}">
                <Coords points="2215,1651 2400,1624 2646,1642 2705,1617 2835,1637 2987,1604 3110,1621 3109,1565 2213,1588"/>
                <Baseline points="2230,1633 2273,1632 2316,1631 2359,1630 2402,1628 2446,1627 2489,1626 2532,1625 2575,1624 2618,1623 2662,1622 2705,1621 2748,1620 2791,1619 2834,1618 2878,1617 2921,1617 2964,1616 3007,1615 3050,1614 3094,1613"/>
                <TextEquiv>
                    <Unicode>Felix zu kommen pflegte. Sonst ließ er nicht</Unicode>
                </TextEquiv>
            </TextLine>
            <TextLine id="r1l38" custom="readingOrder {index:37;}">
                <Coords points="1336,1646 2206,1644 2205,1594 2159,1591 1336,1603"/>
                <Baseline points="1354,1644 1395,1642 1437,1641 1479,1640 1521,1638 1563,1638 1604,1637 1646,1636 1688,1636 1730,1636 1772,1635 1813,1635 1855,1635 1897,1635 1939,1635 1981,1635 2022,1635 2064,1634 2106,1634 2148,1634 2190,1633"/>
                <TextEquiv>
                    <Unicode>suchen, zerfließt es in unkörperliche Luft. Im</Unicode>
                </TextEquiv>
            </TextLine>
            <TextLine id="r1l39" custom="readingOrder {index:38;}">
                <Coords points="3114,1656 3143,1646 3159,1656 3167,1648 3174,1650 3187,1647 3175,1589 3152,1593 3139,1610 3135,1607 3128,1609 3120,1604 3104,1607"/>
                <Baseline points="3129,1643 3167,1635"/>
                <TextEquiv>
                    <Unicode>0</Unicode>
                </TextEquiv>
            </TextLine>
            <TextLine id="r1l40" custom="readingOrder {index:39;}">
                <Coords points="423,1649 1325,1640 1324,1600 1294,1594 422,1605"/>
                <Baseline points="440,1649 483,1648 526,1647 570,1647 613,1646 657,1646 700,1646 744,1645 787,1645 831,1645 874,1645 917,1644 961,1644 1004,1643 1048,1642 1091,1640 1135,1639 1178,1638 1222,1635 1265,1633 1309,1629"/>
                <TextEquiv>
                    <Unicode>wie sie mir sagte, Ihrer aller Aufmerksamkeit.</Unicode>
                </TextEquiv>
            </TextLine>
            <TextLine id="r1l41" custom="readingOrder {index:40;}">
                <Coords points="2218,1679 3024,1676 3113,1654 3112,1620 2216,1632"/>
                <Baseline points="2234,1674 2277,1674 2320,1673 2363,1673 2406,1672 2449,1672 2492,1671 2535,1670 2578,1669 2621,1668 2664,1666 2707,1665 2750,1664 2793,1663 2836,1661 2879,1661 2922,1659 2965,1658 3008,1657 3051,1656 3095,1655"/>
                <TextEquiv>
                    <Unicode>lange auf sich warten. Es war etwas kühler</Unicode>
                </TextEquiv>
            </TextLine>
            <TextLine id="r1l42" custom="readingOrder {index:41;}">
                <Coords points="1329,1693 2158,1696 2211,1679 2211,1636 1328,1640"/>
                <Baseline points="1345,1682 1387,1682 1429,1682 1472,1682 1514,1682 1557,1681 1599,1681 1642,1681 1684,1680 1727,1680 1769,1679 1811,1679 1854,1678 1896,1678 1939,1677 1981,1677 2024,1677 2066,1676 2109,1676 2151,1676 2194,1676"/>
                <TextEquiv>
                    <Unicode>Komischen haben Sie mehr Freiheit und gs¬</Unicode>
                </TextEquiv>
            </TextLine>
            <TextLine id="r1l43" custom="readingOrder {index:42;}">
                <Coords points="417,1705 1333,1676 1332,1639 416,1649"/>
                <Baseline points="435,1694 479,1692 523,1691 567,1689 611,1689 655,1688 699,1687 743,1687 787,1687 831,1686 875,1686 919,1686 963,1685 1007,1685 1051,1684 1095,1683 1139,1682 1183,1680 1227,1678 1271,1676 1315,1673"/>
                <TextEquiv>
                    <Unicode>Zu meinem Bedauern werde ich Sie in man¬</Unicode>
                </TextEquiv>
            </TextLine>
            <TextLine id="r1l44" custom="readingOrder {index:43;}">
                <Coords points="2213,1727 3000,1725 3115,1690 3115,1653 2213,1674"/>
                <Baseline points="2229,1715 2272,1715 2315,1714 2359,1714 2402,1713 2446,1713 2489,1712 2533,1712 2576,1711 2620,1711 2663,1711 2706,1710 2750,1709 2793,1708 2837,1708 2880,1707 2924,1705 2967,1705 3011,1703 3054,1702 3098,1700"/>
                <TextEquiv>
                    <Unicode>geworden, dabei aber hatte die Luft noch die</Unicode>
                </TextEquiv>
            </TextLine>
            <TextLine id="r1l45" custom="readingOrder {index:44;}">
                <Coords points="1334,1744 1406,1730 1549,1730 1569,1740 1582,1729 1615,1729 1629,1743 1682,1729 1698,1712 1722,1715 1721,1686 1685,1682 1333,1691"/>
                <Baseline points="1349,1726 1374,1726 1399,1725 1425,1725 1450,1725 1475,1725 1501,1724 1526,1724 1551,1724 1577,1724 1602,1724 1627,1724 1653,1724 1678,1724 1704,1724"/>
                <TextEquiv>
                    <Unicode>winnen Gestalten.“</Unicode>
                </TextEquiv>
            </TextLine>
            <TextLine id="r1l46" custom="readingOrder {index:45;}">
                <Coords points="3118,1738 3135,1736 3138,1739 3145,1738 3148,1734 3171,1732 3165,1676 3152,1677 3145,1681 3142,1678 3133,1689 3113,1691"/>
                <Baseline points="3133,1726 3154,1724"/>
                <TextEquiv>
                    <Unicode>2</Unicode>
                </TextEquiv>
            </TextLine>
            <TextLine id="r1l47" custom="readingOrder {index:46;}">
                <Coords points="429,1742 1335,1727 1334,1674 429,1712"/>
                <Baseline points="446,1741 489,1737 533,1734 576,1733 620,1731 663,1730 707,1729 750,1729 794,1729 837,1729 881,1729 925,1729 968,1729 1012,1729 1055,1728 1099,1727 1142,1726 1186,1725 1229,1723 1273,1720 1317,1717"/>
                <TextEquiv>
                    <Unicode>cher Hinsicht enttäuschen müssen, denn sie hat</Unicode>
                </TextEquiv>
            </TextLine>
            <TextLine id="r1l48" custom="readingOrder {index:47;}">
                <Coords points="1369,1776 2898,1765 3107,1748 3107,1705 1368,1730"/>
                <Baseline points="1384,1770 1469,1771 1554,1770 1640,1770 1725,1769 1811,1768 1896,1767 1981,1766 2067,1765 2152,1763 2238,1762 2323,1760 2408,1758 2494,1756 2579,1755 2665,1753 2750,1751 2835,1750 2921,1749 3006,1747 3092,1746"/>
                <TextEquiv>
                    <Unicode>Österreichisch waren Nestroys diabolischer Milde des entschwindenden Maitages.“ Die</Unicode>
                </TextEquiv>
            </TextLine>
            <TextLine id="r1l49" custom="readingOrder {index:48;}">
                <Coords points="425,1782 1165,1784 1330,1765 1330,1722 424,1739"/>
                <Baseline points="442,1783 485,1780 529,1777 572,1775 616,1773 660,1772 703,1771 747,1771 790,1770 834,1770 878,1770 921,1770 965,1770 1008,1770 1052,1769 1096,1769 1139,1768 1183,1767 1226,1766 1270,1765 1314,1763"/>
                <TextEquiv>
                    <Unicode>mir strenge Verhaltungsmaßregeln gegeben.</Unicode>
                </TextEquiv>
            </TextLine>
            <TextLine id="r1l50" custom="readingOrder {index:49;}">
                <Coords points="3104,1782 3120,1779 3124,1782 3134,1780 3142,1771 3165,1767 3159,1735 3143,1738 3139,1735 3129,1737 3118,1732 3112,1737 3096,1740"/>
                <Baseline points="3120,1774 3147,1769"/>
                <TextEquiv>
                    <Unicode>15</Unicode>
                </TextEquiv>
            </TextLine>
            <TextLine id="r1l51" custom="readingOrder {index:50;}">
                <Coords points="2213,1809 3112,1796 3111,1749 3005,1738 2896,1766 2212,1763"/>
                <Baseline points="2229,1801 2272,1801 2315,1800 2358,1800 2402,1800 2445,1800 2488,1800 2532,1800 2575,1800 2618,1800 2662,1800 2705,1799 2748,1799 2791,1798 2835,1797 2878,1796 2921,1794 2965,1792 3008,1790 3051,1787 3095,1784"/>
                <TextEquiv>
                    <Unicode>Novelle ist „Sterben“, der Autor ist Artur</Unicode>
                </TextEquiv>
            </TextLine>
            <TextLine id="r1l52" custom="readingOrder {index:51;}">
                <Coords points="3116,1836 3136,1833 3143,1839 3150,1838 3158,1826 3175,1824 3167,1768 3144,1772 3135,1780 3109,1784"/>
                <Baseline points="3129,1814 3157,1810"/>
                <TextEquiv>
                    <Unicode>#</Unicode>
                </TextEquiv>
            </TextLine>
            <TextLine id="r1l53" custom="readingOrder {index:52;}">
                <Coords points="1329,1820 1909,1826 1942,1802 2062,1828 2211,1810 2211,1763 1637,1758 1435,1790 1328,1764"/>
                <Baseline points="1346,1816 1388,1815 1431,1814 1473,1814 1516,1813 1558,1813 1601,1813 1643,1813 1686,1813 1728,1813 1771,1813 1813,1813 1856,1813 1898,1813 1941,1812 1983,1812 2026,1811 2068,1810 2111,1808 2153,1806 2196,1805"/>
                <TextEquiv>
                    <Unicode>Witz, der das Volk einer Stadt repräsentierte</Unicode>
                </TextEquiv>
            </TextLine>
            <TextLine id="r1l54" custom="readingOrder {index:53;}">
                <Coords points="427,1827 1329,1813 1328,1766 426,1780"/>
                <Baseline points="444,1822 487,1821 530,1820 574,1820 617,1819 661,1818 704,1818 747,1817 791,1816 834,1815 878,1815 921,1814 964,1813 1008,1812 1051,1811 1095,1810 1138,1809 1181,1808 1225,1807 1268,1806 1312,1805"/>
                <TextEquiv>
                    <Unicode>Sie wünscht ihr Inkognito zu wahren. Sie hat</Unicode>
                </TextEquiv>
            </TextLine>
            <TextLine id="r1l55" custom="readingOrder {index:54;}">
                <Coords points="2217,1855 3110,1834 3109,1791 2217,1809"/>
                <Baseline points="2234,1847 2276,1846 2319,1844 2362,1844 2405,1843 2448,1843 2491,1843 2534,1843 2577,1843 2620,1843 2663,1843 2705,1842 2748,1842 2791,1842 2834,1841 2877,1840 2920,1839 2963,1837 3006,1835 3049,1833 3092,1830"/>
                <TextEquiv>
                    <Unicode>Schnitzler. Es ist die psychologische Kunst einer</Unicode>
                </TextEquiv>
            </TextLine>
            <TextLine id="r1l56" custom="readingOrder {index:55;}">
                <Coords points="1328,1862 2197,1860 2220,1807 1328,1822"/>
                <Baseline points="1344,1859 1387,1858 1430,1858 1473,1858 1516,1858 1559,1858 1602,1858 1645,1858 1688,1857 1731,1857 1774,1857 1817,1857 1860,1857 1903,1856 1946,1856 1989,1855 2032,1854 2075,1853 2118,1851 2161,1850 2204,1848"/>
                <TextEquiv>
                    <Unicode>und in dem so viel kindliche Freude an der</Unicode>
                </TextEquiv>
            </TextLine>
            <TextLine id="r1l57" custom="readingOrder {index:56;}">
                <Coords points="431,1867 779,1880 1051,1851 1114,1873 1326,1856 1325,1810 430,1827"/>
                <Baseline points="446,1867 489,1866 532,1865 575,1864 619,1863 662,1863 705,1862 748,1861 792,1860 835,1860 878,1859 921,1858 965,1857 1008,1857 1051,1856 1094,1855 1138,1854 1181,1853 1224,1852 1267,1850 1311,1849"/>
                <TextEquiv>
                    <Unicode>mir jedoch erlaubt, Ihnen eine Eigenheit von</Unicode>
                </TextEquiv>
            </TextLine>
            <TextLine id="r1l58" custom="readingOrder {index:57;}">
                <Coords points="2216,1893 3082,1885 3128,1871 3127,1818 2737,1856 2215,1847"/>
                <Baseline points="2234,1888 2277,1887 2321,1887 2365,1887 2409,1886 2453,1886 2497,1886 2540,1886 2584,1886 2628,1886 2672,1885 2716,1885 2760,1885 2804,1884 2847,1883 2891,1882 2935,1881 2979,1879 3023,1877 3067,1874 3111,1871"/>
                <TextEquiv>
                    <Unicode>anderen Generation, von hellerem Bewußt¬</Unicode>
                </TextEquiv>
            </TextLine>
            <TextLine id="r1l59" custom="readingOrder {index:58;}">
                <Coords points="1333,1908 2226,1888 2225,1858 2132,1842 1943,1871 1913,1848 1333,1865"/>
                <Baseline points="1351,1905 1393,1903 1436,1902 1479,1901 1522,1901 1565,1900 1608,1900 1650,1900 1693,1900 1736,1900 1779,1900 1822,1900 1865,1900 1908,1900 1950,1899 1993,1898 2036,1897 2079,1895 2122,1893 2165,1891 2208,1888"/>
                <TextEquiv>
                    <Unicode>Harlekinade sich austobt, und der „malkon¬</Unicode>
                </TextEquiv>
            </TextLine>
            <TextLine id="r1l60" custom="readingOrder {index:59;}">
                <Coords points="429,1916 1291,1906 1337,1892 1337,1855 428,1863"/>
                <Baseline points="446,1910 489,1910 533,1909 577,1908 620,1908 664,1907 708,1906 751,1905 795,1904 839,1903 883,1902 926,1901 970,1900 1014,1900 1057,1899 1101,1898 1145,1897 1188,1896 1232,1896 1276,1895 1320,1894"/>
                <TextEquiv>
                    <Unicode>ihr zu erzählen, und zwar diese: Sie raucht</Unicode>
                </TextEquiv>
            </TextLine>
            <TextLine id="r1l61" custom="readingOrder {index:60;}">
                <Coords points="2226,1936 2890,1953 3128,1928 3127,1872 2225,1893"/>
                <Baseline points="2242,1936 2285,1934 2329,1933 2372,1931 2416,1930 2459,1929 2503,1928 2546,1928 2590,1927 2633,1927 2677,1926 2720,1926 2764,1925 2807,1924 2851,1923 2894,1922 2938,1921 2981,1920 3025,1918 3068,1917 3112,1914"/>
                <TextEquiv>
                    <Unicode>sein. Aber in Liebe und Tod sucht sie das Ge¬</Unicode>
                </TextEquiv>
            </TextLine>
            <TextLine id="r1l62" custom="readingOrder {index:61;}">
                <Coords points="1327,1954 2070,1956 2223,1942 2222,1892 1326,1911"/>
                <Baseline points="1344,1947 1387,1946 1430,1944 1473,1943 1516,1942 1559,1942 1602,1942 1645,1941 1688,1941 1731,1941 1775,1941 1818,1941 1861,1941 1904,1941 1947,1940 1990,1940 2033,1939 2076,1938 2119,1937 2162,1935 2206,1934"/>
                <TextEquiv>
                    <Unicode>tente“ Hofvat Bauernfeld. Österreichisch war</Unicode>
                </TextEquiv>
            </TextLine>
            <TextLine id="r1l63" custom="readingOrder {index:62;}">
                <Coords points="436,1951 583,1971 924,1943 1004,1971 1034,1944 1332,1944 1331,1897 436,1915"/>
                <Baseline points="452,1957 495,1956 538,1955 581,1954 624,1953 668,1952 711,1951 754,1950 797,1949 840,1947 884,1946 927,1945 970,1944 1013,1943 1056,1942 1100,1941 1143,1941 1186,1940 1229,1939 1272,1939 1316,1939"/>
                <TextEquiv>
                    <Unicode>eine Zigarette von ausgezeichneter Qualität!</Unicode>
                </TextEquiv>
            </TextLine>
            <TextLine id="r1l64" custom="readingOrder {index:63;}">
                <Coords points="3102,1976 3118,1976 3135,1982 3161,1964 3168,1971 3191,1970 3190,1917 3166,1918 3163,1915 3156,1918 3143,1909 3136,1909 3117,1926 3100,1927"/>
                <Baseline points="3117,1972 3146,1969 3175,1970"/>
                <TextEquiv>
                    <Unicode>v.</Unicode>
                </TextEquiv>
            </TextLine>
            <TextLine id="r1l65" custom="readingOrder {index:64;}">
                <Coords points="2218,2002 2245,2002 2288,1981 2301,1988 2328,1984 2334,1991 2354,1984 2394,1990 2400,1983 2411,1993 2434,1989 2433,1946 2390,1947 2380,1937 2290,1942 2277,1935 2257,1942 2251,1935 2217,1936"/>
                <Baseline points="2235,1978 2261,1975 2287,1973 2313,1973 2339,1973 2365,1973 2391,1974 2417,1973"/>
                <TextEquiv>
                    <Unicode>heimnis.</Unicode>
                </TextEquiv>
            </TextLine>
            <TextLine id="r1l66" custom="readingOrder {index:65;}">
                <Coords points="1338,1992 1594,2013 1650,1983 1713,2009 1762,1968 1796,1995 2161,1992 2210,1984 2210,1941 1338,1949"/>
                <Baseline points="1355,1986 1397,1986 1439,1985 1481,1985 1523,1985 1565,1985 1607,1985 1649,1985 1691,1985 1733,1985 1775,1985 1817,1985 1859,1985 1901,1984 1943,1984 1985,1983 2027,1982 2069,1981 2111,1979 2153,1977 2195,1975"/>
                <TextEquiv>
                    <Unicode>in Grillparzer das Zaudern des „ewigen</Unicode>
                </TextEquiv>
            </TextLine>
            <TextLine id="r1l67" custom="readingOrder {index:66;}">
                <Coords points="433,1993 1336,1984 1335,1944 433,1957"/>
                <Baseline points="450,1999 493,1997 536,1997 580,1995 623,1995 667,1994 710,1993 753,1992 797,1992 840,1991 884,1990 927,1990 970,1989 1014,1988 1057,1988 1101,1987 1144,1986 1187,1985 1231,1984 1274,1983 1318,1982"/>
                <TextEquiv>
                    <Unicode>Es ist ein neues Fabrikat, Smaragda“ ge¬</Unicode>
                </TextEquiv>
            </TextLine>
            <TextLine id="r1l68" custom="readingOrder {index:67;}">
                <Coords points="3105,2040 3125,2040 3132,2047 3175,2044 3175,1964 3158,1964 3152,1971 3145,1971 3135,1981 3125,1984 3105,1984"/>
                <Baseline points="3121,2019 3159,2019"/>
                <TextEquiv>
                    <Unicode>6</Unicode>
                </TextEquiv>
            </TextLine>
            <TextLine id="r1l69" custom="readingOrder {index:68;}">
                <Coords points="2254,2026 3113,2026 3112,1953 2253,1983"/>
                <Baseline points="2269,2026 2310,2026 2351,2026 2392,2026 2434,2026 2475,2025 2516,2025 2558,2025 2599,2024 2640,2024 2682,2023 2723,2022 2764,2022 2805,2021 2847,2020 2888,2019 2929,2018 2971,2017 3012,2016 3053,2015 3095,2013"/>
                <TextEquiv>
                    <Unicode>Sie wandelt das Rätsel der Seele ab in der</Unicode>
                </TextEquiv>
            </TextLine>
            <TextLine id="r1l70" custom="readingOrder {index:69;}">
                <Coords points="1342,2035 2231,2040 2230,1977 1341,1992"/>
                <Baseline points="1357,2031 1399,2031 1442,2031 1485,2031 1528,2031 1571,2031 1613,2030 1656,2030 1699,2029 1742,2029 1785,2028 1827,2027 1870,2027 1913,2026 1956,2025 1999,2024 2041,2023 2084,2023 2127,2022 2170,2021 2213,2020"/>
                <TextEquiv>
                    <Unicode>Bräutigams“, der „Schmerz eines verfehlten</Unicode>
                </TextEquiv>
            </TextLine>
            <TextLine id="r1l71" custom="readingOrder {index:70;}">
                <Coords points="431,2039 1323,2039 1326,1992 430,1993"/>
                <Baseline points="448,2041 491,2040 534,2039 577,2039 620,2038 663,2037 706,2036 749,2035 792,2035 835,2034 878,2033 921,2033 964,2032 1007,2031 1050,2030 1093,2029 1136,2028 1179,2027 1222,2026 1265,2025 1309,2024"/>
                <TextEquiv>
                    <Unicode>nannt. Sie hat eine Schachtel zurückgelassen,</Unicode>
                </TextEquiv>
            </TextLine>
            <TextLine id="r1l72" custom="readingOrder {index:71;}">
                <Coords points="2219,2076 2939,2076 3114,2060 3114,2027 2218,2023"/>
                <Baseline points="2235,2069 2278,2069 2321,2070 2364,2070 2407,2070 2451,2070 2494,2070 2537,2070 2580,2070 2623,2070 2667,2069 2710,2069 2753,2068 2796,2067 2839,2066 2883,2065 2926,2063 2969,2062 3012,2060 3055,2058 3099,2055"/>
                <TextEquiv>
                    <Unicode>Lüge der Sinne, der Frau Berta Garlan er¬</Unicode>
                </TextEquiv>
            </TextLine>
            <TextLine id="r1l73" custom="readingOrder {index:72;}">
                <Coords points="1332,2086 2218,2077 2217,2024 1331,2036"/>
                <Baseline points="1348,2076 1390,2076 1433,2076 1475,2076 1518,2076 1561,2076 1603,2076 1646,2075 1689,2075 1731,2074 1774,2074 1817,2073 1859,2072 1902,2071 1945,2071 1987,2070 2030,2069 2073,2068 2115,2067 2158,2066 2201,2065"/>
                <TextEquiv>
                    <Unicode>Daseins“, die „falsche Scham“, das Fliehen</Unicode>
                </TextEquiv>
            </TextLine>
            <TextLine id="r1l74" custom="readingOrder {index:73;}">
                <Coords points="426,2086 1335,2083 1335,2033 426,2039"/>
                <Baseline points="442,2083 485,2082 529,2082 573,2081 617,2080 661,2079 705,2078 749,2077 793,2076 837,2075 881,2073 924,2072 968,2071 1012,2070 1056,2070 1100,2069 1144,2069 1188,2069 1232,2069 1276,2070 1320,2071"/>
                <TextEquiv>
                    <Unicode>damit Sie die Marke kennenlernen können.</Unicode>
                </TextEquiv>
            </TextLine>
            <TextLine id="r1l75" custom="readingOrder {index:74;}">
                <Coords points="2217,2122 3116,2103 3115,2060 2216,2075"/>
                <Baseline points="2232,2116 2275,2116 2318,2116 2362,2115 2405,2115 2448,2115 2492,2114 2535,2114 2578,2114 2622,2113 2665,2113 2708,2112 2752,2111 2795,2110 2838,2109 2882,2108 2925,2107 2968,2105 3012,2103 3055,2102 3099,2100"/>
                <TextEquiv>
                    <Unicode>liegt, in dem Hohn, der über dem blinden</Unicode>
                </TextEquiv>
            </TextLine>
            <TextLine id="r1l76" custom="readingOrder {index:75;}">
                <Coords points="1334,2129 2226,2122 2225,2069 2072,2052 1671,2091 1535,2060 1495,2084 1333,2066"/>
                <Baseline points="1351,2116 1393,2117 1436,2118 1479,2119 1522,2119 1565,2119 1608,2118 1651,2118 1694,2117 1737,2116 1780,2115 1822,2114 1865,2113 1908,2112 1951,2110 1994,2110 2037,2109 2080,2108 2123,2108 2166,2108 2209,2108"/>
                <TextEquiv>
                    <Unicode>vor dem Leben, das Verstummen. Österrei¬</Unicode>
                </TextEquiv>
            </TextLine>
            <TextLine id="r1l77" custom="readingOrder {index:76;}">
                <Coords points="434,2131 1327,2121 1326,2075 434,2088"/>
                <Baseline points="451,2123 493,2124 536,2124 579,2124 622,2124 665,2123 708,2123 751,2122 794,2121 837,2120 880,2118 922,2117 965,2116 1008,2115 1051,2113 1094,2112 1137,2111 1180,2110 1223,2110 1266,2109 1309,2109"/>
                <TextEquiv>
                    <Unicode>Binnen kurzer Zeit wird sie in jedem renom¬</Unicode>
                </TextEquiv>
            </TextLine>
            <TextLine id="r1l78" custom="readingOrder {index:77;}">
                <Coords points="2235,2167 3011,2144 3121,2176 3167,2158 3166,2102 2234,2117"/>
                <Baseline points="2250,2157 2297,2157 2344,2157 2391,2157 2439,2156 2486,2156 2533,2155 2581,2155 2628,2154 2675,2153 2723,2152 2770,2151 2817,2150 2865,2148 2912,2148 2959,2147 3007,2146 3054,2146 3101,2145 3149,2145"/>
                <TextEquiv>
                    <Unicode>Geronimo und seinem Bruder, den Bettlern, P#</Unicode>
                </TextEquiv>
            </TextLine>
            <TextLine id="r1l79" custom="readingOrder {index:78;}">
                <Coords points="2049,2176 2073,2176 2089,2159 2106,2169 2145,2161 2155,2171 2175,2161 2218,2160 2218,2121 2201,2121 2184,2111 2098,2112 2085,2126 2072,2119 2065,2126 2049,2126"/>
                <Baseline points="2065,2155 2092,2156 2119,2155 2147,2154 2174,2153 2202,2156"/>
                <TextEquiv>
                    <Unicode>„Inno¬</Unicode>
                </TextEquiv>
            </TextLine>
            <TextLine id="r1l80" custom="readingOrder {index:79;}">
                <Coords points="1326,2176 2002,2165 2052,2160 2051,2111 1458,2134 1424,2115 1325,2143"/>
                <Baseline points="1343,2165 1377,2164 1412,2164 1446,2163 1481,2163 1516,2162 1550,2162 1585,2162 1620,2161 1654,2160 1689,2160 1724,2159 1758,2159 1793,2158 1828,2157 1862,2156 1897,2156 1932,2155 1966,2154 2001,2153 2036,2152"/>
                <TextEquiv>
                    <Unicode>chisch war die Wehmut von Saars</Unicode>
                </TextEquiv>
            </TextLine>
            <TextLine id="r1l81" custom="readingOrder {index:80;}">
                <Coords points="435,2184 1191,2168 1234,2151 1234,2118 434,2125"/>
                <Baseline points="453,2165 491,2166 529,2166 567,2167 606,2167 644,2167 682,2166 721,2166 759,2166 797,2165 836,2165 874,2164 912,2163 950,2163 989,2162 1027,2161 1065,2160 1104,2160 1142,2159 1180,2158 1219,2158"/>
                <TextEquiv>
                    <Unicode>mierten Zigarrengeschäft erhältlich sein!“</Unicode>
                </TextEquiv>
            </TextLine>
            <TextLine id="r1l82" custom="readingOrder {index:81;}">
                <Coords points="2230,2206 2612,2218 2731,2189 2811,2211 2850,2183 3073,2196 3119,2185 3119,2158 2229,2163"/>
                <Baseline points="2246,2203 2288,2202 2331,2202 2374,2201 2417,2200 2460,2199 2503,2198 2546,2198 2589,2197 2632,2196 2675,2195 2717,2195 2760,2193 2803,2192 2846,2192 2889,2191 2932,2190 2975,2189 3018,2188 3061,2187 3104,2186"/>
                <TextEquiv>
                    <Unicode>waltet, in dem bizarren Fluch der „Weis¬</Unicode>
                </TextEquiv>
            </TextLine>
            <TextLine id="r1l83" custom="readingOrder {index:82;}">
                <Coords points="1330,2215 1423,2223 1452,2193 1513,2222 2226,2210 2225,2154 1329,2172"/>
                <Baseline points="1347,2209 1390,2207 1433,2207 1476,2206 1519,2205 1562,2204 1605,2204 1648,2203 1691,2203 1734,2202 1778,2202 1821,2201 1864,2201 1907,2200 1950,2199 1993,2199 2036,2197 2079,2197 2122,2195 2165,2194 2209,2192"/>
                <TextEquiv>
                    <Unicode>zenz“ und war sein „Steinklopfer“, den er</Unicode>
                </TextEquiv>
            </TextLine>
            <TextLine id="r1l84" custom="readingOrder {index:83;}">
                <Coords points="476,2212 1336,2232 1334,2149 1308,2143 1126,2172 475,2172"/>
                <Baseline points="493,2211 534,2211 575,2212 616,2212 657,2212 699,2211 740,2211 781,2210 822,2209 863,2208 905,2207 946,2206 987,2205 1028,2204 1069,2203 1111,2203 1152,2202 1193,2202 1234,2202 1275,2202 1317,2203"/>
                <TextEquiv>
                    <Unicode>Und mit einer schnellen Verbeugung verließ</Unicode>
                </TextEquiv>
            </TextLine>
            <TextLine id="r1l85" custom="readingOrder {index:84;}">
                <Coords points="3106,2235 3146,2236 3163,2220 3167,2220 3176,2231 3186,2224 3206,2225 3207,2192 3181,2188 3171,2194 3151,2183 3134,2189 3127,2196 3108,2195"/>
                <Baseline points="3122,2229 3155,2231 3188,2231"/>
                <TextEquiv>
                    <Unicode>2</Unicode>
                </TextEquiv>
            </TextLine>
            <TextLine id="r1l86" custom="readingOrder {index:85;}">
                <Coords points="2224,2257 2379,2233 2469,2255 3059,2241 3106,2233 3105,2190 2222,2207"/>
                <Baseline points="2241,2249 2283,2248 2325,2247 2368,2246 2410,2245 2452,2244 2495,2243 2537,2242 2579,2241 2622,2240 2664,2239 2706,2238 2749,2237 2791,2236 2833,2235 2876,2234 2918,2233 2960,2232 3003,2231 3045,2230 3088,2229"/>
                <TextEquiv>
                    <Unicode>sagung“ und des „Schicksals des Freiherrn</Unicode>
                </TextEquiv>
            </TextLine>
            <TextLine id="r1l87" custom="readingOrder {index:86;}">
                <Coords points="1338,2269 1642,2235 1862,2265 1997,2236 2220,2246 2219,2203 2166,2194 1513,2220 1456,2191 1423,2222 1337,2220"/>
                <Baseline points="1353,2254 1395,2252 1438,2251 1480,2249 1523,2248 1565,2247 1608,2247 1650,2246 1693,2246 1735,2245 1778,2245 1820,2245 1863,2245 1905,2244 1948,2244 1990,2243 2033,2242 2075,2241 2118,2240 2160,2239 2203,2237"/>
                <TextEquiv>
                    <Unicode>schrieb, von Buchenwipfeln umrauscht:</Unicode>
                </TextEquiv>
            </TextLine>
            <TextLine id="r1l88" custom="readingOrder {index:87;}">
                <Coords points="436,2279 555,2262 596,2281 725,2261 748,2277 1047,2273 1045,2217 959,2202 435,2226"/>
                <Baseline points="453,2259 481,2260 510,2260 539,2260 568,2259 597,2259 626,2258 655,2257 684,2256 713,2255 742,2254 770,2253 799,2252 828,2251 857,2250 886,2249 915,2249 944,2249 973,2248 1002,2249 1031,2249"/>
                <TextEquiv>
                    <Unicode>auch der Fremdling das Café.</Unicode>
                </TextEquiv>
            </TextLine>
            <TextLine id="r1l89" custom="readingOrder {index:88;}">
                <Coords points="3112,2286 3128,2288 3132,2284 3152,2286 3155,2290 3161,2287 3171,2298 3181,2292 3198,2293 3203,2224 3187,2222 3176,2231 3167,2221 3149,2236 3116,2233"/>
                <Baseline points="3129,2276 3155,2277 3181,2280"/>
                <TextEquiv>
                    <Unicode>*</Unicode>
                </TextEquiv>
            </TextLine>
            <TextLine id="r1l90" custom="readingOrder {index:89;}">
                <Coords points="2217,2300 3027,2285 3129,2266 3129,2236 2216,2250"/>
                <Baseline points="2235,2288 2278,2288 2322,2287 2366,2286 2410,2285 2454,2284 2497,2283 2541,2283 2585,2282 2629,2281 2673,2280 2716,2279 2760,2278 2804,2278 2848,2277 2892,2276 2935,2275 2979,2274 3023,2273 3067,2273 3111,2272"/>
                <TextEquiv>
                    <Unicode>von Leisenbogh“ und in der Vorstadttragik des</Unicode>
                </TextEquiv>
            </TextLine>
            <TextLine id="r1l91" custom="readingOrder {index:90;}">
                <Coords points="1326,2312 2218,2283 2217,2246 2147,2241 1630,2237 1325,2272"/>
                <Baseline points="1341,2300 1384,2298 1427,2296 1470,2295 1513,2294 1556,2293 1599,2292 1642,2291 1685,2291 1728,2291 1771,2290 1814,2290 1857,2290 1900,2289 1943,2289 1986,2288 2029,2286 2072,2285 2115,2284 2158,2281 2201,2279"/>
                <TextEquiv>
                    <Unicode>„Schmetterlinge setzen sich auf meine Schul¬</Unicode>
                </TextEquiv>
            </TextLine>
            <TextLine id="r1l92" custom="readingOrder {index:91;}">
                <Coords points="2230,2355 2489,2343 2545,2311 2592,2344 3116,2322 3115,2275 2229,2302"/>
                <Baseline points="2245,2337 2287,2335 2330,2333 2372,2331 2415,2329 2458,2328 2500,2326 2543,2326 2586,2324 2628,2324 2671,2323 2714,2322 2756,2321 2799,2320 2842,2320 2884,2319 2927,2319 2970,2318 3012,2317 3055,2316 3098,2316"/>
                <TextEquiv>
                    <Unicode>„Neuen Liedes“ Sie bestimmt das Ende des</Unicode>
                </TextEquiv>
            </TextLine>
            <TextLine id="r1l93" custom="readingOrder {index:92;}">
                <Coords points="1330,2343 2229,2335 2228,2285 1329,2303"/>
                <Baseline points="1348,2343 1391,2342 1434,2340 1477,2339 1520,2338 1563,2337 1606,2335 1650,2335 1693,2334 1736,2333 1779,2332 1822,2331 1865,2331 1908,2330 1952,2329 1995,2329 2038,2328 2081,2327 2124,2327 2167,2326 2211,2325"/>
                <TextEquiv>
                    <Unicode>tern; rings ertönen Vogelstimmen und dabei</Unicode>
                </TextEquiv>
            </TextLine>
            <TextLine id="r1l94" custom="readingOrder {index:93;}">
                <Coords points="3112,2365 3159,2367 3162,2371 3172,2362 3189,2362 3192,2300 3169,2298 3163,2291 3156,2291 3147,2284 3117,2285"/>
                <Baseline points="3130,2358 3171,2360"/>
                <TextEquiv>
                    <Unicode>4</Unicode>
                </TextEquiv>
            </TextLine>
            <TextLine id="r1l95" custom="readingOrder {index:94;}">
                <Coords points="2228,2388 2898,2360 3130,2382 3129,2302 2227,2348"/>
                <Baseline points="2245,2376 2288,2376 2331,2375 2375,2375 2418,2374 2461,2373 2505,2372 2548,2370 2591,2369 2635,2368 2678,2366 2721,2365 2765,2364 2808,2363 2851,2362 2895,2362 2938,2361 2981,2361 3025,2361 3068,2361 3112,2362"/>
                <TextEquiv>
                    <Unicode>„Mörders“: „Und als er auf dem Boden lag</Unicode>
                </TextEquiv>
            </TextLine>
            <TextLine id="r1l96" custom="readingOrder {index:95;}">
                <Coords points="1334,2388 2163,2383 2226,2379 2226,2335 1333,2342"/>
                <Baseline points="1349,2385 1394,2384 1439,2383 1484,2383 1529,2382 1575,2381 1620,2381 1665,2380 1710,2380 1755,2379 1801,2378 1846,2378 1891,2377 1936,2376 1981,2375 2027,2374 2072,2372 2117,2371 2162,2369 2208,2368"/>
                <TextEquiv>
                    <Unicode>blickt mein Auge übers Papier weg auf die</Unicode>
                </TextEquiv>
            </TextLine>
            <TextLine id="r1l97" custom="readingOrder {index:96;}">
                <Coords points="3110,2413 3133,2410 3141,2416 3147,2415 3151,2418 3171,2415 3164,2362 3151,2364 3142,2369 3128,2364 3122,2371 3105,2373"/>
                <Baseline points="3126,2404 3152,2401"/>
                <TextEquiv>
                    <Unicode>K</Unicode>
                </TextEquiv>
            </TextLine>
            <TextLine id="r1l98" custom="readingOrder {index:97;}">
                <Coords points="543,2433 1120,2411 1173,2438 1262,2401 1262,2368 1156,2335 542,2337"/>
                <Baseline points="560,2411 594,2409 628,2407 663,2406 697,2405 731,2405 766,2405 800,2405 834,2405 869,2406 903,2406 937,2407 972,2407 1006,2408 1040,2408 1075,2408 1109,2407 1143,2406 1178,2405 1212,2402 1247,2400"/>
                <TextEquiv>
                    <Unicode>Die Geele Oesterreichs.</Unicode>
                </TextEquiv>
            </TextLine>
            <TextLine id="r1l99" custom="readingOrder {index:98;}">
                <Coords points="2231,2428 2961,2422 3129,2395 3105,2346 2641,2388 2230,2382"/>
                <Baseline points="2246,2419 2289,2418 2332,2417 2375,2416 2419,2415 2462,2414 2505,2414 2549,2413 2592,2412 2635,2412 2679,2411 2722,2410 2765,2410 2808,2409 2852,2408 2895,2407 2938,2407 2982,2405 3025,2404 3068,2403 3112,2402"/>
                <TextEquiv>
                    <Unicode>und etwas Dunkles über ihn sich beugte, ihn</Unicode>
                </TextEquiv>
            </TextLine>
            <TextLine id="r1l100" custom="readingOrder {index:99;}">
                <Coords points="1340,2441 2229,2421 2228,2371 1339,2388"/>
                <Baseline points="1357,2432 1399,2429 1442,2428 1485,2427 1528,2425 1571,2424 1613,2423 1656,2422 1699,2421 1742,2421 1785,2420 1827,2419 1870,2419 1913,2418 1956,2417 1999,2416 2041,2415 2084,2413 2127,2412 2170,2410 2213,2408"/>
                <TextEquiv>
                    <Unicode>glitzernde Mur und ihre Augen. Meine Seele</Unicode>
                </TextEquiv>
            </TextLine>
            <TextLine id="r1l101" custom="readingOrder {index:100;}">
                <Coords points="2227,2466 2980,2468 3136,2452 3135,2396 2226,2423"/>
                <Baseline points="2244,2463 2287,2462 2331,2461 2375,2460 2419,2458 2463,2458 2506,2456 2550,2455 2594,2454 2638,2453 2682,2452 2725,2452 2769,2451 2813,2450 2857,2449 2901,2449 2944,2448 2988,2448 3032,2448 3076,2447 3120,2447"/>
                <TextEquiv>
                    <Unicode>umschloß, ihn nicht mehr lassen wollte, für sie,</Unicode>
                </TextEquiv>
            </TextLine>
            <TextLine id="r1l102" custom="readingOrder {index:101;}">
                <Coords points="1341,2472 2134,2470 2233,2462 2232,2415 1340,2442"/>
                <Baseline points="1359,2476 1401,2472 1444,2471 1487,2468 1530,2466 1573,2465 1615,2464 1658,2464 1701,2464 1744,2464 1787,2464 1829,2464 1872,2464 1915,2464 1958,2463 2001,2463 2043,2462 2086,2461 2129,2459 2172,2457 2215,2454"/>
                <TextEquiv>
                    <Unicode>ist so still, so ruhig, jede Bangigkeit, jede Be¬</Unicode>
                </TextEquiv>
            </TextLine>
            <TextLine id="r1l103" custom="readingOrder {index:102;}">
                <Coords points="691,2483 920,2494 946,2480 1006,2491 1039,2474 1069,2491 1125,2471 1125,2431 1092,2438 1026,2414 1003,2431 930,2414 824,2417 800,2434 691,2423"/>
                <Baseline points="706,2467 731,2468 756,2468 781,2469 807,2469 832,2469 857,2469 882,2469 908,2469 933,2469 958,2469 983,2469 1009,2469 1034,2469 1059,2469 1084,2469 1110,2469"/>
                <TextEquiv>
                    <Unicode>Von Paul Wiegler.</Unicode>
                </TextEquiv>
            </TextLine>
            <TextLine id="r1l104" custom="readingOrder {index:103;}">
                <Coords points="1350,2516 3048,2503 3151,2498 3151,2452 1349,2473"/>
                <Baseline points="1367,2512 1455,2511 1543,2510 1631,2508 1720,2508 1808,2507 1896,2506 1985,2505 2073,2504 2161,2504 2250,2503 2338,2502 2426,2501 2514,2500 2603,2499 2691,2498 2779,2497 2868,2495 2956,2493 3044,2491 3133,2488"/>
                <TextEquiv>
                    <Unicode>sorgnis ist verschwunden, und eine selige Er= zu ihr ins Nichts entschwand, nach dem er sich</Unicode>
                </TextEquiv>
            </TextLine>
            <TextLine id="r1l105" custom="readingOrder {index:104;}">
                <Coords points="621,2534 1348,2521 1347,2478 1257,2460 913,2496 621,2488"/>
                <Baseline points="638,2530 672,2529 707,2529 742,2529 776,2528 811,2528 846,2528 880,2528 915,2527 950,2527 985,2527 1019,2526 1054,2526 1089,2525 1123,2524 1158,2523 1193,2522 1227,2521 1262,2519 1297,2517 1332,2516"/>
                <TextEquiv>
                    <Unicode>Die in Wien erscheinende ausgezeich¬</Unicode>
                </TextEquiv>
            </TextLine>
            <TextLine id="r1l106" custom="readingOrder {index:105;}">
                <Coords points="1348,2562 3043,2545 3172,2483 1347,2515"/>
                <Baseline points="1364,2558 1453,2555 1543,2553 1632,2551 1722,2550 1812,2548 1901,2547 1991,2546 2081,2546 2170,2545 2260,2544 2350,2544 2439,2543 2529,2542 2619,2541 2708,2540 2798,2539 2888,2537 2977,2536 3067,2533 3157,2530"/>
                <TextEquiv>
                    <Unicode>habenheit, die mich auf hehren Schwingen über lange gesehnt hatte.“ Rätsel der Seele ist, mit 2#</Unicode>
                </TextEquiv>
            </TextLine>
            <TextLine id="r1l107" custom="readingOrder {index:106;}">
                <Coords points="600,2579 1167,2580 1266,2544 1313,2570 1350,2566 1349,2516 599,2532"/>
                <Baseline points="616,2573 651,2572 687,2572 723,2572 759,2572 795,2571 830,2571 866,2570 902,2570 938,2569 974,2568 1009,2568 1045,2566 1081,2566 1117,2565 1153,2564 1188,2562 1224,2561 1260,2560 1296,2558 1332,2557"/>
                <TextEquiv>
                    <Unicode>nete Zeitschrift „Roman=Rundschau“ zu</Unicode>
                </TextEquiv>
            </TextLine>
            <TextLine id="r1l108" custom="readingOrder {index:107;}">
                <Coords points="2233,2599 2406,2606 2475,2574 2588,2602 2890,2576 2980,2597 3145,2580 3144,2531 2232,2556"/>
                <Baseline points="2250,2592 2293,2591 2337,2590 2381,2590 2425,2589 2469,2588 2513,2587 2557,2586 2601,2585 2645,2584 2689,2583 2732,2582 2776,2581 2820,2580 2864,2580 2908,2579 2952,2578 2996,2577 3040,2576 3084,2575 3128,2575"/>
                <TextEquiv>
                    <Unicode>einer leisen Ironie, das visionäre Erschauern</Unicode>
                </TextEquiv>
            </TextLine>
            <TextLine id="r1l109" custom="readingOrder {index:108;}">
                <Coords points="1339,2608 2235,2598 2211,2548 1339,2561"/>
                <Baseline points="1357,2597 1400,2598 1443,2598 1486,2598 1529,2598 1572,2598 1615,2598 1658,2597 1701,2596 1744,2596 1788,2594 1831,2593 1874,2593 1917,2592 1960,2591 2003,2590 2046,2589 2089,2589 2132,2588 2175,2588 2219,2587"/>
                <TextEquiv>
                    <Unicode>die Erde und ihre Geschicke hinaus trägt, hat</Unicode>
                </TextEquiv>
            </TextLine>
            <TextLine id="r1l110" custom="readingOrder {index:109;}">
                <Coords points="595,2615 1345,2607 1344,2560 1291,2541 1242,2565 595,2575"/>
                <Baseline points="612,2611 647,2610 683,2609 719,2608 755,2608 791,2607 826,2607 862,2606 898,2606 934,2606 970,2605 1005,2605 1041,2604 1077,2604 1113,2603 1149,2602 1184,2602 1220,2601 1256,2600 1292,2599 1328,2597"/>
                <TextEquiv>
                    <Unicode>deren Mitarbeitern unter anderen</Unicode>
                </TextEquiv>
            </TextLine>
            <TextLine id="r1l111" custom="readingOrder {index:110;}">
                <Coords points="3115,2637 3131,2638 3149,2626 3188,2633 3199,2490 3176,2489 3162,2501 3152,2493 3149,2497 3125,2495"/>
                <Baseline points="3132,2621 3173,2624"/>
                <TextEquiv>
                    <Unicode></Unicode>
                </TextEquiv>
            </TextLine>
            <TextLine id="r1l112" custom="readingOrder {index:111;}">
                <Coords points="2239,2646 3111,2628 3110,2581 2981,2598 2891,2573 2862,2601 2480,2574 2238,2599"/>
                <Baseline points="2254,2637 2296,2636 2338,2636 2380,2635 2422,2634 2464,2633 2506,2632 2548,2631 2590,2630 2632,2629 2674,2628 2716,2627 2758,2626 2800,2625 2842,2623 2884,2623 2926,2621 2968,2620 3010,2619 3052,2618 3095,2617"/>
                <TextEquiv>
                    <Unicode>im „Tagebuch der Redogonda“. „Frau Beate</Unicode>
                </TextEquiv>
            </TextLine>
            <TextLine id="r1l113" custom="readingOrder {index:112;}">
                <Coords points="1353,2647 1702,2654 1761,2620 1957,2655 2236,2629 2235,2589 1353,2607"/>
                <Baseline points="1370,2644 1412,2642 1455,2641 1497,2640 1540,2639 1582,2639 1625,2638 1667,2638 1710,2638 1752,2638 1795,2638 1837,2638 1880,2637 1922,2637 1965,2637 2007,2636 2050,2636 2092,2635 2135,2634 2177,2633 2220,2630"/>
                <TextEquiv>
                    <Unicode>mich überkommen.“ Österreichisch war die</Unicode>
                </TextEquiv>
            </TextLine>
            <TextLine id="r1l114" custom="readingOrder {index:113;}">
                <Coords points="600,2655 1340,2646 1339,2603 1286,2600 600,2615"/>
                <Baseline points="618,2651 653,2650 688,2648 723,2647 759,2646 794,2646 829,2645 865,2644 900,2644 935,2643 971,2643 1006,2642 1041,2642 1076,2641 1112,2641 1147,2640 1182,2640 1218,2640 1253,2639 1288,2639 1324,2638"/>
                <TextEquiv>
                    <Unicode>Upton Sinclair, Jack London, Wasser¬</Unicode>
                </TextEquiv>
            </TextLine>
            <TextLine id="r1l115" custom="readingOrder {index:114;}">
                <Coords points="2234,2686 3100,2674 3136,2620 2234,2643"/>
                <Baseline points="2252,2680 2295,2680 2338,2680 2382,2679 2425,2678 2469,2677 2512,2676 2555,2675 2599,2674 2642,2672 2686,2671 2729,2670 2772,2669 2816,2668 2859,2667 2903,2666 2946,2666 2989,2665 3033,2665 3076,2665 3120,2665"/>
                <TextEquiv>
                    <Unicode>und ihr Sohn“: „Wirrheit eines Tages, der</Unicode>
                </TextEquiv>
            </TextLine>
            <TextLine id="r1l116" custom="readingOrder {index:115;}">
                <Coords points="1351,2699 2223,2685 2222,2635 1350,2649"/>
                <Baseline points="1367,2685 1409,2685 1451,2685 1493,2685 1535,2685 1577,2684 1619,2684 1661,2683 1703,2683 1745,2682 1787,2681 1829,2680 1871,2679 1913,2679 1955,2678 1997,2677 2039,2676 2081,2675 2123,2674 2165,2674 2207,2673"/>
                <TextEquiv>
                    <Unicode>Naturnähe Franz Stelzhamers, des Dichters</Unicode>
                </TextEquiv>
            </TextLine>
            <TextLine id="r1l117" custom="readingOrder {index:116;}">
                <Coords points="606,2693 928,2703 1167,2673 1200,2693 1223,2673 1339,2678 1339,2641 606,2650"/>
                <Baseline points="624,2689 658,2688 693,2687 728,2686 763,2685 798,2684 833,2684 868,2683 903,2683 938,2683 973,2682 1007,2682 1042,2682 1077,2682 1112,2682 1147,2681 1182,2681 1217,2681 1252,2680 1287,2679 1322,2678"/>
                <TextEquiv>
                    <Unicode>mann, Wells gehören, bringt in aller¬</Unicode>
                </TextEquiv>
            </TextLine>
            <TextLine id="r1l118" custom="readingOrder {index:117;}">
                <Coords points="3116,2713 3146,2712 3160,2703 3177,2705 3179,2675 3162,2674 3153,2666 3146,2669 3120,2667"/>
                <Baseline points="3133,2706 3161,2708"/>
                <TextEquiv>
                    <Unicode>25</Unicode>
                </TextEquiv>
            </TextLine>
            <TextLine id="r1l119" custom="readingOrder {index:118;}">
                <Coords points="2222,2739 3024,2720 3120,2712 3120,2665 2221,2686"/>
                <Baseline points="2239,2723 2282,2722 2325,2721 2368,2720 2412,2719 2455,2719 2498,2718 2542,2718 2585,2717 2628,2717 2672,2716 2715,2716 2758,2715 2801,2714 2845,2713 2888,2712 2931,2711 2975,2710 3018,2708 3061,2705 3105,2703"/>
                <TextEquiv>
                    <Unicode>voll Rätsel war, und verführerisches Vor¬</Unicode>
                </TextEquiv>
            </TextLine>
            <TextLine id="r1l120" custom="readingOrder {index:119;}">
                <Coords points="605,2731 698,2749 857,2720 877,2740 936,2719 1334,2726 1354,2676 604,2688"/>
                <Baseline points="622,2731 657,2729 693,2727 729,2726 764,2725 800,2724 836,2723 871,2723 907,2722 943,2722 979,2722 1014,2722 1050,2721 1086,2721 1121,2721 1157,2720 1193,2720 1228,2719 1264,2718 1300,2716 1336,2715"/>
                <TextEquiv>
                    <Unicode>nächster Zeit ein Schnitzler=Heft heraus.</Unicode>
                </TextEquiv>
            </TextLine>
            <TextLine id="r1l121" custom="readingOrder {index:120;}">
                <Coords points="1342,2747 2161,2730 2224,2719 2224,2676 1342,2703"/>
                <Baseline points="1359,2729 1401,2729 1444,2728 1486,2727 1529,2727 1571,2726 1614,2726 1656,2726 1699,2725 1741,2725 1784,2725 1826,2724 1869,2724 1911,2724 1954,2723 1996,2722 2039,2721 2081,2720 2124,2719 2166,2718 2209,2716"/>
                <TextEquiv>
                    <Unicode>aus Weinbeiseln Oberösterreichs, und Anzen¬</Unicode>
                </TextEquiv>
            </TextLine>
            <TextLine id="r1l122" custom="readingOrder {index:121;}">
                <Coords points="2236,2782 2691,2774 2760,2746 2913,2775 3025,2745 3109,2763 3127,2706 2235,2733"/>
                <Baseline points="2251,2771 2294,2769 2337,2767 2380,2765 2423,2764 2466,2762 2509,2761 2552,2760 2595,2759 2638,2758 2681,2757 2724,2756 2767,2756 2810,2755 2853,2754 2896,2753 2939,2751 2982,2750 3025,2749 3068,2747 3111,2745"/>
                <TextEquiv>
                    <Unicode>gefühl der ewigen Nacht.“ „Verstehend, ver¬</Unicode>
                </TextEquiv>
            </TextLine>
            <TextLine id="r1l123" custom="readingOrder {index:122;}">
                <Coords points="596,2759 875,2767 929,2793 995,2768 1343,2775 1342,2715 596,2726"/>
                <Baseline points="613,2767 648,2767 684,2767 719,2767 755,2766 791,2766 826,2766 862,2765 897,2765 933,2764 969,2764 1004,2763 1040,2763 1075,2762 1111,2761 1147,2760 1182,2759 1218,2757 1253,2756 1289,2754 1325,2753"/>
                <TextEquiv>
                    <Unicode>In ihm wird auch dieser wertvolle Auf¬</Unicode>
                </TextEquiv>
            </TextLine>
            <TextLine id="r1l124" custom="readingOrder {index:123;}">
                <Coords points="1348,2787 2234,2779 2233,2726 1347,2741"/>
                <Baseline points="1364,2777 1406,2775 1449,2774 1491,2773 1534,2771 1577,2771 1619,2770 1662,2769 1704,2769 1747,2769 1790,2768 1832,2768 1875,2767 1917,2767 1960,2766 2003,2766 2045,2764 2088,2764 2130,2762 2173,2760 2216,2758"/>
                <TextEquiv>
                    <Unicode>grubers. Der österreichische Hofrat Adalbert</Unicode>
                </TextEquiv>
            </TextLine>
            <TextLine id="r1l125" custom="readingOrder {index:124;}">
                <Coords points="2235,2826 3130,2792 3129,2749 3010,2735 2918,2774 2774,2754 2234,2779"/>
                <Baseline points="2253,2812 2296,2810 2339,2810 2382,2809 2425,2808 2468,2807 2511,2806 2554,2805 2597,2804 2640,2803 2683,2802 2726,2801 2769,2800 2812,2799 2855,2798 2898,2797 2941,2796 2984,2795 3027,2794 3070,2793 3113,2792"/>
                <TextEquiv>
                    <Unicode>zeihend, erlöst schloß er die Augen; die ihren</Unicode>
                </TextEquiv>
            </TextLine>
            <TextLine id="r1l126" custom="readingOrder {index:125;}">
                <Coords points="606,2830 633,2826 643,2836 659,2819 679,2822 692,2811 752,2830 785,2812 881,2817 894,2803 921,2799 920,2773 877,2767 774,2763 658,2776 631,2753 605,2757"/>
                <Baseline points="621,2810 646,2810 672,2810 697,2810 723,2810 749,2809 774,2808 800,2808 826,2806 851,2806 877,2805 903,2804"/>
                <TextEquiv>
                    <Unicode>satz erscheinen:</Unicode>
                </TextEquiv>
            </TextLine>
            <TextLine id="r1l127" custom="readingOrder {index:126;}">
                <Coords points="1343,2823 2179,2812 2225,2762 1342,2770"/>
                <Baseline points="1360,2816 1402,2816 1444,2815 1487,2814 1529,2814 1572,2813 1614,2813 1657,2812 1699,2812 1742,2811 1784,2811 1826,2810 1869,2809 1911,2808 1954,2808 1996,2807 2039,2805 2081,2804 2124,2803 2166,2802 2209,2800"/>
                <TextEquiv>
                    <Unicode>Stifter ist der Verfasser des „Nachsommers“</Unicode>
                </TextEquiv>
            </TextLine>
            <TextLine id="r1l128" custom="readingOrder {index:127;}">
                <Coords points="2228,2861 3130,2833 3129,2793 2227,2818"/>
                <Baseline points="2243,2854 2286,2853 2330,2853 2373,2853 2417,2852 2460,2851 2504,2850 2547,2849 2591,2848 2634,2847 2678,2845 2721,2844 2765,2843 2808,2842 2852,2841 2895,2839 2939,2839 2982,2838 3026,2837 3069,2836 3113,2835"/>
                <TextEquiv>
                    <Unicode>aber faßten noch einmal die in drohendem</Unicode>
                </TextEquiv>
            </TextLine>
            <TextLine id="r1l129" custom="readingOrder {index:128;}">
                <Coords points="1344,2864 2226,2853 2225,2816 2166,2808 1343,2821"/>
                <Baseline points="1359,2860 1401,2860 1444,2860 1486,2859 1529,2859 1572,2859 1614,2858 1657,2857 1699,2857 1742,2856 1785,2855 1827,2854 1870,2853 1912,2852 1955,2851 1998,2850 2040,2848 2083,2848 2125,2847 2168,2845 2211,2844"/>
                <TextEquiv>
                    <Unicode>des friedvoll=großen Romans aus dem Rosen¬</Unicode>
                </TextEquiv>
            </TextLine>
            <TextLine id="r1l130" custom="readingOrder {index:129;}">
                <Coords points="478,2859 664,2883 1354,2867 1354,2811 1254,2795 478,2819"/>
                <Baseline points="496,2866 538,2865 580,2864 622,2863 664,2863 706,2862 748,2862 790,2862 832,2862 874,2863 916,2863 958,2863 1000,2863 1042,2862 1084,2862 1126,2861 1168,2860 1210,2859 1252,2857 1294,2855 1337,2852"/>
                <TextEquiv>
                    <Unicode>Bilder steigen auf, ein Reich, das war:</Unicode>
                </TextEquiv>
            </TextLine>
            <TextLine id="r1l131" custom="readingOrder {index:130;}">
                <Coords points="2235,2901 3160,2894 3166,2840 2234,2858"/>
                <Baseline points="2250,2895 2297,2895 2344,2895 2391,2895 2439,2894 2486,2894 2533,2893 2581,2892 2628,2891 2675,2889 2723,2888 2770,2887 2817,2885 2865,2885 2912,2884 2959,2883 3007,2882 3054,2882 3101,2882 3149,2882"/>
                <TextEquiv>
                    <Unicode>Dämmer aufsteigenden grauen Ufer, und eheiß</Unicode>
                </TextEquiv>
            </TextLine>
            <TextLine id="r1l132" custom="readingOrder {index:131;}">
                <Coords points="1346,2907 2249,2903 2248,2837 1346,2864"/>
                <Baseline points="1364,2908 1407,2908 1450,2906 1494,2905 1537,2904 1580,2903 1624,2902 1667,2901 1710,2900 1754,2899 1797,2898 1840,2897 1884,2896 1927,2896 1970,2895 2014,2894 2057,2894 2100,2893 2144,2893 2187,2893 2231,2893"/>
                <TextEquiv>
                    <Unicode>haus, in dem viele Seiten sind mit Sätzen wie</Unicode>
                </TextEquiv>
            </TextLine>
            <TextLine id="r1l133" custom="readingOrder {index:132;}">
                <Coords points="443,2920 1352,2914 1352,2857 443,2860"/>
                <Baseline points="459,2912 502,2911 546,2910 590,2909 634,2909 678,2908 721,2907 765,2907 809,2907 853,2906 897,2906 940,2905 984,2905 1028,2904 1072,2904 1116,2903 1159,2902 1203,2901 1247,2900 1291,2898 1335,2897"/>
                <TextEquiv>
                    <Unicode>mährische Bauern und Bäuerinnen mit bestick¬</Unicode>
                </TextEquiv>
            </TextLine>
            <TextLine id="r1l134" custom="readingOrder {index:133;}">
                <Coords points="1344,2954 3132,2917 3082,2874 1343,2908"/>
                <Baseline points="1362,2950 1449,2947 1537,2945 1624,2943 1712,2942 1800,2941 1887,2940 1975,2939 2063,2938 2150,2937 2238,2936 2326,2936 2413,2935 2501,2934 2589,2933 2676,2931 2764,2930 2852,2928 2939,2926 3027,2923 3115,2919"/>
                <TextEquiv>
                    <Unicode>diesen: „Die Sonne stand an dem wolkenlosen die lauen Wellen sich zwischen die Lider dräng¬</Unicode>
                </TextEquiv>
            </TextLine>
            <TextLine id="r1l135" custom="readingOrder {index:134;}">
                <Coords points="445,2957 1344,2953 1353,2899 444,2931"/>
                <Baseline points="462,2960 505,2958 549,2958 593,2957 637,2956 681,2955 724,2955 768,2954 812,2954 856,2953 900,2953 943,2952 987,2951 1031,2950 1075,2949 1119,2948 1162,2947 1206,2945 1250,2943 1294,2941 1338,2939"/>
                <TextEquiv>
                    <Unicode>ten Tuchern und Jacken, die von der Mutter¬</Unicode>
                </TextEquiv>
            </TextLine>
            <TextLine id="r1l136" custom="readingOrder {index:135;}">
                <Coords points="1348,2998 3100,2980 3132,2917 1347,2958"/>
                <Baseline points="1364,2995 1451,2992 1539,2990 1626,2988 1714,2986 1801,2985 1889,2984 1976,2983 2064,2983 2151,2982 2239,2981 2327,2981 2414,2980 2502,2979 2589,2978 2677,2977 2764,2975 2852,2973 2939,2970 3027,2967 3115,2963"/>
                <TextEquiv>
                    <Unicode>Himmel, aber schon tief gegen Süden, gleich= ten, traf ihr sterbender Blick die letzten Schat¬</Unicode>
                </TextEquiv>
            </TextLine>
            <TextLine id="r1l137" custom="readingOrder {index:136;}">
                <Coords points="446,3008 1355,2995 1354,2942 445,2958"/>
                <Baseline points="461,3004 504,3002 548,3000 592,2999 636,2998 680,2997 723,2996 767,2996 811,2995 855,2995 899,2995 942,2994 986,2994 1030,2993 1074,2993 1118,2992 1161,2990 1205,2989 1249,2987 1293,2985 1337,2983"/>
                <TextEquiv>
                    <Unicode>gottes in Mariazell lachend wieder in die</Unicode>
                </TextEquiv>
            </TextLine>
            <TextLine id="r1l138" custom="readingOrder {index:137;}">
                <Coords points="3119,3019 3142,3021 3162,3026 3168,3033 3185,3034 3190,2958 3170,2956 3147,2965 3144,2961 3140,2964 3123,2963"/>
                <Baseline points="3138,3013 3168,3015"/>
                <TextEquiv>
                    <Unicode>45</Unicode>
                </TextEquiv>
            </TextLine>
            <TextLine id="r1l139" custom="readingOrder {index:138;}">
                <Coords points="1353,3050 3125,3015 2318,2968 1353,3013"/>
                <Baseline points="1371,3036 1457,3034 1544,3032 1631,3031 1718,3029 1805,3028 1892,3027 1979,3027 2066,3026 2153,3025 2240,3025 2326,3024 2413,3023 2500,3023 2587,3022 2674,3020 2761,3019 2848,3017 2935,3015 3022,3013 3109,3010"/>
                <TextEquiv>
                    <Unicode>sam als wollte sie für dieses Jahr Abschied ten der verlöschenden Welt.“ „Dr. Gräsler,</Unicode>
                </TextEquiv>
            </TextLine>
            <TextLine id="r1l140" custom="readingOrder {index:139;}">
                <Coords points="444,3045 1297,3044 1346,3036 1345,2986 443,3005"/>
                <Baseline points="461,3051 504,3047 547,3045 591,3043 634,3041 678,3040 721,3039 764,3038 808,3038 851,3037 895,3037 938,3037 981,3037 1025,3037 1068,3036 1112,3036 1155,3035 1198,3034 1242,3033 1285,3030 1329,3028"/>
                <TextEquiv>
                    <Unicode>Heimat fuhren, Chausseen, Wälder, Wiesen</Unicode>
                </TextEquiv>
            </TextLine>
            <TextLine id="r1l141" custom="readingOrder {index:140;}">
                <Coords points="1342,3087 3183,3053 2930,3010 1341,3051"/>
                <Baseline points="1359,3080 1449,3079 1539,3077 1630,3076 1720,3075 1811,3073 1901,3072 1991,3071 2082,3069 2172,3068 2263,3067 2353,3066 2443,3064 2534,3063 2624,3062 2715,3061 2805,3060 2895,3059 2986,3058 3076,3057 3167,3057"/>
                <TextEquiv>
                    <Unicode>nehmen. Die letzte Kraft ihrer Strahlen Badearzt“: Ungefähr des Schicksals, mit </Unicode>
                </TextEquiv>
            </TextLine>
            <TextLine id="r1l142" custom="readingOrder {index:141;}">
                <Coords points="441,3094 1347,3075 1346,3032 1183,3019 440,3047"/>
                <Baseline points="459,3093 502,3090 546,3088 589,3086 633,3085 677,3083 720,3083 764,3082 807,3082 851,3081 895,3081 938,3080 982,3080 1025,3079 1069,3079 1113,3078 1156,3077 1200,3075 1243,3073 1287,3071 1331,3068"/>
                <TextEquiv>
                    <Unicode>mit Sauerampfer, Dorfstraßen, Kreuze, Wein¬</Unicode>
                </TextEquiv>
            </TextLine>
            <TextLine id="r1l143" custom="readingOrder {index:142;}">
                <Coords points="2230,3124 2479,3109 2552,3137 2711,3094 2754,3120 3109,3112 3142,3108 3141,3049 2229,3074"/>
                <Baseline points="2248,3114 2291,3113 2335,3112 2379,3111 2423,3111 2467,3110 2510,3109 2554,3109 2598,3108 2642,3108 2686,3107 2729,3107 2773,3106 2817,3105 2861,3104 2905,3103 2948,3101 2992,3099 3036,3098 3080,3095 3124,3093"/>
                <TextEquiv>
                    <Unicode>Schwermut empfunden, Passivität des Her¬</Unicode>
                </TextEquiv>
            </TextLine>
            <TextLine id="r1l144" custom="readingOrder {index:143;}">
                <Coords points="1357,3132 2240,3124 2238,3067 1356,3092"/>
                <Baseline points="1372,3126 1414,3125 1457,3123 1499,3122 1542,3121 1584,3120 1627,3119 1669,3118 1712,3117 1754,3116 1797,3115 1840,3114 1882,3114 1925,3113 1967,3112 2010,3111 2052,3111 2095,3110 2137,3110 2180,3109 2223,3109"/>
                <TextEquiv>
                    <Unicode>glänzte noch um manches Gestein und um die</Unicode>
                </TextEquiv>
            </TextLine>
            <TextLine id="r1l145" custom="readingOrder {index:144;}">
                <Coords points="452,3158 613,3127 1350,3122 1349,3075 450,3101"/>
                <Baseline points="469,3135 512,3134 555,3133 598,3132 642,3131 685,3129 728,3128 771,3127 815,3126 858,3125 901,3123 944,3123 988,3121 1031,3120 1074,3119 1117,3118 1161,3117 1204,3116 1247,3116 1290,3115 1334,3114"/>
                <TextEquiv>
                    <Unicode>gärten, der rußverzehrte Himmel von</Unicode>
                </TextEquiv>
            </TextLine>
            <TextLine id="r1l146" custom="readingOrder {index:145;}">
                <Coords points="3118,3143 3134,3146 3136,3150 3147,3148 3160,3168 3176,3171 3186,3123 3170,3119 3165,3111 3155,3109 3146,3101 3127,3097"/>
                <Baseline points="3134,3139 3164,3145"/>
                <TextEquiv>
                    <Unicode>s4</Unicode>
                </TextEquiv>
            </TextLine>
            <TextLine id="r1l147" custom="readingOrder {index:146;}">
                <Coords points="2233,3172 2834,3161 2906,3136 3066,3158 3135,3140 3135,3107 2232,3125"/>
                <Baseline points="2249,3163 2292,3161 2336,3159 2379,3158 2423,3156 2466,3154 2510,3153 2553,3152 2597,3151 2640,3150 2684,3150 2728,3149 2771,3148 2815,3147 2858,3146 2902,3145 2945,3144 2989,3143 3032,3142 3076,3141 3120,3140"/>
                <TextEquiv>
                    <Unicode>zens, Bitterkeit. „Fräulein Else“: eine Ago¬</Unicode>
                </TextEquiv>
            </TextLine>
            <TextLine id="r1l148" custom="readingOrder {index:147;}">
                <Coords points="1353,3182 2231,3155 2230,3115 2157,3104 1352,3132"/>
                <Baseline points="1368,3169 1410,3168 1452,3166 1495,3165 1537,3164 1579,3163 1622,3162 1664,3161 1706,3160 1749,3159 1791,3158 1833,3158 1876,3157 1918,3156 1960,3155 2003,3154 2045,3153 2087,3152 2130,3151 2172,3150 2215,3148"/>
                <TextEquiv>
                    <Unicode>bunten Farben des Gestrüpps an den Gestei¬</Unicode>
                </TextEquiv>
            </TextLine>
            <TextLine id="r1l149" custom="readingOrder {index:148;}">
                <Coords points="454,3180 1360,3162 1359,3115 454,3143"/>
                <Baseline points="472,3182 515,3178 559,3175 602,3173 646,3172 689,3170 733,3168 776,3168 820,3167 863,3166 907,3166 951,3165 994,3165 1038,3165 1081,3164 1125,3164 1168,3163 1212,3163 1255,3161 1299,3160 1343,3158"/>
                <TextEquiv>
                    <Unicode>Mährisch=Ostrau und Witkowitz, der rotgelbe</Unicode>
                </TextEquiv>
            </TextLine>
            <TextLine id="r1l150" custom="readingOrder {index:149;}">
                <Coords points="2241,3211 3137,3183 3136,3140 3060,3158 2903,3129 2838,3160 2240,3158"/>
                <Baseline points="2258,3204 2301,3203 2344,3202 2387,3200 2430,3199 2473,3198 2516,3197 2559,3196 2602,3196 2645,3195 2689,3193 2732,3193 2775,3192 2818,3191 2861,3190 2904,3189 2947,3187 2990,3186 3033,3185 3076,3183 3120,3181"/>
                <TextEquiv>
                    <Unicode>nie, ein Mädchenschrei, doch die Wälder sin¬</Unicode>
                </TextEquiv>
            </TextLine>
            <TextLine id="r1l151" custom="readingOrder {index:150;}">
                <Coords points="1359,3220 2232,3203 2230,3154 2157,3149 1358,3181"/>
                <Baseline points="1376,3213 1417,3213 1459,3211 1501,3210 1543,3209 1585,3208 1627,3207 1669,3206 1711,3205 1753,3204 1795,3202 1836,3201 1878,3201 1920,3200 1962,3199 2004,3198 2046,3197 2088,3196 2130,3196 2172,3195 2214,3195"/>
                <TextEquiv>
                    <Unicode>nen. Die Felder waren abgeerntet und unge¬</Unicode>
                </TextEquiv>
            </TextLine>
            <TextLine id="r1l152" custom="readingOrder {index:151;}">
                <Coords points="458,3226 1334,3204 1374,3227 1372,3144 1161,3181 457,3183"/>
                <Baseline points="474,3222 518,3222 562,3221 606,3221 650,3219 694,3219 738,3217 783,3216 827,3215 871,3214 915,3212 959,3212 1003,3210 1047,3210 1092,3209 1136,3208 1180,3207 1224,3207 1268,3207 1312,3207 1357,3207"/>
                <TextEquiv>
                    <Unicode>Naphthaschein von Trzebinja, die Morgen¬</Unicode>
                </TextEquiv>
            </TextLine>
            <TextLine id="r1l153" custom="readingOrder {index:152;}">
                <Coords points="2241,3259 2404,3244 2431,3267 2469,3226 2626,3265 2699,3233 3127,3248 3149,3184 2240,3209"/>
                <Baseline points="2259,3251 2302,3249 2346,3246 2389,3245 2433,3243 2477,3242 2520,3240 2564,3240 2608,3239 2651,3238 2695,3237 2739,3236 2782,3236 2826,3235 2870,3233 2913,3232 2957,3231 3001,3229 3044,3228 3088,3225 3132,3223"/>
                <TextEquiv>
                    <Unicode>gen um sie die Berge, die Sterne. „Traum¬</Unicode>
                </TextEquiv>
            </TextLine>
            <TextLine id="r1l154" custom="readingOrder {index:153;}">
                <Coords points="457,3266 2232,3244 2118,3195 456,3223"/>
                <Baseline points="474,3266 561,3263 648,3261 735,3258 822,3257 909,3255 996,3254 1083,3253 1170,3252 1257,3252 1345,3251 1432,3251 1519,3250 1606,3250 1693,3249 1780,3249 1867,3248 1954,3246 2041,3245 2128,3243 2216,3241"/>
                <TextEquiv>
                    <Unicode>dämmerung im dampfenden Flußtal der pflügt, sie lagen kahl den Hügeln und Hängen</Unicode>
                </TextEquiv>
            </TextLine>
            <TextLine id="r1l155" custom="readingOrder {index:154;}">
                <Coords points="2243,3293 3145,3288 3144,3248 3098,3236 2637,3255 2470,3225 2438,3256 2242,3253"/>
                <Baseline points="2258,3288 2301,3287 2344,3286 2388,3285 2431,3284 2475,3282 2518,3282 2562,3281 2605,3280 2649,3279 2692,3278 2735,3277 2779,3276 2822,3276 2866,3275 2909,3274 2953,3273 2996,3273 3040,3272 3083,3271 3127,3271"/>
                <TextEquiv>
                    <Unicode>novelle": Masken, Enthüllung im Traum,</Unicode>
                </TextEquiv>
            </TextLine>
            <TextLine id="r1l156" custom="readingOrder {index:155;}">
                <Coords points="452,3306 2128,3310 2237,3299 2237,3249 452,3263"/>
                <Baseline points="470,3313 557,3308 645,3305 732,3302 820,3299 907,3298 995,3297 1082,3296 1170,3296 1257,3296 1345,3296 1433,3296 1520,3296 1608,3296 1695,3295 1783,3294 1870,3293 1958,3290 2045,3288 2133,3284 2221,3279"/>
                <TextEquiv>
                    <Unicode>Waag, die Kathedrale von Gran, die Tier= entlang, nur die grünen Inseln der Winter¬</Unicode>
                </TextEquiv>
            </TextLine>
            <TextLine id="r1l157" custom="readingOrder {index:156;}">
                <Coords points="2238,3341 2965,3318 3005,3341 3144,3324 3143,3271 2237,3295"/>
                <Baseline points="2254,3334 2297,3333 2341,3332 2385,3331 2428,3330 2472,3329 2516,3328 2559,3327 2603,3326 2647,3325 2691,3324 2734,3323 2778,3322 2822,3321 2865,3320 2909,3319 2953,3318 2996,3317 3040,3316 3084,3316 3128,3315"/>
                <TextEquiv>
                    <Unicode>Schlaf und Vergessen, ohne Grenzen zerrin¬</Unicode>
                </TextEquiv>
            </TextLine>
            <TextLine id="r1l158" custom="readingOrder {index:157;}">
                <Coords points="456,3358 1869,3330 1838,3290 1516,3281 455,3308"/>
                <Baseline points="472,3351 544,3349 617,3348 689,3347 762,3345 834,3344 907,3343 980,3342 1052,3341 1125,3340 1197,3339 1270,3338 1342,3337 1415,3336 1488,3335 1560,3335 1633,3334 1705,3334 1778,3333 1851,3333"/>
                <TextEquiv>
                    <Unicode>börse im Pester Rathaus, wo ein Christo= saaten leuchteten hervor.“</Unicode>
                </TextEquiv>
            </TextLine>
            <TextLine id="r1l159" custom="readingOrder {index:158;}">
                <Coords points="2230,3388 2714,3357 3036,3379 3238,3330 3121,3305 2229,3348"/>
                <Baseline points="2247,3372 2295,3373 2344,3373 2393,3373 2442,3372 2491,3371 2539,3370 2588,3369 2637,3368 2686,3367 2735,3365 2783,3364 2832,3363 2881,3362 2930,3361 2979,3361 3027,3361 3076,3361 3125,3362 3174,3363 3223,3365"/>
                <TextEquiv>
                    <Unicode>nend Wirklichkeit und Unwirklichkeit. Ein</Unicode>
                </TextEquiv>
            </TextLine>
            <TextLine id="r1l160" custom="readingOrder {index:159;}">
                <Coords points="455,3411 726,3384 1264,3395 1370,3376 1369,3323 453,3358"/>
                <Baseline points="470,3394 514,3394 558,3394 602,3394 646,3394 690,3393 734,3392 778,3391 822,3390 866,3389 911,3388 955,3386 999,3385 1043,3384 1087,3383 1131,3381 1175,3380 1219,3379 1263,3378 1307,3377 1352,3376"/>
                <TextEquiv>
                    <Unicode>phorus mit bartlosem Niobidenantlitz den</Unicode>
                </TextEquiv>
            </TextLine>
            <TextLine id="r1l161" custom="readingOrder {index:160;}">
                <Coords points="1386,3437 2992,3431 3142,3361 1384,3391"/>
                <Baseline points="1403,3436 1489,3437 1575,3436 1661,3436 1747,3435 1833,3433 1919,3431 2006,3429 2092,3427 2178,3424 2264,3422 2350,3419 2436,3416 2522,3413 2609,3411 2695,3409 2781,3407 2867,3404 2953,3403 3039,3402 3126,3401"/>
                <TextEquiv>
                    <Unicode>In dieser österreichischen Literatur des Fatum überfällt die Offiziersexistenz des</Unicode>
                </TextEquiv>
            </TextLine>
            <TextLine id="r1l162" custom="readingOrder {index:161;}">
                <Coords points="459,3443 1266,3437 1371,3414 1371,3388 458,3404"/>
                <Baseline points="477,3441 520,3440 564,3438 608,3436 652,3435 696,3434 739,3433 783,3432 827,3431 871,3431 915,3430 958,3429 1002,3428 1046,3427 1090,3426 1134,3425 1177,3424 1221,3422 1265,3420 1309,3419 1353,3416"/>
                <TextEquiv>
                    <Unicode>Herrn der Welt tragt, Zigeunerbuben, die</Unicode>
                </TextEquiv>
            </TextLine>
            <TextLine id="r1l163" custom="readingOrder {index:162;}">
                <Coords points="1355,3488 3229,3431 1354,3445"/>
                <Baseline points="1371,3484 1463,3483 1555,3483 1647,3481 1739,3480 1831,3478 1923,3476 2015,3474 2107,3472 2199,3470 2291,3467 2383,3465 2475,3462 2567,3458 2659,3455 2751,3452 2843,3449 2935,3446 3027,3443 3119,3440 3212,3437"/>
                <TextEquiv>
                    <Unicode>Traumes, der Melancholie und der Zartheit, „Spiels im Morgengrauen“, wie, spörtisch ab¬##</Unicode>
                </TextEquiv>
            </TextLine>
            <TextLine id="r1l164" custom="readingOrder {index:163;}">
                <Coords points="453,3478 1169,3460 1372,3486 1371,3423 452,3455"/>
                <Baseline points="468,3485 512,3483 556,3481 601,3480 645,3478 689,3477 734,3476 778,3475 822,3474 867,3473 911,3472 955,3472 1000,3471 1044,3470 1088,3469 1133,3469 1177,3468 1221,3467 1266,3467 1310,3466 1355,3465"/>
                <TextEquiv>
                    <Unicode>nachts auf der Andrassystraße um Geld sich</Unicode>
                </TextEquiv>
            </TextLine>
            <TextLine id="r1l165" custom="readingOrder {index:164;}">
                <Coords points="1346,3538 3220,3493 3039,3438 1344,3488"/>
                <Baseline points="1361,3526 1453,3527 1545,3527 1637,3526 1729,3525 1821,3524 1913,3522 2006,3519 2098,3516 2190,3513 2282,3510 2374,3507 2466,3504 2558,3500 2651,3496 2743,3493 2835,3490 2927,3487 3019,3484 3111,3481 3204,3479"/>
                <TextEquiv>
                    <Unicode>des Moll, das sich von dem fordernden Dur gebogen, das im „Leutnant Gustl“ war. Diese #</Unicode>
                </TextEquiv>
            </TextLine>
            <TextLine id="r1l166" custom="readingOrder {index:165;}">
                <Coords points="451,3517 558,3544 1373,3502 1372,3469 1282,3461 450,3484"/>
                <Baseline points="468,3528 512,3526 556,3525 601,3523 645,3522 690,3521 734,3520 778,3519 823,3518 867,3517 912,3516 956,3515 1000,3514 1045,3513 1089,3512 1134,3511 1178,3510 1222,3509 1267,3508 1311,3507 1356,3506"/>
                <TextEquiv>
                    <Unicode>rauften, die Ziehbrunnen, die. Pferdeweiden</Unicode>
                </TextEquiv>
            </TextLine>
            <TextLine id="r1l167" custom="readingOrder {index:166;}">
                <Coords points="460,3583 1369,3561 1341,3509 459,3523"/>
                <Baseline points="476,3568 519,3567 563,3566 607,3565 651,3564 695,3563 738,3561 782,3560 826,3559 870,3558 914,3557 957,3556 1001,3555 1045,3554 1089,3553 1133,3552 1176,3551 1220,3550 1264,3549 1308,3549 1352,3548"/>
                <TextEquiv>
                    <Unicode>der ungarischen Ebene, die flatternden Nebel</Unicode>
                </TextEquiv>
            </TextLine>
            <TextLine id="r1l168" custom="readingOrder {index:167;}">
                <Coords points="457,3619 3141,3489 455,3566"/>
                <Baseline points="474,3610 606,3607 739,3604 871,3600 1004,3595 1137,3591 1269,3586 1402,3580 1535,3575 1667,3570 1800,3565 1933,3560 2065,3555 2198,3550 2331,3546 2463,3542 2596,3538 2729,3536 2861,3533 2994,3531 3127,3530"/>
                <TextEquiv>
                    <Unicode>im Karstaeröll und der erste Schimmer des des Nordens unterscheidet, schreibt 1894 ein verfeinerte, immer wieder nuancierte Prosa,</Unicode>
                </TextEquiv>
            </TextLine>
            <TextLine id="r1l169" custom="readingOrder {index:168;}">
                <Coords points="3135,3578 3161,3577 3164,3573 3171,3576 3177,3572 3188,3582 3191,3578 3211,3577 3209,3538 3189,3539 3179,3533 3166,3543 3152,3531 3132,3532"/>
                <Baseline points="3150,3574 3194,3572"/>
                <TextEquiv>
                    <Unicode>9</Unicode>
                </TextEquiv>
            </TextLine>
            <TextLine id="r1l170" custom="readingOrder {index:169;}">
                <Coords points="1361,3621 3130,3597 3095,3531 1360,3578"/>
                <Baseline points="1378,3614 1464,3613 1551,3611 1637,3609 1724,3607 1811,3605 1897,3603 1984,3600 2071,3598 2157,3595 2244,3592 2331,3590 2417,3587 2504,3584 2591,3582 2677,3580 2764,3578 2851,3576 2937,3574 3024,3573 3111,3572"/>
                <TextEquiv>
                    <Unicode>Wiener Autor den Beginn einer Novelle nie= sie ist Kulturerbe, ist deutsche Gegenwart und</Unicode>
                </TextEquiv>
            </TextLine>
            <TextLine id="r1l171" custom="readingOrder {index:170;}">
                <Coords points="1353,3670 2829,3632 2807,3580 1351,3620"/>
                <Baseline points="1369,3658 1441,3658 1513,3657 1585,3656 1657,3655 1729,3654 1801,3652 1874,3651 1946,3649 2018,3646 2090,3644 2162,3642 2234,3639 2306,3637 2379,3635 2451,3632 2523,3629 2595,3628 2667,3625 2739,3624 2812,3622"/>
                <TextEquiv>
                    <Unicode>der: „Die Dämmerung nahte schon, und Ma= österreichische Vergangenheit.</Unicode>
                </TextEquiv>
            </TextLine>
            <TextLine id="r1l172" custom="readingOrder {index:171;}">
                <Coords points="459,3661 1385,3640 1363,3577 1158,3608 458,3618"/>
                <Baseline points="474,3654 518,3652 563,3650 608,3649 652,3647 697,3646 742,3645 786,3644 831,3643 876,3643 921,3642 965,3641 1010,3641 1055,3640 1099,3639 1144,3639 1189,3638 1233,3637 1278,3636 1323,3635 1368,3634"/>
                <TextEquiv>
                    <Unicode>sonnenbeglänzten Küste, der Glockensturm der</Unicode>
                </TextEquiv>
            </TextLine>
            <TextLine id="r1l173" custom="readingOrder {index:172;}">
                <Coords points="461,3697 1327,3693 1373,3683 1372,3640 460,3657"/>
                <Baseline points="479,3697 525,3695 571,3694 617,3692 664,3691 710,3690 756,3689 802,3689 849,3688 895,3687 941,3686 987,3685 1034,3684 1080,3684 1126,3683 1172,3682 1219,3681 1265,3680 1311,3679 1358,3677"/>
                <TextEquiv>
                    <Unicode>Sankt Veits=Prozession im engsten Fiume, wo</Unicode>
                </TextEquiv>
            </TextLine>
            <TextLine id="r1l174" custom="readingOrder {index:173;}">
                <Coords points="1366,3753 3124,3709 3135,3619 1364,3683"/>
                <Baseline points="1383,3727 1469,3725 1556,3721 1643,3719 1730,3716 1817,3714 1903,3712 1990,3709 2077,3707 2164,3705 2251,3703 2337,3701 2424,3699 2511,3696 2598,3694 2685,3692 2771,3689 2858,3687 2945,3684 3032,3680 3119,3677"/>
                <TextEquiv>
                    <Unicode>naengemen</Unicode>
                </TextEquiv>
            </TextLine>
            <TextLine id="r1l175" custom="readingOrder {index:174;}">
                <Coords points="459,3733 609,3760 655,3733 1368,3724 1367,3681 459,3697"/>
                <Baseline points="477,3741 520,3740 564,3739 608,3738 652,3736 695,3735 739,3734 783,3733 827,3732 870,3731 914,3730 958,3729 1002,3729 1045,3728 1089,3727 1133,3726 1177,3726 1220,3725 1264,3724 1308,3723 1352,3723"/>
                <TextEquiv>
                    <Unicode>sie ihre grellen Teppiche über die Balkone</Unicode>
                </TextEquiv>
            </TextLine>
            <TextLine id="r1l176" custom="readingOrder {index:175;}">
                <Coords points="454,3785 1366,3780 1365,3727 453,3729"/>
                <Baseline points="470,3787 514,3783 558,3780 602,3778 646,3776 690,3775 734,3774 778,3773 822,3773 866,3772 910,3772 954,3772 998,3772 1042,3772 1086,3771 1130,3771 1174,3770 1218,3770 1262,3768 1306,3767 1350,3764"/>
                <TextEquiv>
                    <Unicode>legten, die silbrigen Furchen auf dem Schnse¬</Unicode>
                </TextEquiv>
            </TextLine>
            <TextLine id="r1l177" custom="readingOrder {index:176;}">
                <Coords points="460,3827 1373,3824 1372,3774 460,3784"/>
                <Baseline points="477,3830 523,3827 569,3825 615,3823 662,3821 708,3820 754,3818 800,3818 847,3817 893,3817 939,3816 985,3816 1032,3815 1078,3815 1124,3815 1170,3814 1217,3813 1263,3812 1309,3811 1356,3809"/>
                <TextEquiv>
                    <Unicode>gipfel der Raxalpe, die lyrisch sauften Kontu¬</Unicode>
                </TextEquiv>
            </TextLine>
            <TextLine id="r1l178" custom="readingOrder {index:177;}">
                <Coords points="460,3864 1153,3882 1372,3858 1371,3811 459,3814"/>
                <Baseline points="475,3871 519,3869 563,3868 607,3867 651,3866 695,3865 739,3864 783,3863 827,3862 871,3861 915,3860 959,3860 1003,3859 1047,3858 1091,3858 1135,3857 1179,3857 1223,3856 1267,3856 1311,3855 1355,3855"/>
                <TextEquiv>
                    <Unicode>ren der Hügel um Neustift und Pötzleinsdorf,</Unicode>
                </TextEquiv>
            </TextLine>
            <TextLine id="r1l179" custom="readingOrder {index:178;}">
                <Coords points="2519,3899 3226,3892 3223,3796 3200,3789 3012,3821 2958,3795 2843,3835 2772,3800 2703,3835 2640,3813 2517,3832"/>
                <Baseline points="2534,3868 2567,3875 2601,3880 2635,3884 2669,3886 2702,3886 2736,3886 2770,3884 2804,3882 2837,3880 2871,3876 2905,3874 2939,3871 2972,3869 3006,3867 3040,3866 3074,3866 3107,3867 3141,3869 3175,3873 3209,3879"/>
                <TextEquiv>
                    <Unicode>englischeuff</Unicode>
                </TextEquiv>
            </TextLine>
            <TextLine id="r1l180" custom="readingOrder {index:179;}">
                <Coords points="1387,3933 1918,3931 2003,3889 2170,3921 2218,3879 2402,3911 2470,3876 2469,3819 2101,3860 2054,3831 1882,3863 1795,3832 1697,3865 1659,3832 1544,3866 1384,3840"/>
                <Baseline points="1401,3905 1453,3906 1506,3906 1559,3907 1611,3907 1664,3907 1717,3907 1769,3906 1822,3906 1875,3905 1928,3904 1980,3902 2033,3900 2086,3898 2138,3896 2191,3893 2244,3890 2296,3886 2349,3882 2402,3878 2455,3873"/>
                <TextEquiv>
                    <Unicode>Die Tragödie der</Unicode>
                </TextEquiv>
            </TextLine>
            <TextLine id="r1l181" custom="readingOrder {index:180;}">
                <Coords points="461,3905 1340,3908 1373,3897 1373,3838 1270,3863 461,3865"/>
                <Baseline points="479,3913 522,3912 566,3912 610,3911 654,3910 698,3909 742,3909 785,3908 829,3907 873,3907 917,3906 961,3906 1005,3905 1049,3905 1092,3904 1136,3903 1180,3903 1224,3902 1268,3901 1312,3899 1356,3898"/>
                <TextEquiv>
                    <Unicode>der bucklige Geiger in Sievering, der unter</Unicode>
                </TextEquiv>
            </TextLine>
            <TextLine id="r1l182" custom="readingOrder {index:181;}">
                <Coords points="459,3944 815,3979 1372,3950 1371,3900 459,3905"/>
                <Baseline points="475,3956 519,3954 563,3953 607,3952 651,3951 695,3950 739,3949 783,3949 827,3949 871,3948 915,3948 959,3948 1003,3947 1047,3947 1091,3946 1135,3946 1179,3945 1223,3943 1267,3941 1311,3940 1355,3937"/>
                <TextEquiv>
                    <Unicode>dem blaugrünen Schwindschen Tor seine Länd¬</Unicode>
                </TextEquiv>
            </TextLine>
            <TextLine id="r1l183" custom="readingOrder {index:182;}">
                <Coords points="470,4013 513,4023 553,3992 573,4005 603,3998 669,4013 686,3996 712,4006 755,4002 755,3962 695,3963 668,3950 592,3962 575,3952 549,3969 469,3950"/>
                <Baseline points="485,4000 510,4001 535,4002 560,4002 585,4001 611,4000 636,3999 661,3998 686,3998 711,3998 737,3999"/>
                <TextEquiv>
                    <Unicode>ler spielte...</Unicode>
                </TextEquiv>
            </TextLine>
            <TextLine id="r1l184" custom="readingOrder {index:183;}">
                <Coords points="501,4074 577,4049 859,4072 961,4040 1313,4055 1312,3986 864,3975 500,4014"/>
                <Baseline points="517,4044 558,4044 599,4043 640,4043 681,4043 722,4042 763,4041 804,4041 845,4040 886,4039 927,4039 968,4038 1009,4037 1050,4037 1091,4036 1132,4035 1173,4035 1214,4035 1255,4034 1296,4034"/>
                <TextEquiv>
                    <Unicode>Bilder steigen auf — und verblassen.</Unicode>
                </TextEquiv>
            </TextLine>
            <TextLine id="r1l185" custom="readingOrder {index:184;}">
                <Coords points="1949,4088 2191,4099 2300,4067 2341,4092 2403,4078 2497,4099 2523,4071 2566,4074 2565,4034 2505,4012 2452,4037 2422,4014 2233,4032 2203,4013 2186,4030 2156,4007 1948,4032"/>
                <Baseline points="1964,4079 1993,4078 2022,4077 2051,4075 2080,4074 2110,4074 2139,4073 2168,4072 2197,4071 2226,4071 2256,4070 2285,4070 2314,4069 2343,4068 2372,4068 2402,4067 2431,4067 2460,4066 2489,4065 2518,4065 2548,4064"/>
                <TextEquiv>
                    <Unicode>Materin.</Unicode>
                </TextEquiv>
            </TextLine>
            <TextLine id="r1l186" custom="readingOrder {index:185;}">
                <Coords points="504,4144 558,4170 1384,4140 1383,4097 1300,4082 504,4098"/>
                <Baseline points="520,4147 562,4147 604,4146 647,4146 689,4146 731,4145 774,4145 816,4144 858,4144 901,4144 943,4143 985,4143 1028,4142 1070,4142 1112,4141 1155,4140 1197,4140 1239,4139 1282,4138 1324,4137 1367,4137"/>
                <TextEquiv>
                    <Unicode>In diesem Reiche der vielen Völker hatten</Unicode>
                </TextEquiv>
            </TextLine>
            <TextLine id="r1l187" custom="readingOrder {index:186;}">
                <Coords points="1751,4193 2776,4182 2774,4119 2700,4079 2007,4124 1748,4103"/>
                <Baseline points="1769,4190 1818,4191 1868,4191 1917,4191 1967,4191 2016,4190 2066,4189 2115,4188 2165,4186 2214,4184 2264,4182 2313,4180 2363,4178 2412,4175 2462,4173 2511,4170 2561,4168 2610,4165 2660,4163 2709,4161 2759,4159"/>
                <TextEquiv>
                    <Unicode>Prozeß gegen Francois Pinet.</Unicode>
                </TextEquiv>
            </TextLine>
            <TextLine id="r1l188" custom="readingOrder {index:187;}">
                <Coords points="465,4185 1218,4197 1393,4173 1393,4137 464,4152"/>
                <Baseline points="481,4194 525,4192 570,4192 615,4191 660,4190 705,4189 749,4189 794,4188 839,4188 884,4187 929,4186 973,4186 1018,4185 1063,4184 1108,4183 1153,4182 1197,4181 1242,4179 1287,4177 1332,4175 1377,4173"/>
                <TextEquiv>
                    <Unicode>die deutschen Länder stets mit dem anderen</Unicode>
                </TextEquiv>
            </TextLine>
            <TextLine id="r1l189" custom="readingOrder {index:188;}">
                <Coords points="3099,4213 3116,4210 3129,4193 3141,4201 3160,4197 3147,4135 3124,4140 3122,4144 3118,4141 3110,4153 3087,4158"/>
                <Baseline points="3115,4207 3143,4201"/>
                <TextEquiv>
                    <Unicode>„</Unicode>
                </TextEquiv>
            </TextLine>
            <TextLine id="r1l190" custom="readingOrder {index:189;}">
                <Coords points="1201,4242 1218,4240 1225,4246 1231,4238 1288,4238 1300,4230 1311,4236 1325,4217 1338,4212 1391,4209 1387,4173 1367,4172 1348,4188 1269,4190 1251,4182 1196,4196"/>
                <Baseline points="1218,4229 1244,4225 1270,4222 1297,4219 1323,4216 1349,4213 1376,4210"/>
                <TextEquiv>
                    <Unicode>Kunge¬</Unicode>
                </TextEquiv>
            </TextLine>
            <TextLine id="r1l191" custom="readingOrder {index:190;}">
                <Coords points="523,4247 543,4249 546,4245 549,4248 558,4237 565,4237 579,4246 592,4241 598,4234 602,4237 625,4235 622,4199 605,4200 595,4194 585,4199 568,4200 565,4204 558,4198 542,4206 519,4204"/>
                <Baseline points="538,4234 573,4228 608,4228"/>
                <TextEquiv>
                    <Unicode>Selitick</Unicode>
                </TextEquiv>
            </TextLine>
            <TextEquiv>
                <Unicode>box 38/2
2. Cuttings
26. Jänne
DER TAO
Wien, Sonntag
Nr. 2505
Interesse sofort dem Manne zu, der mit ihr
BEI TAG bequeme Sitzgelegenheit
soeben gesprochen hatte. Auch er war in dem
Café nicht bekannt, aber ein Mann — mit dem
BEI NACHT behagliches Bett
konnte man sprechen, der würde, wenn man

taktvoll war, vielleicht etwas verraten, etwas
Eigene Erzeugung und billiger Verkauf bester Qualltäts¬
erzählen über das geheimnisvolle Wesen, das
waren in der Sternenbett-Fabrik
den Abend rauchend und starrend verbracht
V
I., SCHOTTENRING 1Z
hatte.
Aber man brauchte nicht taktvoll zu sein, um
die Neugierde befriedigt zu sehen, denn der
rie erhob sich von der Bank, auf der sie eine #
Grillparzer war auch Ferdinand Raimund,
Herr in Abendtoilette richtete selbst das Wort
halbe Stunde lang gesessen hatte, anfangs in
den er liebte wie einen verwilderten Bruder:
an die Anwesenden:
ihrem Buche lesend, dann aber den Blick auf
„Das Ernste ist in Ihnen bloß bildhafte Me¬
„Verehrte Damen und Herren“, begann er,
3
den Eingang der Allee gerichtet, durch die
lancholie; wie Sie es nach außen darzustellen
„die Dame, die soeben das Café verließ, fesselte,
Felix zu kommen pflegte. Sonst ließ er nicht
suchen, zerfließt es in unkörperliche Luft. Im
0
wie sie mir sagte, Ihrer aller Aufmerksamkeit.
lange auf sich warten. Es war etwas kühler
Komischen haben Sie mehr Freiheit und gs¬
Zu meinem Bedauern werde ich Sie in man¬
geworden, dabei aber hatte die Luft noch die
winnen Gestalten.“
2
cher Hinsicht enttäuschen müssen, denn sie hat
Österreichisch waren Nestroys diabolischer Milde des entschwindenden Maitages.“ Die
mir strenge Verhaltungsmaßregeln gegeben.
15
Novelle ist „Sterben“, der Autor ist Artur
#
Witz, der das Volk einer Stadt repräsentierte
Sie wünscht ihr Inkognito zu wahren. Sie hat
Schnitzler. Es ist die psychologische Kunst einer
und in dem so viel kindliche Freude an der
mir jedoch erlaubt, Ihnen eine Eigenheit von
anderen Generation, von hellerem Bewußt¬
Harlekinade sich austobt, und der „malkon¬
ihr zu erzählen, und zwar diese: Sie raucht
sein. Aber in Liebe und Tod sucht sie das Ge¬
tente“ Hofvat Bauernfeld. Österreichisch war
eine Zigarette von ausgezeichneter Qualität!
v.
heimnis.
in Grillparzer das Zaudern des „ewigen
Es ist ein neues Fabrikat, Smaragda“ ge¬
6
Sie wandelt das Rätsel der Seele ab in der
Bräutigams“, der „Schmerz eines verfehlten
nannt. Sie hat eine Schachtel zurückgelassen,
Lüge der Sinne, der Frau Berta Garlan er¬
Daseins“, die „falsche Scham“, das Fliehen
damit Sie die Marke kennenlernen können.
liegt, in dem Hohn, der über dem blinden
vor dem Leben, das Verstummen. Österrei¬
Binnen kurzer Zeit wird sie in jedem renom¬
Geronimo und seinem Bruder, den Bettlern, P#
„Inno¬
chisch war die Wehmut von Saars
mierten Zigarrengeschäft erhältlich sein!“
waltet, in dem bizarren Fluch der „Weis¬
zenz“ und war sein „Steinklopfer“, den er
Und mit einer schnellen Verbeugung verließ
2
sagung“ und des „Schicksals des Freiherrn
schrieb, von Buchenwipfeln umrauscht:
auch der Fremdling das Café.
*
von Leisenbogh“ und in der Vorstadttragik des
„Schmetterlinge setzen sich auf meine Schul¬
„Neuen Liedes“ Sie bestimmt das Ende des
tern; rings ertönen Vogelstimmen und dabei
4
„Mörders“: „Und als er auf dem Boden lag
blickt mein Auge übers Papier weg auf die
K
Die Geele Oesterreichs.
und etwas Dunkles über ihn sich beugte, ihn
glitzernde Mur und ihre Augen. Meine Seele
umschloß, ihn nicht mehr lassen wollte, für sie,
ist so still, so ruhig, jede Bangigkeit, jede Be¬
Von Paul Wiegler.
sorgnis ist verschwunden, und eine selige Er= zu ihr ins Nichts entschwand, nach dem er sich
Die in Wien erscheinende ausgezeich¬
habenheit, die mich auf hehren Schwingen über lange gesehnt hatte.“ Rätsel der Seele ist, mit 2#
nete Zeitschrift „Roman=Rundschau“ zu
einer leisen Ironie, das visionäre Erschauern
die Erde und ihre Geschicke hinaus trägt, hat
deren Mitarbeitern unter anderen

im „Tagebuch der Redogonda“. „Frau Beate
mich überkommen.“ Österreichisch war die
Upton Sinclair, Jack London, Wasser¬
und ihr Sohn“: „Wirrheit eines Tages, der
Naturnähe Franz Stelzhamers, des Dichters
mann, Wells gehören, bringt in aller¬
25
voll Rätsel war, und verführerisches Vor¬
nächster Zeit ein Schnitzler=Heft heraus.
aus Weinbeiseln Oberösterreichs, und Anzen¬
gefühl der ewigen Nacht.“ „Verstehend, ver¬
In ihm wird auch dieser wertvolle Auf¬
grubers. Der österreichische Hofrat Adalbert
zeihend, erlöst schloß er die Augen; die ihren
satz erscheinen:
Stifter ist der Verfasser des „Nachsommers“
aber faßten noch einmal die in drohendem
des friedvoll=großen Romans aus dem Rosen¬
Bilder steigen auf, ein Reich, das war:
Dämmer aufsteigenden grauen Ufer, und eheiß
haus, in dem viele Seiten sind mit Sätzen wie
mährische Bauern und Bäuerinnen mit bestick¬
diesen: „Die Sonne stand an dem wolkenlosen die lauen Wellen sich zwischen die Lider dräng¬
ten Tuchern und Jacken, die von der Mutter¬
Himmel, aber schon tief gegen Süden, gleich= ten, traf ihr sterbender Blick die letzten Schat¬
gottes in Mariazell lachend wieder in die
45
sam als wollte sie für dieses Jahr Abschied ten der verlöschenden Welt.“ „Dr. Gräsler,
Heimat fuhren, Chausseen, Wälder, Wiesen
nehmen. Die letzte Kraft ihrer Strahlen Badearzt“: Ungefähr des Schicksals, mit 
mit Sauerampfer, Dorfstraßen, Kreuze, Wein¬
Schwermut empfunden, Passivität des Her¬
glänzte noch um manches Gestein und um die
gärten, der rußverzehrte Himmel von
s4
zens, Bitterkeit. „Fräulein Else“: eine Ago¬
bunten Farben des Gestrüpps an den Gestei¬
Mährisch=Ostrau und Witkowitz, der rotgelbe
nie, ein Mädchenschrei, doch die Wälder sin¬
nen. Die Felder waren abgeerntet und unge¬
Naphthaschein von Trzebinja, die Morgen¬
gen um sie die Berge, die Sterne. „Traum¬
dämmerung im dampfenden Flußtal der pflügt, sie lagen kahl den Hügeln und Hängen
novelle": Masken, Enthüllung im Traum,
Waag, die Kathedrale von Gran, die Tier= entlang, nur die grünen Inseln der Winter¬
Schlaf und Vergessen, ohne Grenzen zerrin¬
börse im Pester Rathaus, wo ein Christo= saaten leuchteten hervor.“
nend Wirklichkeit und Unwirklichkeit. Ein
phorus mit bartlosem Niobidenantlitz den
In dieser österreichischen Literatur des Fatum überfällt die Offiziersexistenz des
Herrn der Welt tragt, Zigeunerbuben, die
Traumes, der Melancholie und der Zartheit, „Spiels im Morgengrauen“, wie, spörtisch ab¬##
nachts auf der Andrassystraße um Geld sich
des Moll, das sich von dem fordernden Dur gebogen, das im „Leutnant Gustl“ war. Diese #
rauften, die Ziehbrunnen, die. Pferdeweiden
der ungarischen Ebene, die flatternden Nebel
im Karstaeröll und der erste Schimmer des des Nordens unterscheidet, schreibt 1894 ein verfeinerte, immer wieder nuancierte Prosa,
9
Wiener Autor den Beginn einer Novelle nie= sie ist Kulturerbe, ist deutsche Gegenwart und
der: „Die Dämmerung nahte schon, und Ma= österreichische Vergangenheit.
sonnenbeglänzten Küste, der Glockensturm der
Sankt Veits=Prozession im engsten Fiume, wo
naengemen
sie ihre grellen Teppiche über die Balkone
legten, die silbrigen Furchen auf dem Schnse¬
gipfel der Raxalpe, die lyrisch sauften Kontu¬
ren der Hügel um Neustift und Pötzleinsdorf,
englischeuff
Die Tragödie der
der bucklige Geiger in Sievering, der unter
dem blaugrünen Schwindschen Tor seine Länd¬
ler spielte...
Bilder steigen auf — und verblassen.
Materin.
In diesem Reiche der vielen Völker hatten
Prozeß gegen Francois Pinet.
die deutschen Länder stets mit dem anderen
„
Kunge¬
Selitick</Unicode>
            </TextEquiv>
        </TextRegion>
    </Page>
</PcGts>
