<?xml version="1.0" encoding="UTF-8" standalone="yes"?>
<PcGts xmlns="http://schema.primaresearch.org/PAGE/gts/pagecontent/2013-07-15" xmlns:xsi="http://www.w3.org/2001/XMLSchema-instance" xsi:schemaLocation="http://schema.primaresearch.org/PAGE/gts/pagecontent/2013-07-15 http://schema.primaresearch.org/PAGE/gts/pagecontent/2013-07-15/pagecontent.xsd">
    <Metadata>
        <Creator>prov=University of Rostock/Institute of Mathematics/CITlab/Gundram Leifert/gundram.leifert@uni-rostock.de:name=ONB_Newseye_GT_M1+(htr_id=10810)::::v=2.4.2
prov=University of Rostock/Institute of Mathematics/CITlab/Tobias Gruening/tobias.gruening@uni-rostock.de:name=de.uros.citlab.module.baseline2polygon.B2PSeamMultiOriented:v=2.4.2
prov=University of Rostock/Institute of Mathematics/CITlab/Tobias Gruening/tobias.gruening@uni-rostock.de:name=/mnt/transkribus/LA/DEA/URO/LA_news_onb_att.pb:de.uros.citlab.segmentation.CITlab_LA_ML:v=2.4.2
Transkribus</Creator>
        <Created>2019-10-07T15:18:40.754+02:00</Created>
        <LastChange>2019-10-09T01:22:50.790+02:00</LastChange>
        <TranskribusMetadata docId="224261" pageId="9516130" pageNr="52" tsid="16618405" status="IN_PROGRESS" userId="40391" imgUrl="https://files.transkribus.eu/Get?id=IOVCJHEKMVJDBOGETUNFOJUA&amp;fileType=view" xmlUrl="https://files.transkribus.eu/Get?id=XROGJMGEQABNCEQOZNKPRKNN" imageId="6204236"/>
    </Metadata>
    <Page imageFilename="224261_0052.jpeg" imageWidth="3296" imageHeight="4384">
        <ReadingOrder>
            <OrderedGroup id="ro_1711443186127" caption="Regions reading order">
                <RegionRefIndexed index="0" regionRef="r1"/>
                <RegionRefIndexed index="1" regionRef="r2"/>
                <RegionRefIndexed index="2" regionRef="r3"/>
            </OrderedGroup>
        </ReadingOrder>
        <TextRegion orientation="0.0" id="r1" custom="readingOrder {index:0;}">
            <Coords points="117,3027 117,3179 179,3179 179,3027"/>
            <TextLine id="r1l1" custom="readingOrder {index:0;}">
                <Coords points="106,3139 131,3138 140,3144 148,3137 152,3141 159,3139 171,3130 180,3138 190,3138 189,3096 178,3096 172,3090 164,3092 159,3088 147,3097 136,3091 128,3091 123,3096 117,3092 104,3094"/>
                <Baseline points="117,3129 148,3129 179,3127"/>
                <TextEquiv>
                    <Unicode>nis</Unicode>
                </TextEquiv>
            </TextLine>
            <TextEquiv>
                <Unicode>nis</Unicode>
            </TextEquiv>
        </TextRegion>
        <TextRegion orientation="0.0" id="r2" custom="readingOrder {index:1;}">
            <Coords points="134,293 134,3861 1382,3861 1382,293"/>
            <TextLine id="r2l1" custom="readingOrder {index:0;}">
                <Coords points="871,333 965,329 1020,344 1081,315 1117,339 1157,324 1276,342 1320,328 1321,275 1261,255 1124,263 1092,284 1035,266 990,285 872,267"/>
                <Baseline points="882,317 907,315 932,315 957,315 982,315 1007,315 1033,315 1058,316 1083,316 1108,317 1133,317 1158,318 1184,318 1209,318 1234,318 1259,318 1284,317 1310,316"/>
                <TextEquiv>
                    <Unicode>box 38/2</Unicode>
                </TextEquiv>
            </TextLine>
            <TextLine id="r2l2" custom="readingOrder {index:1;}">
                <Coords points="124,335 266,334 311,365 716,355 717,296 644,266 586,284 511,257 447,256 428,274 312,263 232,299 170,266 125,272"/>
                <Baseline points="134,318 162,322 191,326 219,329 248,332 277,334 305,336 334,337 362,338 391,339 420,339 448,339 477,339 505,339 534,339 563,338 591,338 620,337 648,337 677,336 706,336"/>
                <TextEquiv>
                    <Unicode>2. Cuttings</Unicode>
                </TextEquiv>
            </TextLine>
            <TextLine id="r2l3" custom="readingOrder {index:2;}">
                <Coords points="185,2374 1362,2373 1361,2316 1234,2307 185,2330"/>
                <Baseline points="195,2366 252,2366 310,2366 368,2366 426,2365 484,2364 542,2363 599,2362 657,2361 715,2360 773,2359 831,2358 889,2358 947,2357 1004,2356 1062,2356 1120,2355 1178,2355 1236,2355 1294,2355 1352,2356"/>
                <TextEquiv>
                    <Unicode>näher stehen, und in denen er sich unmittelbarer durch den</Unicode>
                </TextEquiv>
            </TextLine>
            <TextLine id="r2l4" custom="readingOrder {index:3;}">
                <Coords points="191,2421 1355,2404 1354,2368 1251,2362 190,2373"/>
                <Baseline points="202,2414 259,2414 316,2414 373,2414 430,2413 487,2413 544,2412 601,2412 658,2411 715,2410 773,2409 830,2409 887,2408 944,2407 1001,2407 1058,2406 1115,2406 1172,2405 1229,2405 1286,2405 1344,2406"/>
                <TextEquiv>
                    <Unicode>Mund einer seiner Figuren aussprechen konnte, wogegen er</Unicode>
                </TextEquiv>
            </TextLine>
            <TextLine id="r2l5" custom="readingOrder {index:4;}">
                <Coords points="189,2481 1359,2455 1358,2421 1271,2409 188,2424"/>
                <Baseline points="199,2465 256,2464 314,2463 371,2462 429,2461 486,2460 544,2459 601,2459 659,2458 716,2458 774,2457 831,2457 889,2456 946,2456 1004,2456 1061,2455 1119,2455 1176,2454 1234,2454 1291,2454 1349,2453"/>
                <TextEquiv>
                    <Unicode>sich als Erzähler strengere Zurückhaltung auferlegte und seiner</Unicode>
                </TextEquiv>
            </TextLine>
            <TextLine id="r2l6" custom="readingOrder {index:5;}">
                <Coords points="195,2527 1363,2499 1362,2468 1089,2454 194,2482"/>
                <Baseline points="205,2514 262,2513 319,2511 377,2510 434,2509 492,2508 549,2508 606,2507 664,2507 721,2506 779,2506 836,2505 893,2505 951,2505 1008,2504 1066,2503 1123,2503 1180,2502 1238,2501 1295,2500 1353,2498"/>
                <TextEquiv>
                    <Unicode>guten Erziehung in der Schule Flauberts auch dadurch Ehre</Unicode>
                </TextEquiv>
            </TextLine>
            <TextLine id="r2l7" custom="readingOrder {index:6;}">
                <Coords points="181,2568 1313,2563 1364,2516 181,2532"/>
                <Baseline points="191,2560 249,2559 307,2559 365,2558 423,2557 481,2557 539,2556 597,2556 655,2555 713,2555 772,2554 830,2554 888,2553 946,2553 1004,2552 1062,2552 1120,2551 1178,2550 1236,2550 1294,2549 1353,2548"/>
                <TextEquiv>
                    <Unicode>machte, daß er Allgemeinheiten in den erzählenden Bericht</Unicode>
                </TextEquiv>
            </TextLine>
            <TextLine id="r2l8" custom="readingOrder {index:7;}">
                <Coords points="190,2606 1254,2617 1366,2558 190,2566"/>
                <Baseline points="200,2607 257,2605 315,2605 373,2603 431,2603 489,2602 546,2602 604,2601 662,2601 720,2601 778,2601 835,2600 893,2600 951,2600 1009,2600 1067,2600 1124,2600 1182,2600 1240,2599 1298,2599 1356,2598"/>
                <TextEquiv>
                    <Unicode>einzuflechten beinahe ängstlich vermied. Im Drama ergaben</Unicode>
                </TextEquiv>
            </TextLine>
            <TextLine id="r2l9" custom="readingOrder {index:8;}">
                <Coords points="203,2657 1185,2660 1364,2642 1364,2600 202,2612"/>
                <Baseline points="214,2656 271,2654 328,2653 385,2651 442,2650 499,2650 556,2649 613,2649 670,2649 727,2648 784,2648 841,2648 898,2648 955,2648 1012,2648 1069,2648 1126,2647 1183,2647 1240,2646 1297,2645 1354,2643"/>
                <TextEquiv>
                    <Unicode>sie sich von selbst überall dort, wo der in der Schule des</Unicode>
                </TextEquiv>
            </TextLine>
            <TextLine id="r2l10" custom="readingOrder {index:9;}">
                <Coords points="191,2699 1222,2709 1325,2697 1355,2655 191,2657"/>
                <Baseline points="202,2699 259,2699 316,2698 373,2698 430,2698 487,2697 544,2697 601,2697 658,2696 715,2696 773,2696 830,2695 887,2695 944,2694 1001,2694 1058,2694 1115,2693 1172,2692 1229,2692 1286,2691 1344,2690"/>
                <TextEquiv>
                    <Unicode>Wiener Burgtheaters, zumal des Burgtheaters der achtziger</Unicode>
                </TextEquiv>
            </TextLine>
            <TextLine id="r2l11" custom="readingOrder {index:10;}">
                <Coords points="190,2758 1312,2753 1371,2706 190,2712"/>
                <Baseline points="202,2749 259,2748 317,2747 375,2746 433,2745 491,2745 549,2744 607,2744 665,2743 723,2743 781,2743 838,2742 896,2742 954,2742 1012,2741 1070,2741 1128,2740 1186,2740 1244,2739 1302,2738 1360,2737"/>
                <TextEquiv>
                    <Unicode>Jahre des vorigen Jahrhundertes, mündig gewordene Geist</Unicode>
                </TextEquiv>
            </TextLine>
            <TextLine id="r2l12" custom="readingOrder {index:11;}">
                <Coords points="195,2802 1348,2798 1371,2728 194,2762"/>
                <Baseline points="206,2795 263,2795 321,2795 379,2794 436,2793 494,2793 552,2792 609,2791 667,2790 725,2790 783,2789 840,2788 898,2788 956,2787 1013,2787 1071,2786 1129,2786 1186,2786 1244,2786 1302,2787 1360,2788"/>
                <TextEquiv>
                    <Unicode>eines seiner Helden die Verwandtschaft mit dem Geist seines</Unicode>
                </TextEquiv>
            </TextLine>
            <TextLine id="r2l13" custom="readingOrder {index:12;}">
                <Coords points="188,2853 1360,2855 1379,2793 188,2809"/>
                <Baseline points="199,2842 257,2842 316,2842 374,2841 433,2841 491,2840 550,2840 608,2840 667,2839 725,2839 784,2838 842,2837 901,2837 959,2836 1018,2836 1076,2835 1135,2835 1193,2835 1252,2834 1310,2834 1369,2834"/>
                <TextEquiv>
                    <Unicode>Schöpfers einbekennen durfte. Dies geschah am häufigsten in</Unicode>
                </TextEquiv>
            </TextLine>
            <TextLine id="r2l14" custom="readingOrder {index:13;}">
                <Coords points="202,2896 1292,2897 1370,2837 202,2851"/>
                <Baseline points="212,2890 269,2890 326,2890 384,2890 441,2890 499,2890 556,2889 613,2889 671,2888 728,2887 786,2887 843,2886 900,2885 958,2884 1015,2884 1073,2883 1130,2883 1187,2883 1245,2883 1302,2883 1360,2883"/>
                <TextEquiv>
                    <Unicode>jenen Augenblicken des dramatischen Geschehens, in welchen</Unicode>
                </TextEquiv>
            </TextLine>
            <TextLine id="r2l15" custom="readingOrder {index:14;}">
                <Coords points="194,2940 1369,2920 1368,2867 1290,2896 194,2902"/>
                <Baseline points="206,2940 263,2939 321,2938 378,2938 436,2937 494,2936 551,2935 609,2935 666,2934 724,2933 782,2933 839,2932 897,2932 954,2931 1012,2931 1070,2931 1127,2931 1185,2931 1242,2931 1300,2932 1358,2932"/>
                <TextEquiv>
                    <Unicode>die Re##ion die Handlung ablöst, um aus dem Vor¬</Unicode>
                </TextEquiv>
            </TextLine>
            <TextLine id="r2l16" custom="readingOrder {index:15;}">
                <Coords points="200,3001 1371,2984 1334,2940 1228,2924 200,2950"/>
                <Baseline points="211,2991 268,2989 325,2988 383,2987 440,2985 498,2984 555,2984 613,2983 670,2982 728,2981 785,2981 842,2980 900,2980 957,2979 1015,2979 1072,2979 1130,2978 1187,2978 1245,2978 1302,2977 1360,2977"/>
                <TextEquiv>
                    <Unicode>gefallenen kluge Schlüsse zu ziehen und den Einzelfall zum</Unicode>
                </TextEquiv>
            </TextLine>
            <TextLine id="r2l17" custom="readingOrder {index:16;}">
                <Coords points="192,3054 1363,3033 1347,2976 192,2997"/>
                <Baseline points="202,3037 259,3036 317,3035 374,3033 432,3032 489,3031 547,3031 604,3030 662,3029 719,3029 777,3028 834,3028 892,3028 949,3027 1007,3027 1064,3027 1122,3027 1179,3026 1237,3026 1294,3026 1352,3026"/>
                <TextEquiv>
                    <Unicode>Axiom zu erweitern. Ein Vorgang, der dem Wiener sehr</Unicode>
                </TextEquiv>
            </TextLine>
            <TextLine id="r2l18" custom="readingOrder {index:17;}">
                <Coords points="203,3096 1286,3089 1366,3039 202,3048"/>
                <Baseline points="214,3087 271,3085 328,3084 385,3082 442,3081 499,3080 556,3079 613,3078 670,3078 727,3077 785,3077 842,3076 899,3076 956,3075 1013,3075 1070,3075 1127,3074 1184,3074 1241,3074 1298,3073 1356,3073"/>
                <TextEquiv>
                    <Unicode>geläufig ist und bei unseren größten Dichtern wiederkehrt,</Unicode>
                </TextEquiv>
            </TextLine>
            <TextLine id="r2l19" custom="readingOrder {index:18;}">
                <Coords points="194,3137 1363,3126 1362,3083 1303,3076 194,3097"/>
                <Baseline points="205,3131 262,3130 319,3130 377,3129 434,3128 491,3128 549,3127 606,3126 663,3125 721,3125 778,3124 835,3124 893,3123 950,3123 1007,3122 1065,3122 1122,3122 1179,3121 1237,3121 1294,3121 1352,3121"/>
                <TextEquiv>
                    <Unicode>von Raimund und Grillparzer bis auf die letzten Ausläufer</Unicode>
                </TextEquiv>
            </TextLine>
            <TextLine id="r2l20" custom="readingOrder {index:19;}">
                <Coords points="199,3188 1359,3167 1316,3125 199,3137"/>
                <Baseline points="210,3176 266,3176 323,3176 380,3176 437,3175 494,3175 551,3174 608,3173 665,3172 722,3171 779,3170 835,3170 892,3169 949,3169 1006,3168 1063,3168 1120,3168 1177,3169 1234,3170 1291,3171 1348,3172"/>
                <TextEquiv>
                    <Unicode>dieser bodenständigen Richtung, welche Schnitzlers „Jung¬</Unicode>
                </TextEquiv>
            </TextLine>
            <TextLine id="r2l21" custom="readingOrder {index:20;}">
                <Coords points="202,3229 1370,3218 1369,3176 1329,3170 201,3191"/>
                <Baseline points="212,3225 269,3224 326,3224 384,3223 441,3223 499,3222 556,3221 613,3221 671,3220 728,3219 786,3219 843,3218 900,3217 958,3217 1015,3216 1073,3215 1130,3215 1187,3214 1245,3213 1302,3213 1360,3212"/>
                <TextEquiv>
                    <Unicode>Wien“ zusammenfaßte. Der Wiener ist ein Philosoph — eine</Unicode>
                </TextEquiv>
            </TextLine>
            <TextLine id="r2l22" custom="readingOrder {index:21;}">
                <Coords points="198,3274 1341,3278 1373,3223 198,3232"/>
                <Baseline points="208,3272 265,3271 323,3270 381,3270 438,3269 496,3268 554,3267 611,3266 669,3265 727,3264 785,3263 842,3262 900,3262 958,3261 1015,3261 1073,3261 1131,3261 1188,3261 1246,3262 1304,3263 1362,3264"/>
                <TextEquiv>
                    <Unicode>Aehnlichkeit mehr mit dem Pariser — und auch Schnitzler ist</Unicode>
                </TextEquiv>
            </TextLine>
            <TextLine id="r2l23" custom="readingOrder {index:22;}">
                <Coords points="199,3321 1282,3327 1375,3275 198,3278"/>
                <Baseline points="210,3323 267,3322 325,3320 383,3319 440,3318 498,3317 556,3316 613,3315 671,3315 729,3314 787,3314 844,3313 902,3313 960,3313 1017,3312 1075,3312 1133,3312 1190,3311 1248,3311 1306,3310 1364,3310"/>
                <TextEquiv>
                    <Unicode>Phil oph, insofern er Wiener ist. In seinen ersten, leichten</Unicode>
                </TextEquiv>
            </TextLine>
            <TextLine id="r2l24" custom="readingOrder {index:23;}">
                <Coords points="198,3384 1320,3374 1370,3327 197,3318"/>
                <Baseline points="208,3369 265,3369 323,3369 380,3368 438,3368 496,3367 553,3366 611,3365 668,3364 726,3364 784,3363 841,3362 899,3361 956,3360 1014,3360 1072,3359 1129,3359 1187,3359 1244,3359 1302,3359 1360,3359"/>
                <TextEquiv>
                    <Unicode>Komödien, die fast wie die Proverbs von Musset plaudern,</Unicode>
                </TextEquiv>
            </TextLine>
            <TextLine id="r2l25" custom="readingOrder {index:24;}">
                <Coords points="208,3429 1262,3429 1370,3413 1369,3354 207,3376"/>
                <Baseline points="218,3416 275,3414 332,3414 389,3413 446,3412 503,3411 560,3410 617,3410 674,3409 731,3408 788,3408 845,3407 902,3407 959,3407 1016,3406 1073,3406 1130,3406 1187,3406 1244,3406 1301,3407 1359,3407"/>
                <TextEquiv>
                    <Unicode>begegnen wir diesem Zug, und bis in seine letzte Dichtung</Unicode>
                </TextEquiv>
            </TextLine>
            <TextLine id="r2l26" custom="readingOrder {index:25;}">
                <Coords points="207,3484 332,3453 1365,3457 1364,3412 1305,3409 207,3428"/>
                <Baseline points="217,3465 273,3464 330,3464 387,3462 444,3461 501,3460 558,3460 614,3459 671,3457 728,3457 785,3456 842,3455 899,3455 956,3454 1012,3454 1069,3454 1126,3454 1183,3454 1240,3454 1297,3454 1354,3455"/>
                <TextEquiv>
                    <Unicode>„Der Gang zum Weiher“ läßt er sich verfolgen. Im</Unicode>
                </TextEquiv>
            </TextLine>
            <TextLine id="r2l27" custom="readingOrder {index:26;}">
                <Coords points="211,3522 1371,3496 1354,3462 937,3453 211,3486"/>
                <Baseline points="221,3513 280,3511 340,3509 400,3508 460,3507 520,3506 580,3505 640,3504 700,3504 760,3503 820,3503 880,3503 940,3502 1000,3502 1060,3502 1120,3502 1180,3501 1240,3501 1300,3500 1360,3499"/>
                <TextEquiv>
                    <Unicode>„Paracelsus“ beispielsweise, welcher Einakter aus den neun¬</Unicode>
                </TextEquiv>
            </TextLine>
            <TextLine id="r2l28" custom="readingOrder {index:27;}">
                <Coords points="209,3577 1362,3545 1315,3501 208,3524"/>
                <Baseline points="219,3564 275,3562 332,3560 388,3559 445,3558 502,3556 558,3555 615,3554 672,3553 728,3552 785,3552 842,3552 898,3551 955,3551 1012,3551 1068,3551 1125,3551 1182,3550 1238,3550 1295,3550 1352,3550"/>
                <TextEquiv>
                    <Unicode>ziger Jahren des vorigen Jahrhunderts, ebenso wie die</Unicode>
                </TextEquiv>
            </TextLine>
            <TextLine id="r2l29" custom="readingOrder {index:28;}">
                <Coords points="211,3623 1347,3612 1374,3542 210,3582"/>
                <Baseline points="221,3611 278,3610 335,3608 392,3606 449,3605 506,3604 563,3602 621,3602 678,3601 735,3600 792,3599 849,3598 906,3598 963,3597 1021,3597 1078,3596 1135,3596 1192,3596 1249,3596 1306,3596 1364,3596"/>
                <TextEquiv>
                    <Unicode>gleichaltrige „Frage an das Schicksal“ um das damals sehr</Unicode>
                </TextEquiv>
            </TextLine>
            <TextLine id="r2l30" custom="readingOrder {index:29;}">
                <Coords points="205,3665 1335,3659 1375,3602 205,3621"/>
                <Baseline points="216,3657 273,3656 330,3655 388,3654 445,3653 503,3651 560,3650 617,3649 675,3648 732,3647 790,3646 847,3646 904,3645 962,3644 1019,3644 1077,3644 1134,3643 1191,3643 1249,3643 1306,3644 1364,3644"/>
                <TextEquiv>
                    <Unicode>moderne (durch Charcots Forschungen aktuell gewordene)</Unicode>
                </TextEquiv>
            </TextLine>
            <TextLine id="r2l31" custom="readingOrder {index:30;}">
                <Coords points="204,3710 1372,3697 1371,3653 1269,3643 203,3665"/>
                <Baseline points="214,3702 271,3702 328,3702 385,3701 443,3701 500,3700 557,3699 615,3698 672,3697 729,3696 787,3695 844,3694 901,3693 958,3692 1016,3691 1073,3691 1130,3690 1188,3690 1245,3691 1302,3691 1360,3692"/>
                <TextEquiv>
                    <Unicode>Problem der Hypnose kreist, sagt der enigmatische Held am</Unicode>
                </TextEquiv>
            </TextLine>
            <TextLine id="r2l32" custom="readingOrder {index:31;}">
                <Coords points="200,3750 1377,3741 1376,3700 1281,3693 200,3714"/>
                <Baseline points="210,3749 267,3749 325,3748 383,3747 441,3746 499,3746 556,3744 614,3743 672,3742 730,3741 788,3740 845,3739 903,3738 961,3737 1019,3737 1077,3736 1134,3736 1192,3737 1250,3738 1308,3739 1366,3740"/>
                <TextEquiv>
                    <Unicode>Schlusse, nachdem er sich ein etwas gewagtes Spiel mit den</Unicode>
                </TextEquiv>
            </TextLine>
            <TextLine id="r2l33" custom="readingOrder {index:32;}">
                <Coords points="212,3800 1207,3805 1367,3788 1367,3757 211,3752"/>
                <Baseline points="222,3798 278,3798 335,3798 392,3798 448,3797 505,3796 562,3795 618,3794 675,3793 732,3791 789,3790 845,3789 902,3788 959,3787 1015,3786 1072,3785 1129,3785 1185,3785 1242,3786 1299,3787 1356,3788"/>
                <TextEquiv>
                    <Unicode>braven Baseler Bürgern erlaubt hat, beziehungsreich ab¬</Unicode>
                </TextEquiv>
            </TextLine>
            <TextLine id="r2l34" custom="readingOrder {index:33;}">
                <Coords points="197,3859 698,3840 791,3869 931,3836 1210,3865 1252,3829 1361,3868 1392,3794 196,3801"/>
                <Baseline points="208,3850 266,3849 325,3848 384,3847 442,3847 501,3846 560,3846 618,3845 677,3844 736,3844 795,3843 853,3843 912,3842 971,3842 1029,3842 1088,3841 1147,3841 1205,3841 1264,3841 1323,3840 1382,3840"/>
                <TextEquiv>
                    <Unicode>schließend: „Wir spielen alle, wer es weiß, ist klug.“ Und</Unicode>
                </TextEquiv>
            </TextLine>
            <TextEquiv>
                <Unicode>box 38/2
2. Cuttings
näher stehen, und in denen er sich unmittelbarer durch den
Mund einer seiner Figuren aussprechen konnte, wogegen er
sich als Erzähler strengere Zurückhaltung auferlegte und seiner
guten Erziehung in der Schule Flauberts auch dadurch Ehre
machte, daß er Allgemeinheiten in den erzählenden Bericht
einzuflechten beinahe ängstlich vermied. Im Drama ergaben
sie sich von selbst überall dort, wo der in der Schule des
Wiener Burgtheaters, zumal des Burgtheaters der achtziger
Jahre des vorigen Jahrhundertes, mündig gewordene Geist
eines seiner Helden die Verwandtschaft mit dem Geist seines
Schöpfers einbekennen durfte. Dies geschah am häufigsten in
jenen Augenblicken des dramatischen Geschehens, in welchen
die Re##ion die Handlung ablöst, um aus dem Vor¬
gefallenen kluge Schlüsse zu ziehen und den Einzelfall zum
Axiom zu erweitern. Ein Vorgang, der dem Wiener sehr
geläufig ist und bei unseren größten Dichtern wiederkehrt,
von Raimund und Grillparzer bis auf die letzten Ausläufer
dieser bodenständigen Richtung, welche Schnitzlers „Jung¬
Wien“ zusammenfaßte. Der Wiener ist ein Philosoph — eine
Aehnlichkeit mehr mit dem Pariser — und auch Schnitzler ist
Phil oph, insofern er Wiener ist. In seinen ersten, leichten
Komödien, die fast wie die Proverbs von Musset plaudern,
begegnen wir diesem Zug, und bis in seine letzte Dichtung
„Der Gang zum Weiher“ läßt er sich verfolgen. Im
„Paracelsus“ beispielsweise, welcher Einakter aus den neun¬
ziger Jahren des vorigen Jahrhunderts, ebenso wie die
gleichaltrige „Frage an das Schicksal“ um das damals sehr
moderne (durch Charcots Forschungen aktuell gewordene)
Problem der Hypnose kreist, sagt der enigmatische Held am
Schlusse, nachdem er sich ein etwas gewagtes Spiel mit den
braven Baseler Bürgern erlaubt hat, beziehungsreich ab¬
schließend: „Wir spielen alle, wer es weiß, ist klug.“ Und</Unicode>
            </TextEquiv>
        </TextRegion>
        <TextRegion orientation="0.0" id="r3" custom="readingOrder {index:2;}">
            <Coords points="1558,187 1558,4220 3294,4220 3294,187"/>
            <TextLine id="r3l1" custom="readingOrder {index:0;}">
                <Coords points="2063,242 2088,242 2105,230 2132,240 2145,229 2166,244 2179,243 2189,234 2213,234 2233,218 2261,235 2280,228 2279,187 2245,193 2218,185 2197,194 2179,180 2167,191 2154,187 2131,196 2099,186 2080,197 2061,194"/>
                <Baseline points="2073,215 2101,214 2129,214 2157,213 2185,213 2213,212 2241,210 2269,209"/>
                <TextEquiv>
                    <Unicode>—</Unicode>
                </TextEquiv>
            </TextLine>
            <TextLine id="r3l2" custom="readingOrder {index:1;}">
                <Coords points="1809,2303 1887,2299 1913,2312 1938,2296 1961,2309 1997,2295 2130,2299 2129,2216 2087,2230 2049,2224 2013,2240 1998,2227 1952,2252 1911,2248 1886,2230 1835,2258 1808,2257"/>
                <Baseline points="1820,2284 1845,2286 1870,2286 1895,2287 1920,2287 1945,2286 1970,2286 1995,2285 2020,2284 2045,2283 2070,2282 2095,2281 2120,2280"/>
                <TextEquiv>
                    <Unicode> </Unicode>
                </TextEquiv>
            </TextLine>
            <TextLine id="r3l3" custom="readingOrder {index:2;}">
                <Coords points="1558,2343 3211,2342 3229,2278 1557,2307"/>
                <Baseline points="1568,2349 1650,2347 1733,2346 1815,2345 1898,2344 1980,2343 2063,2342 2145,2341 2228,2340 2310,2340 2393,2339 2476,2338 2558,2337 2641,2336 2723,2334 2806,2333 2888,2331 2971,2330 3053,2328 3136,2326 3219,2323"/>
                <TextEquiv>
                    <Unicode>in „Frage an das Schicksal“ konkludiert ganz ähnlich, wenn äußerungen.“ Zu dieser</Unicode>
                </TextEquiv>
            </TextLine>
            <TextLine id="r3l4" custom="readingOrder {index:3;}">
                <Coords points="2724,2391 2914,2393 2946,2379 3058,2393 3212,2368 3211,2332 3084,2325 3023,2350 2974,2323 2892,2349 2723,2349"/>
                <Baseline points="2734,2387 2760,2384 2786,2382 2812,2381 2838,2379 2864,2379 2890,2377 2916,2377 2942,2376 2968,2376 2994,2376 3020,2375 3046,2375 3072,2375 3098,2374 3124,2374 3150,2373 3176,2373 3202,2372"/>
                <TextEquiv>
                    <Unicode>gebenen Falle auch die</Unicode>
                </TextEquiv>
            </TextLine>
            <TextLine id="r3l5" custom="readingOrder {index:4;}">
                <Coords points="1555,2399 2717,2389 2716,2353 2591,2339 1554,2359"/>
                <Baseline points="1566,2397 1623,2396 1680,2395 1737,2394 1794,2394 1851,2393 1908,2392 1965,2392 2022,2391 2079,2391 2136,2390 2193,2389 2250,2389 2307,2388 2364,2388 2421,2387 2478,2387 2535,2386 2592,2386 2649,2385 2707,2385"/>
                <TextEquiv>
                    <Unicode>auch noch mehr in der Richtung zum Gesellschafts=Witzigen,</Unicode>
                </TextEquiv>
            </TextLine>
            <TextLine id="r3l6" custom="readingOrder {index:5;}">
                <Coords points="2724,2425 2758,2441 2843,2429 2866,2447 2936,2426 3027,2439 3118,2424 3148,2440 3168,2420 3205,2432 3251,2418 3250,2385 3192,2365 3058,2392 2947,2379 2723,2389"/>
                <Baseline points="2734,2429 2759,2428 2784,2427 2810,2426 2835,2426 2860,2425 2886,2425 2911,2425 2936,2424 2962,2424 2987,2424 3012,2423 3038,2423 3063,2422 3088,2421 3114,2421 3139,2420 3164,2418 3190,2416 3215,2415 3241,2413"/>
                <TextEquiv>
                    <Unicode>Gabe, amüsant zu sein, das</Unicode>
                </TextEquiv>
            </TextLine>
            <TextLine id="r3l7" custom="readingOrder {index:6;}">
                <Coords points="1559,2453 2445,2439 2513,2468 2704,2437 2703,2394 2515,2385 1558,2409"/>
                <Baseline points="1570,2445 1626,2444 1682,2443 1738,2442 1794,2441 1851,2440 1907,2439 1963,2439 2019,2438 2075,2438 2132,2438 2188,2437 2244,2437 2300,2436 2356,2436 2413,2436 2469,2435 2525,2435 2581,2435 2637,2434 2694,2433"/>
                <TextEquiv>
                    <Unicode>ein junger Schwerenöter: „Also das eine wird mir jetzt klar:</Unicode>
                </TextEquiv>
            </TextLine>
            <TextLine id="r3l8" custom="readingOrder {index:7;}">
                <Coords points="2720,2475 2815,2486 2862,2469 2930,2489 2948,2472 3179,2475 3240,2462 3240,2422 3202,2433 3170,2420 3145,2444 3062,2424 2994,2438 2760,2438 2719,2424"/>
                <Baseline points="2731,2473 2757,2472 2783,2472 2809,2471 2835,2471 2862,2471 2888,2470 2914,2470 2940,2470 2966,2470 2993,2469 3019,2469 3045,2469 3071,2468 3097,2468 3124,2468 3150,2467 3176,2467 3202,2466 3229,2465"/>
                <TextEquiv>
                    <Unicode>derart zu formulieren, daß</Unicode>
                </TextEquiv>
            </TextLine>
            <TextLine id="r3l9" custom="readingOrder {index:8;}">
                <Coords points="1562,2497 2715,2479 2714,2439 2579,2431 2516,2464 1561,2454"/>
                <Baseline points="1572,2493 1628,2493 1685,2492 1741,2491 1798,2491 1855,2490 1911,2489 1968,2489 2025,2488 2081,2487 2138,2486 2195,2485 2251,2485 2308,2483 2365,2482 2421,2481 2478,2480 2535,2478 2591,2477 2648,2475 2705,2473"/>
                <TextEquiv>
                    <Unicode>daß die Weiber auch noch in der Hypnose lügen. Später</Unicode>
                </TextEquiv>
            </TextLine>
            <TextLine id="r3l10" custom="readingOrder {index:9;}">
                <Coords points="2723,2525 2928,2530 2960,2517 3006,2531 3053,2515 3097,2529 3125,2514 3252,2514 3251,2480 3211,2468 3135,2482 3041,2469 2722,2479"/>
                <Baseline points="2734,2518 2759,2517 2784,2517 2809,2517 2835,2516 2860,2516 2885,2515 2911,2515 2936,2515 2961,2514 2987,2514 3012,2514 3037,2514 3062,2513 3088,2512 3113,2512 3138,2511 3164,2510 3189,2510 3214,2509 3240,2507"/>
                <TextEquiv>
                    <Unicode>Alle Welt schreibt heute De</Unicode>
                </TextEquiv>
            </TextLine>
            <TextLine id="r3l11" custom="readingOrder {index:10;}">
                <Coords points="1559,2549 2706,2527 2691,2481 2530,2477 2318,2510 1559,2505"/>
                <Baseline points="1570,2538 1626,2538 1682,2538 1738,2538 1795,2538 1851,2537 1907,2536 1963,2536 2020,2535 2076,2534 2132,2533 2188,2532 2245,2531 2301,2530 2357,2529 2413,2528 2470,2527 2526,2525 2582,2524 2638,2523 2695,2522"/>
                <TextEquiv>
                    <Unicode>werden, wie bei jedem wahren Dichter, aus den „Weibern“</Unicode>
                </TextEquiv>
            </TextLine>
            <TextLine id="r3l12" custom="readingOrder {index:11;}">
                <Coords points="2719,2574 2871,2566 2893,2586 2930,2560 2979,2574 3282,2567 3281,2519 3260,2513 2718,2526"/>
                <Baseline points="2729,2567 2756,2565 2783,2564 2810,2563 2837,2562 2864,2561 2891,2561 2918,2560 2945,2560 2972,2560 3000,2560 3027,2559 3054,2559 3081,2559 3108,2559 3135,2558 3162,2558 3189,2557 3216,2557 3243,2556 3271,2555"/>
                <TextEquiv>
                    <Unicode>über diese Memoirenschreiber,</Unicode>
                </TextEquiv>
            </TextLine>
            <TextLine id="r3l13" custom="readingOrder {index:12;}">
                <Coords points="1564,2594 2720,2570 2719,2517 1564,2551"/>
                <Baseline points="1574,2584 1630,2584 1687,2584 1744,2584 1801,2584 1857,2584 1914,2583 1971,2583 2028,2582 2084,2581 2141,2581 2198,2580 2255,2579 2311,2578 2368,2577 2425,2576 2482,2575 2538,2575 2595,2574 2652,2573 2709,2573"/>
                <TextEquiv>
                    <Unicode>Frauen, aus dem Witz wird Weisheit, letzte schmerzliche</Unicode>
                </TextEquiv>
            </TextLine>
            <TextLine id="r3l14" custom="readingOrder {index:13;}">
                <Coords points="2728,2614 2804,2628 2961,2607 3103,2625 3122,2608 3266,2614 3265,2568 3231,2560 3155,2558 3130,2574 2924,2565 2895,2585 2869,2568 2728,2570"/>
                <Baseline points="2738,2610 2763,2610 2789,2610 2815,2610 2841,2610 2867,2610 2893,2609 2919,2609 2945,2609 2971,2609 2997,2608 3022,2608 3048,2608 3074,2607 3100,2607 3126,2606 3152,2606 3178,2605 3204,2605 3230,2605 3256,2604"/>
                <TextEquiv>
                    <Unicode>illustren Schar persönlich wi</Unicode>
                </TextEquiv>
            </TextLine>
            <TextLine id="r3l15" custom="readingOrder {index:14;}">
                <Coords points="1561,2642 2483,2621 2551,2654 2706,2629 2705,2574 1560,2589"/>
                <Baseline points="1571,2627 1627,2629 1683,2629 1739,2630 1795,2630 1852,2630 1908,2630 1964,2630 2020,2629 2076,2629 2133,2628 2189,2627 2245,2626 2301,2625 2357,2624 2414,2623 2470,2621 2526,2620 2582,2619 2638,2618 2695,2617"/>
                <TextEquiv>
                    <Unicode>Erkenntnis, traurig beglückend: So heißt es in Schnitzlers</Unicode>
                </TextEquiv>
            </TextLine>
            <TextLine id="r3l16" custom="readingOrder {index:15;}">
                <Coords points="2721,2663 2856,2656 2926,2679 2953,2655 3034,2673 3110,2651 3155,2673 3180,2656 3282,2661 3281,2616 3264,2612 3120,2608 3082,2624 2898,2609 2837,2625 2720,2610"/>
                <Baseline points="2731,2657 2759,2657 2787,2656 2816,2656 2844,2656 2872,2656 2901,2655 2929,2655 2957,2655 2986,2654 3014,2654 3043,2654 3071,2654 3099,2653 3128,2652 3156,2652 3184,2651 3213,2650 3241,2649 3270,2648"/>
                <TextEquiv>
                    <Unicode>in einem Aphorisma des gena#</Unicode>
                </TextEquiv>
            </TextLine>
            <TextLine id="r3l17" custom="readingOrder {index:16;}">
                <Coords points="1559,2682 2711,2679 2710,2637 2653,2620 2097,2654 1559,2636"/>
                <Baseline points="1569,2673 1625,2674 1682,2675 1738,2675 1795,2676 1851,2676 1908,2677 1964,2677 2021,2677 2077,2677 2134,2677 2191,2676 2247,2676 2304,2675 2360,2674 2417,2673 2473,2672 2530,2671 2586,2669 2643,2667 2700,2666"/>
                <TextEquiv>
                    <Unicode>letztem dramatischen Werk: „Der Gang zum Weiher“, dessen</Unicode>
                </TextEquiv>
            </TextLine>
            <TextLine id="r3l18" custom="readingOrder {index:17;}">
                <Coords points="2725,2712 3075,2717 3140,2695 3237,2698 3237,2668 3182,2654 3140,2678 3108,2655 3042,2673 2953,2655 2913,2683 2856,2657 2725,2665"/>
                <Baseline points="2736,2704 2761,2704 2787,2703 2813,2703 2839,2702 2864,2702 2890,2702 2916,2701 2942,2701 2968,2701 2993,2700 3019,2700 3045,2700 3071,2700 3097,2699 3122,2699 3148,2698 3174,2697 3200,2697 3226,2696"/>
                <TextEquiv>
                    <Unicode>Gesicht: „Man hat es</Unicode>
                </TextEquiv>
            </TextLine>
            <TextLine id="r3l19" custom="readingOrder {index:18;}">
                <Coords points="1549,2718 2060,2746 2707,2721 2707,2677 2666,2671 1549,2673"/>
                <Baseline points="1560,2722 1616,2723 1673,2723 1730,2723 1787,2723 1844,2723 1900,2723 1957,2722 2014,2722 2071,2722 2128,2721 2184,2721 2241,2720 2298,2720 2355,2719 2412,2718 2468,2717 2525,2717 2582,2716 2639,2715 2696,2714"/>
                <TextEquiv>
                    <Unicode>Aufführung am Wiener Burgtheater er noch erleben durfte, in</Unicode>
                </TextEquiv>
            </TextLine>
            <TextLine id="r3l20" custom="readingOrder {index:19;}">
                <Coords points="2722,2760 3141,2761 3192,2743 3243,2759 3257,2757 3257,2702 2798,2719 2721,2707"/>
                <Baseline points="2733,2753 2758,2751 2784,2750 2809,2748 2835,2747 2861,2747 2886,2747 2912,2746 2938,2746 2963,2746 2989,2747 3015,2747 3040,2747 3066,2747 3092,2746 3117,2746 3143,2746 3169,2744 3194,2743 3220,2742 3246,2740"/>
                <TextEquiv>
                    <Unicode>schreiben, wenn man ein sch</Unicode>
                </TextEquiv>
            </TextLine>
            <TextLine id="r3l21" custom="readingOrder {index:20;}">
                <Coords points="1554,2765 2716,2780 2680,2717 1554,2734"/>
                <Baseline points="1564,2768 1621,2769 1678,2769 1735,2770 1792,2770 1849,2770 1906,2770 1963,2770 2020,2770 2077,2769 2134,2769 2191,2768 2248,2768 2305,2767 2362,2766 2419,2765 2476,2765 2533,2764 2590,2763 2647,2762 2705,2761"/>
                <TextEquiv>
                    <Unicode>einem unsterblichen Vers: „Als lernte Leid sich leicht. Auch</Unicode>
                </TextEquiv>
            </TextLine>
            <TextLine id="r3l22" custom="readingOrder {index:21;}">
                <Coords points="2733,2815 2837,2797 2909,2813 2957,2795 3019,2810 3211,2793 3243,2807 3262,2801 3262,2758 3192,2744 3094,2762 2855,2752 2836,2771 2804,2753 2733,2760"/>
                <Baseline points="2743,2798 2768,2797 2793,2795 2819,2794 2844,2793 2870,2792 2895,2792 2920,2791 2946,2791 2971,2791 2997,2791 3022,2791 3047,2791 3073,2791 3098,2791 3124,2791 3149,2791 3174,2791 3200,2790 3225,2790 3251,2790"/>
                <TextEquiv>
                    <Unicode>sollte diesen lapidaren Satz</Unicode>
                </TextEquiv>
            </TextLine>
            <TextLine id="r3l23" custom="readingOrder {index:22;}">
                <Coords points="1562,2822 2635,2837 2709,2824 2709,2773 1562,2786"/>
                <Baseline points="1572,2817 1628,2817 1684,2817 1740,2817 1797,2816 1853,2816 1909,2816 1966,2816 2022,2815 2078,2815 2135,2815 2191,2814 2247,2814 2303,2813 2360,2813 2416,2812 2472,2812 2529,2811 2585,2810 2641,2809 2698,2808"/>
                <TextEquiv>
                    <Unicode>Leid ist Gnade.“ Hier wird die Philosophie lauterste Poesie.</Unicode>
                </TextEquiv>
            </TextLine>
            <TextLine id="r3l24" custom="readingOrder {index:23;}">
                <Coords points="2732,2849 2899,2857 3003,2840 3103,2864 3206,2851 3257,2867 3287,2852 3286,2797 2731,2811"/>
                <Baseline points="2742,2844 2768,2843 2795,2843 2822,2842 2848,2840 2875,2839 2902,2839 2928,2838 2955,2837 2982,2836 3009,2835 3035,2835 3062,2835 3089,2834 3115,2834 3142,2834 3169,2834 3195,2834 3222,2835 3249,2835 3276,2836"/>
                <TextEquiv>
                    <Unicode>aufnehmen. Denn das ist, w#</Unicode>
                </TextEquiv>
            </TextLine>
            <TextLine id="r3l25" custom="readingOrder {index:24;}">
                <Coords points="2732,2912 2759,2909 2774,2920 2850,2891 2920,2903 2958,2889 2975,2902 2985,2891 3042,2888 3042,2854 2963,2838 2947,2853 2917,2843 2900,2856 2881,2844 2809,2845 2796,2856 2731,2851"/>
                <Baseline points="2741,2890 2767,2889 2793,2887 2820,2886 2846,2886 2872,2886 2899,2886 2925,2886 2951,2886 2978,2885 3004,2884 3031,2883"/>
                <TextEquiv>
                    <Unicode>spielphilosophie.</Unicode>
                </TextEquiv>
            </TextLine>
            <TextLine id="r3l26" custom="readingOrder {index:25;}">
                <Coords points="1642,2897 2706,2897 2705,2842 2542,2819 2325,2858 2022,2832 1745,2860 1641,2832"/>
                <Baseline points="1653,2892 1705,2892 1757,2892 1809,2892 1861,2892 1913,2892 1965,2891 2018,2891 2070,2890 2122,2889 2174,2888 2226,2888 2278,2887 2330,2886 2383,2885 2435,2884 2487,2883 2539,2881 2591,2880 2643,2879 2696,2878"/>
                <TextEquiv>
                    <Unicode>Den Geist, den Schnitzler in seinem Dialog versprühte</Unicode>
                </TextEquiv>
            </TextLine>
            <TextLine id="r3l27" custom="readingOrder {index:26;}">
                <Coords points="2810,2932 2857,2949 2923,2929 2944,2944 3083,2934 3143,2946 3200,2929 3217,2946 3306,2928 3305,2871 3237,2874 3208,2897 3053,2882 2973,2903 2937,2889 2916,2904 2848,2892 2810,2905"/>
                <Baseline points="2822,2932 2848,2932 2874,2932 2900,2932 2926,2932 2953,2932 2979,2932 3005,2932 3031,2932 3058,2932 3084,2932 3110,2932 3136,2932 3162,2931 3189,2931 3215,2930 3241,2929 3267,2928 3294,2926"/>
                <TextEquiv>
                    <Unicode>Der Probestein für jede</Unicode>
                </TextEquiv>
            </TextLine>
            <TextLine id="r3l28" custom="readingOrder {index:27;}">
                <Coords points="1622,2939 2657,2935 2656,2897 2544,2885 1622,2901"/>
                <Baseline points="1632,2936 1682,2937 1733,2937 1784,2938 1834,2938 1885,2938 1936,2939 1986,2938 2037,2938 2088,2938 2139,2938 2189,2937 2240,2937 2291,2936 2341,2935 2392,2934 2443,2933 2493,2932 2544,2931 2595,2929 2646,2928"/>
                <TextEquiv>
                    <Unicode>doch immer im Dienste dramatischer Charakteristik -</Unicode>
                </TextEquiv>
            </TextLine>
            <TextLine id="r3l29" custom="readingOrder {index:28;}">
                <Coords points="2727,3000 2769,3004 2790,2983 2902,2997 2963,2983 3031,2996 3052,2981 3082,2997 3177,2976 3253,2990 3272,2981 3272,2935 2726,2947"/>
                <Baseline points="2737,2984 2763,2982 2789,2981 2815,2979 2841,2978 2868,2978 2894,2977 2920,2977 2946,2977 2972,2977 2999,2977 3025,2978 3051,2978 3077,2978 3103,2978 3130,2978 3156,2978 3182,2978 3208,2977 3234,2976 3261,2975"/>
                <TextEquiv>
                    <Unicode>zu Gott. Wie steht es dam</Unicode>
                </TextEquiv>
            </TextLine>
            <TextLine id="r3l30" custom="readingOrder {index:29;}">
                <Coords points="1567,2991 2636,2994 2712,2985 2712,2936 1567,2942"/>
                <Baseline points="1577,2985 1633,2984 1689,2983 1745,2983 1801,2983 1858,2983 1914,2983 1970,2983 2026,2983 2082,2983 2139,2983 2195,2983 2251,2983 2307,2983 2363,2982 2420,2981 2476,2979 2532,2977 2588,2975 2644,2972 2701,2968"/>
                <TextEquiv>
                    <Unicode>sublimierte er in seinen letzten Jahren zu einem köstlichen</Unicode>
                </TextEquiv>
            </TextLine>
            <TextLine id="r3l31" custom="readingOrder {index:30;}">
                <Coords points="2726,3041 3266,3027 3265,2988 3179,2976 2821,2994 2787,2981 2726,3003"/>
                <Baseline points="2737,3027 2764,3026 2791,3026 2818,3025 2846,3025 2873,3025 2900,3025 2928,3025 2955,3025 2982,3024 3010,3024 3037,3024 3064,3024 3092,3024 3119,3024 3146,3024 3174,3023 3201,3023 3228,3022 3256,3022"/>
                <TextEquiv>
                    <Unicode>Skeptiker, der seine Bekan</Unicode>
                </TextEquiv>
            </TextLine>
            <TextLine id="r3l32" custom="readingOrder {index:31;}">
                <Coords points="1553,3040 2468,3043 2565,3010 2690,3037 2713,2985 1553,2998"/>
                <Baseline points="1563,3028 1622,3029 1682,3030 1742,3031 1802,3031 1862,3032 1922,3031 1982,3031 2042,3031 2102,3030 2162,3029 2222,3028 2282,3027 2342,3026 2402,3024 2462,3023 2522,3022 2582,3021 2642,3020 2702,3019"/>
                <TextEquiv>
                    <Unicode>kleinen Werk: „Buch der Sprüche und Bedenken.“ Es ist</Unicode>
                </TextEquiv>
            </TextLine>
            <TextLine id="r3l33" custom="readingOrder {index:32;}">
                <Coords points="2729,3080 2808,3095 2858,3073 2911,3090 2996,3070 3019,3089 3108,3073 3265,3085 3264,3026 2729,3040"/>
                <Baseline points="2739,3072 2764,3072 2790,3072 2816,3072 2841,3072 2867,3071 2893,3071 2918,3071 2944,3070 2970,3070 2996,3070 3021,3070 3047,3069 3073,3069 3098,3069 3124,3069 3150,3069 3175,3069 3201,3069 3227,3069 3253,3070"/>
                <TextEquiv>
                    <Unicode>Gott!“, seine Freunde, noch</Unicode>
                </TextEquiv>
            </TextLine>
            <TextLine id="r3l34" custom="readingOrder {index:33;}">
                <Coords points="1547,3073 2627,3094 2722,3061 2721,3023 1547,3037"/>
                <Baseline points="1558,3079 1615,3080 1673,3080 1731,3080 1788,3080 1846,3080 1904,3079 1961,3079 2019,3078 2077,3077 2135,3076 2192,3076 2250,3075 2308,3073 2365,3072 2423,3071 2481,3070 2538,3069 2596,3067 2654,3066 2712,3065"/>
                <TextEquiv>
                    <Unicode>ein rein philosophisches Buch, aber ein von lebendigster</Unicode>
                </TextEquiv>
            </TextLine>
            <TextLine id="r3l35" custom="readingOrder {index:34;}">
                <Coords points="2733,3128 2816,3123 2839,3138 3006,3114 3148,3135 3216,3118 3233,3133 3279,3122 3279,3073 3192,3088 2998,3070 2733,3079"/>
                <Baseline points="2744,3121 2770,3119 2796,3119 2822,3118 2848,3117 2875,3116 2901,3116 2927,3116 2953,3116 2979,3116 3006,3116 3032,3116 3058,3116 3084,3117 3110,3117 3137,3117 3163,3117 3189,3117 3215,3117 3241,3117 3268,3116"/>
                <TextEquiv>
                    <Unicode>der Himmel!“ begrüßte, gal</Unicode>
                </TextEquiv>
            </TextLine>
            <TextLine id="r3l36" custom="readingOrder {index:35;}">
                <Coords points="1564,3151 2228,3111 2704,3136 2723,3060 1563,3092"/>
                <Baseline points="1575,3126 1631,3126 1688,3126 1745,3126 1802,3126 1859,3126 1916,3125 1972,3125 2029,3124 2086,3124 2143,3123 2200,3123 2257,3122 2314,3121 2370,3121 2427,3120 2484,3119 2541,3118 2598,3118 2655,3117 2712,3116"/>
                <TextEquiv>
                    <Unicode>Anschauung völlig durchdrungenes, von der Art etwa der</Unicode>
                </TextEquiv>
            </TextLine>
            <TextLine id="r3l37" custom="readingOrder {index:36;}">
                <Coords points="2728,3179 2901,3188 2922,3169 3018,3183 3161,3164 3187,3181 3303,3163 3303,3121 2727,3133"/>
                <Baseline points="2738,3170 2765,3168 2793,3167 2821,3166 2849,3166 2876,3165 2904,3165 2932,3165 2960,3165 2987,3165 3015,3165 3043,3165 3071,3165 3098,3165 3126,3165 3154,3165 3182,3164 3209,3164 3237,3162 3265,3161 3293,3159"/>
                <TextEquiv>
                    <Unicode>liche Unabhängigkeit seines</Unicode>
                </TextEquiv>
            </TextLine>
            <TextLine id="r3l38" custom="readingOrder {index:37;}">
                <Coords points="1552,3187 1939,3160 2379,3193 2720,3158 2719,3120 2514,3114 1551,3143"/>
                <Baseline points="1563,3176 1620,3175 1677,3174 1735,3173 1792,3173 1849,3172 1907,3172 1964,3172 2021,3171 2079,3171 2136,3171 2193,3170 2251,3170 2308,3169 2365,3169 2423,3168 2480,3167 2537,3165 2595,3164 2652,3162 2710,3160"/>
                <TextEquiv>
                    <Unicode>großen Moralisten des französischen siebzehnten und acht¬</Unicode>
                </TextEquiv>
            </TextLine>
            <TextLine id="r3l39" custom="readingOrder {index:38;}">
                <Coords points="2735,3220 2953,3228 2987,3211 3125,3230 3154,3213 3281,3213 3280,3167 3012,3183 2923,3169 2895,3189 2868,3174 2735,3178"/>
                <Baseline points="2746,3215 2772,3214 2798,3214 2824,3214 2850,3214 2877,3214 2903,3213 2929,3213 2955,3213 2981,3212 3008,3212 3034,3211 3060,3211 3086,3211 3112,3210 3139,3210 3165,3210 3191,3209 3217,3209 3243,3209 3270,3208"/>
                <TextEquiv>
                    <Unicode>nahmen, für einen sehr unsich</Unicode>
                </TextEquiv>
            </TextLine>
            <TextLine id="r3l40" custom="readingOrder {index:39;}">
                <Coords points="1554,3235 2684,3227 2707,3161 1553,3189"/>
                <Baseline points="1564,3224 1620,3222 1677,3222 1733,3221 1790,3220 1847,3219 1903,3219 1960,3218 2017,3218 2073,3218 2130,3217 2187,3217 2243,3216 2300,3216 2357,3215 2413,3215 2470,3213 2527,3212 2583,3211 2640,3210 2697,3208"/>
                <TextEquiv>
                    <Unicode>zehnten Jahrhunderts, eines La Bruyère, eines Chamfort.</Unicode>
                </TextEquiv>
            </TextLine>
            <TextLine id="r3l41" custom="readingOrder {index:40;}">
                <Coords points="2736,3275 3284,3264 3303,3257 3303,3217 2736,3220"/>
                <Baseline points="2747,3263 2774,3262 2801,3260 2828,3260 2856,3259 2883,3259 2910,3258 2938,3258 2965,3259 2992,3259 3020,3259 3047,3259 3074,3259 3101,3259 3129,3258 3156,3258 3183,3257 3211,3256 3238,3255 3265,3253 3293,3251"/>
                <TextEquiv>
                    <Unicode>sachen. Tartüff, der ihm der</Unicode>
                </TextEquiv>
            </TextLine>
            <TextLine id="r3l42" custom="readingOrder {index:41;}">
                <Coords points="1555,3269 2609,3272 2721,3258 2720,3216 1554,3235"/>
                <Baseline points="1566,3268 1623,3268 1680,3268 1737,3268 1794,3268 1852,3268 1909,3268 1966,3268 2023,3267 2080,3266 2138,3266 2195,3265 2252,3264 2309,3263 2366,3262 2424,3261 2481,3260 2538,3259 2595,3258 2652,3257 2710,3255"/>
                <TextEquiv>
                    <Unicode>Oder klingt es nicht wie von La Bruyère, wenn</Unicode>
                </TextEquiv>
            </TextLine>
            <TextLine id="r3l43" custom="readingOrder {index:42;}">
                <Coords points="2725,3322 3040,3309 3197,3328 3294,3299 3293,3263 3234,3253 3198,3269 2724,3274"/>
                <Baseline points="2735,3309 2762,3308 2789,3307 2817,3307 2844,3306 2872,3305 2899,3305 2926,3305 2954,3305 2981,3305 3009,3304 3036,3304 3063,3304 3091,3304 3118,3303 3146,3303 3173,3302 3200,3301 3228,3301 3255,3299 3283,3298"/>
                <TextEquiv>
                    <Unicode>verzeihen konnte, sagte zwar</Unicode>
                </TextEquiv>
            </TextLine>
            <TextLine id="r3l44" custom="readingOrder {index:43;}">
                <Coords points="1550,3324 2665,3321 2720,3307 2719,3257 1549,3286"/>
                <Baseline points="1560,3313 1617,3313 1674,3313 1732,3314 1789,3314 1847,3314 1904,3314 1962,3313 2019,3313 2077,3313 2134,3312 2191,3312 2249,3311 2306,3310 2364,3309 2421,3308 2479,3307 2536,3305 2594,3304 2651,3303 2709,3300"/>
                <TextEquiv>
                    <Unicode>Schnitzler notiert: „Mit dem Ohr der Menschheit ist es so</Unicode>
                </TextEquiv>
            </TextLine>
            <TextLine id="r3l45" custom="readingOrder {index:44;}">
                <Coords points="2721,3356 2804,3373 2835,3354 2905,3371 3019,3352 3119,3367 3180,3345 3216,3363 3288,3359 3303,3357 3302,3294 3175,3322 3004,3308 2720,3322"/>
                <Baseline points="2731,3354 2759,3354 2787,3354 2815,3354 2843,3353 2871,3353 2899,3352 2927,3351 2955,3350 2983,3350 3012,3349 3040,3348 3068,3347 3096,3347 3124,3346 3152,3346 3180,3345 3208,3345 3236,3345 3264,3346 3293,3346"/>
                <TextEquiv>
                    <Unicode>nicht verzeihen konnte — es</Unicode>
                </TextEquiv>
            </TextLine>
            <TextLine id="r3l46" custom="readingOrder {index:45;}">
                <Coords points="1556,3359 2710,3351 2709,3313 2644,3303 2411,3336 1556,3321"/>
                <Baseline points="1566,3360 1622,3360 1679,3361 1735,3361 1792,3362 1849,3362 1905,3361 1962,3361 2019,3361 2075,3360 2132,3359 2189,3358 2245,3358 2302,3356 2359,3355 2415,3354 2472,3353 2529,3351 2585,3350 2642,3349 2699,3347"/>
                <TextEquiv>
                    <Unicode>beschaffen, daß es den Schall zu verschlafen und erst durch</Unicode>
                </TextEquiv>
            </TextLine>
            <TextLine id="r3l47" custom="readingOrder {index:46;}">
                <Coords points="2720,3395 2778,3411 2928,3399 2947,3415 3116,3396 3146,3415 3270,3394 3270,3364 3177,3346 3103,3367 3018,3351 2906,3371 2840,3353 2800,3373 2720,3361"/>
                <Baseline points="2731,3400 2757,3400 2783,3400 2810,3401 2836,3401 2863,3401 2889,3401 2915,3401 2942,3400 2968,3400 2995,3400 3021,3399 3047,3399 3074,3398 3100,3398 3127,3397 3153,3396 3179,3395 3206,3395 3232,3394 3259,3393"/>
                <TextEquiv>
                    <Unicode>die Dinge so gerade heraus</Unicode>
                </TextEquiv>
            </TextLine>
            <TextLine id="r3l48" custom="readingOrder {index:47;}">
                <Coords points="1559,3426 2676,3415 2720,3406 2720,3361 1558,3360"/>
                <Baseline points="1570,3409 1627,3408 1684,3408 1741,3407 1798,3406 1855,3406 1912,3405 1969,3404 2026,3404 2083,3404 2140,3403 2197,3403 2254,3402 2311,3401 2368,3401 2425,3400 2482,3399 2539,3398 2596,3397 2653,3396 2710,3394"/>
                <TextEquiv>
                    <Unicode>das Echo zu erwachen pflegt“? Glaubt man nicht Chamfort</Unicode>
                </TextEquiv>
            </TextLine>
            <TextLine id="r3l49" custom="readingOrder {index:48;}">
                <Coords points="2732,3457 2867,3443 2933,3462 3043,3448 3134,3461 3157,3443 3221,3466 3242,3445 3286,3453 3286,3413 3254,3396 3138,3412 3114,3395 3051,3419 3032,3402 3013,3415 2928,3398 2731,3415"/>
                <Baseline points="2742,3446 2768,3445 2795,3445 2821,3445 2848,3444 2875,3444 2901,3444 2928,3444 2955,3444 2981,3444 3008,3443 3035,3443 3061,3443 3088,3443 3115,3443 3141,3443 3168,3443 3195,3442 3221,3442 3248,3442 3275,3441"/>
                <TextEquiv>
                    <Unicode>er mit Bedauern, daß Schnitzl</Unicode>
                </TextEquiv>
            </TextLine>
            <TextLine id="r3l50" custom="readingOrder {index:49;}">
                <Coords points="1548,3455 2712,3458 2711,3409 2643,3402 1547,3427"/>
                <Baseline points="1559,3458 1616,3457 1673,3456 1730,3455 1787,3454 1844,3453 1901,3453 1958,3452 2015,3451 2072,3450 2130,3450 2187,3449 2244,3448 2301,3448 2358,3447 2415,3447 2472,3446 2529,3446 2586,3445 2643,3445 2701,3444"/>
                <TextEquiv>
                    <Unicode>zu hören, wenn der Dichter äußert: „Wer deine bittersten</Unicode>
                </TextEquiv>
            </TextLine>
            <TextLine id="r3l51" custom="readingOrder {index:50;}">
                <Coords points="2722,3500 2832,3512 2933,3486 2988,3505 3225,3487 3304,3499 3303,3455 3246,3444 3215,3466 3153,3445 2721,3456"/>
                <Baseline points="2733,3497 2761,3495 2789,3493 2817,3492 2845,3491 2873,3490 2901,3490 2929,3490 2957,3490 2985,3490 3013,3490 3041,3490 3069,3491 3097,3491 3125,3491 3153,3491 3181,3491 3209,3491 3237,3490 3265,3490 3293,3489"/>
                <TextEquiv>
                    <Unicode>physische“ hinübergreife, da</Unicode>
                </TextEquiv>
            </TextLine>
            <TextLine id="r3l52" custom="readingOrder {index:51;}">
                <Coords points="1562,3520 2569,3508 2677,3502 2713,3461 1562,3471"/>
                <Baseline points="1573,3503 1629,3502 1685,3502 1742,3501 1798,3501 1855,3500 1911,3500 1968,3499 2024,3499 2081,3498 2137,3498 2193,3497 2250,3496 2306,3496 2363,3495 2419,3494 2476,3493 2532,3492 2589,3491 2645,3489 2702,3488"/>
                <TextEquiv>
                    <Unicode>Feinde sind? Unbekannte, die ahnen, wie sehr du sie ver¬</Unicode>
                </TextEquiv>
            </TextLine>
            <TextLine id="r3l53" custom="readingOrder {index:52;}">
                <Coords points="2725,3552 3079,3552 3142,3533 3297,3566 3296,3498 3226,3486 3135,3507 2949,3500 2932,3485 2884,3507 2725,3510"/>
                <Baseline points="2735,3539 2762,3538 2790,3537 2817,3536 2845,3536 2872,3536 2900,3535 2927,3536 2955,3536 2982,3536 3010,3536 3037,3536 3065,3537 3092,3537 3120,3537 3147,3536 3175,3536 3202,3535 3230,3535 3257,3533 3285,3531"/>
                <TextEquiv>
                    <Unicode>man einem deutschen Dichter</Unicode>
                </TextEquiv>
            </TextLine>
            <TextLine id="r3l54" custom="readingOrder {index:53;}">
                <Coords points="1556,3550 2612,3556 2722,3545 2721,3479 1555,3504"/>
                <Baseline points="1566,3548 1623,3548 1680,3547 1737,3547 1795,3546 1852,3546 1909,3546 1966,3545 2024,3545 2081,3545 2138,3544 2195,3544 2253,3543 2310,3543 2367,3542 2424,3541 2482,3540 2539,3539 2596,3538 2653,3536 2711,3535"/>
                <TextEquiv>
                    <Unicode>achten würdest, wenn du sie kenntest.“ Dennoch atmet jeder</Unicode>
                </TextEquiv>
            </TextLine>
            <TextLine id="r3l55" custom="readingOrder {index:54;}">
                <Coords points="2740,3605 2916,3582 3072,3599 3193,3577 3265,3588 3280,3586 3280,3541 2956,3540 2901,3557 2863,3542 2740,3546"/>
                <Baseline points="2750,3586 2776,3584 2802,3583 2828,3582 2854,3582 2880,3582 2906,3582 2932,3582 2958,3582 2984,3583 3010,3583 3036,3583 3062,3584 3088,3584 3114,3584 3140,3584 3166,3584 3192,3583 3218,3582 3244,3581 3270,3580"/>
                <TextEquiv>
                    <Unicode>heimnis leugnet, wird in</Unicode>
                </TextEquiv>
            </TextLine>
            <TextLine id="r3l56" custom="readingOrder {index:55;}">
                <Coords points="1558,3599 2712,3584 2711,3542 1558,3550"/>
                <Baseline points="1568,3593 1624,3593 1681,3593 1738,3593 1794,3593 1851,3593 1908,3593 1964,3593 2021,3593 2078,3592 2135,3592 2191,3591 2248,3590 2305,3590 2361,3589 2418,3588 2475,3587 2531,3586 2588,3585 2645,3584 2702,3582"/>
                <TextEquiv>
                    <Unicode>dieser Sätze etwas vom Wesen Schnitzlers, in ihrem Gefüge</Unicode>
                </TextEquiv>
            </TextLine>
            <TextLine id="r3l57" custom="readingOrder {index:56;}">
                <Coords points="2735,3647 2907,3636 2930,3653 3067,3628 3237,3644 3258,3628 3305,3647 3304,3558 3207,3595 2917,3581 2735,3604"/>
                <Baseline points="2745,3634 2772,3632 2799,3631 2827,3631 2854,3630 2882,3629 2909,3629 2936,3629 2964,3628 2991,3628 3019,3628 3046,3628 3073,3628 3101,3628 3128,3628 3156,3628 3183,3627 3210,3627 3238,3626 3265,3626 3293,3625"/>
                <TextEquiv>
                    <Unicode>„Geheimer Rat“, und auch </Unicode>
                </TextEquiv>
            </TextLine>
            <TextLine id="r3l58" custom="readingOrder {index:57;}">
                <Coords points="1558,3641 2599,3651 2713,3640 2713,3593 1557,3599"/>
                <Baseline points="1568,3642 1624,3641 1681,3640 1738,3639 1794,3639 1851,3638 1908,3638 1964,3638 2021,3637 2078,3637 2135,3637 2191,3636 2248,3636 2305,3635 2361,3635 2418,3634 2475,3634 2531,3633 2588,3632 2645,3631 2702,3630"/>
                <TextEquiv>
                    <Unicode>webt das Geheimnis der Persönlichkeit, das er selbst einmal</Unicode>
                </TextEquiv>
            </TextLine>
            <TextLine id="r3l59" custom="readingOrder {index:58;}">
                <Coords points="2734,3688 2865,3676 2901,3689 2924,3674 3005,3698 3110,3676 3176,3691 3297,3679 3296,3641 3258,3629 3239,3644 3066,3630 2734,3650"/>
                <Baseline points="2745,3679 2772,3679 2799,3679 2826,3678 2853,3678 2880,3678 2907,3677 2934,3677 2961,3677 2988,3677 3015,3676 3042,3676 3069,3676 3096,3676 3123,3676 3150,3676 3177,3675 3204,3675 3231,3675 3258,3676 3286,3676"/>
                <TextEquiv>
                    <Unicode>wollte es auch gar nicht wer</Unicode>
                </TextEquiv>
            </TextLine>
            <TextLine id="r3l60" custom="readingOrder {index:59;}">
                <Coords points="1556,3694 2632,3695 2716,3681 2716,3633 1556,3649"/>
                <Baseline points="1566,3689 1623,3687 1680,3686 1737,3685 1794,3684 1851,3683 1908,3682 1965,3681 2022,3681 2079,3681 2136,3680 2193,3680 2250,3679 2307,3679 2364,3679 2421,3678 2478,3678 2535,3677 2592,3676 2649,3675 2706,3674"/>
                <TextEquiv>
                    <Unicode>mit den Worten vorbildlich umschreibt: „Was als Per¬</Unicode>
                </TextEquiv>
            </TextLine>
            <TextLine id="r3l61" custom="readingOrder {index:60;}">
                <Coords points="2728,3743 2861,3721 2910,3742 2935,3727 3151,3738 3225,3720 3302,3751 3301,3684 3276,3680 2901,3689 2861,3674 2728,3690"/>
                <Baseline points="2739,3726 2766,3726 2794,3726 2821,3725 2849,3725 2876,3725 2904,3725 2931,3725 2959,3725 2986,3724 3014,3724 3042,3724 3069,3724 3097,3723 3124,3723 3152,3723 3179,3723 3207,3722 3234,3722 3262,3722 3290,3722"/>
                <TextEquiv>
                    <Unicode>seines Urteils um keinen Pr.</Unicode>
                </TextEquiv>
            </TextLine>
            <TextLine id="r3l62" custom="readingOrder {index:61;}">
                <Coords points="1562,3746 2684,3733 2719,3692 1562,3693"/>
                <Baseline points="1573,3730 1629,3731 1686,3731 1743,3732 1800,3732 1857,3732 1914,3731 1970,3731 2027,3730 2084,3729 2141,3729 2198,3728 2255,3727 2312,3726 2368,3725 2425,3724 2482,3724 2539,3723 2596,3723 2653,3723 2710,3723"/>
                <TextEquiv>
                    <Unicode>sönlichkeit wirkt, ist das Leuchten aller Möglichkeiten eines</Unicode>
                </TextEquiv>
            </TextLine>
            <TextLine id="r3l63" custom="readingOrder {index:62;}">
                <Coords points="1583,3803 3205,3811 3297,3766 3089,3719 1583,3742"/>
                <Baseline points="1594,3797 1678,3792 1763,3788 1847,3785 1932,3783 2017,3781 2101,3779 2186,3778 2270,3778 2355,3777 2440,3777 2524,3777 2609,3777 2693,3777 2778,3777 2863,3776 2947,3776 3032,3775 3116,3773 3201,3771 3286,3768"/>
                <TextEquiv>
                    <Unicode>Charakters hinter seinen wirklichen und zufälligen Lebens= abkaufen ließ. Ihn darum</Unicode>
                </TextEquiv>
            </TextLine>
            <TextLine id="r3l64" custom="readingOrder {index:63;}">
                <Coords points="2663,4210 3230,4190 3273,4206 3304,4186 3302,4118 3147,4153 3084,4131 3020,4161 2865,4151 2788,4185 2662,4172"/>
                <Baseline points="2673,4209 2704,4209 2735,4208 2766,4208 2797,4207 2828,4206 2859,4206 2890,4205 2921,4204 2952,4203 2983,4202 3014,4202 3045,4201 3076,4200 3107,4199 3138,4197 3169,4196 3200,4194 3231,4193 3262,4191 3294,4190"/>
                <TextEquiv>
                    <Unicode> et ceeer  1.2</Unicode>
                </TextEquiv>
            </TextLine>
            <TextEquiv>
                <Unicode>—
 
in „Frage an das Schicksal“ konkludiert ganz ähnlich, wenn äußerungen.“ Zu dieser
gebenen Falle auch die
auch noch mehr in der Richtung zum Gesellschafts=Witzigen,
Gabe, amüsant zu sein, das
ein junger Schwerenöter: „Also das eine wird mir jetzt klar:
derart zu formulieren, daß
daß die Weiber auch noch in der Hypnose lügen. Später
Alle Welt schreibt heute De
werden, wie bei jedem wahren Dichter, aus den „Weibern“
über diese Memoirenschreiber,
Frauen, aus dem Witz wird Weisheit, letzte schmerzliche
illustren Schar persönlich wi
Erkenntnis, traurig beglückend: So heißt es in Schnitzlers
in einem Aphorisma des gena#
letztem dramatischen Werk: „Der Gang zum Weiher“, dessen
Gesicht: „Man hat es
Aufführung am Wiener Burgtheater er noch erleben durfte, in
schreiben, wenn man ein sch
einem unsterblichen Vers: „Als lernte Leid sich leicht. Auch
sollte diesen lapidaren Satz
Leid ist Gnade.“ Hier wird die Philosophie lauterste Poesie.
aufnehmen. Denn das ist, w#
spielphilosophie.
Den Geist, den Schnitzler in seinem Dialog versprühte
Der Probestein für jede
doch immer im Dienste dramatischer Charakteristik -
zu Gott. Wie steht es dam
sublimierte er in seinen letzten Jahren zu einem köstlichen
Skeptiker, der seine Bekan
kleinen Werk: „Buch der Sprüche und Bedenken.“ Es ist
Gott!“, seine Freunde, noch
ein rein philosophisches Buch, aber ein von lebendigster
der Himmel!“ begrüßte, gal
Anschauung völlig durchdrungenes, von der Art etwa der
liche Unabhängigkeit seines
großen Moralisten des französischen siebzehnten und acht¬
nahmen, für einen sehr unsich
zehnten Jahrhunderts, eines La Bruyère, eines Chamfort.
sachen. Tartüff, der ihm der
Oder klingt es nicht wie von La Bruyère, wenn
verzeihen konnte, sagte zwar
Schnitzler notiert: „Mit dem Ohr der Menschheit ist es so
nicht verzeihen konnte — es
beschaffen, daß es den Schall zu verschlafen und erst durch
die Dinge so gerade heraus
das Echo zu erwachen pflegt“? Glaubt man nicht Chamfort
er mit Bedauern, daß Schnitzl
zu hören, wenn der Dichter äußert: „Wer deine bittersten
physische“ hinübergreife, da
Feinde sind? Unbekannte, die ahnen, wie sehr du sie ver¬
man einem deutschen Dichter
achten würdest, wenn du sie kenntest.“ Dennoch atmet jeder
heimnis leugnet, wird in
dieser Sätze etwas vom Wesen Schnitzlers, in ihrem Gefüge
„Geheimer Rat“, und auch 
webt das Geheimnis der Persönlichkeit, das er selbst einmal
wollte es auch gar nicht wer
mit den Worten vorbildlich umschreibt: „Was als Per¬
seines Urteils um keinen Pr.
sönlichkeit wirkt, ist das Leuchten aller Möglichkeiten eines
Charakters hinter seinen wirklichen und zufälligen Lebens= abkaufen ließ. Ihn darum
 et ceeer  1.2</Unicode>
            </TextEquiv>
        </TextRegion>
    </Page>
</PcGts>
