3344 4384
1706 136 2410 212 —
938 223 1399 313 box 38/2
193 219 799 331 2. Cuttings
1659 537 1828 623 — 116 —
599 588 2976 691 Die Jüngsten stehen noch ganz im Bühnenkampf. Paul vielleicht sehr deutlich begriffen. Kein bewußter Wille
510 659 2970 742 Kornfeld, Alfred Wolfenstein, Hans José Rehfisch zum jüdischen Drama gab ihm einst die Schauspiele „Die
518 743 2984 792 haben drei Elemente einzusetzen: einen tiefen Drang, ein hohes Mütter“, „Agnes Jordan“, „Nebeneinander“ ein. Er sagte
2152 767 2978 854 und schilderte, was er geschen und
520 786 1302 857 Wollen und einen zähen Ehrgeiz —
2156 818 2979 907 erlitten. Er kultivierte nicht in sich,
522 842 1121 914 jüdische Wege zum Erfolg.
2159 882 2981 962 was Sehmerz und Problem war. Er
572 879 1348 976 Die Aelteren, noch nicht Alten,
2161 932 2984 1001 ging dann auch immer mehr zum
520 938 1358 1016 kennen diese Wege und lächeln ein
2161 973 2989 1056 Glück des Erzählers über, als sein
529 995 1355 1078 wenig, von Erinnerung beschwert,
2173 1029 2976 1114 wahrhaft jüdisches Drama „Hosea“ un¬
518 1052 1347 1122 Hoffnung bis ans Ende nährend. Den
2163 1080 2985 1164 beachtet blieb. Starke und edie Kräfte
519 1103 1357 1182 Ringenden draußen verwandter als
2173 1132 2995 1208 sieht er am Werk, doch keine von
520 1149 1349 1221 Ludwig Fulda mag Georg Hirsch¬
2171 1184 2987 1265 ihnen scheint ihm den Beweis zu
532 1210 1352 1278 feld sein. Fulda, der feine, vielseitige
2173 1234 2995 1314 liefern, daß das deutsche Drama der
528 1262 1357 1339 Schriftsteller, der meisterliche Ueber¬
2175 1284 2999 1361 Zukunft notwendig der jüdischen
525 1301 1360 1376 setzer, der orientalisch fabulierende
2167 1335 2996 1422 Seele entsteigen müsse, Noch einmal
529 1363 1355 1425 Dramatiker vergangener Bürgerzeit,
2177 1387 3000 1468 steht“, der unsterbliche Zwiespalt
523 1411 1358 1482 steht in einer sicheren Alterssphäre.
2187 1430 2997 1512 unseres Volkes da: Das Leben ist
529 1462 1352 1533 Georg Hirschfeld wandert noch durch
2178 1494 3000 1563 unser, in Gewalten, die alles um¬
525 1506 1351 1589 die neue Welt der Erscheinungen. Wenn
2191 1537 2998 1603 schließen, ertragen, errungen, erkannt
527 1567 1353 1631 man ihn vergißt, wiegt ihm das nicht
2187 1583 3000 1656 aber der Ueber-Shakespeare, der es auf
533 1619 1362 1699 viel, denn seine Art ist das Vergessen
2183 1624 3003 1706 die Bühne stellte, ist aus unseren
538 1674 1370 1755 nicht. Er leidet nicht mehr um sein
2195 1684 3003 1751 Säften nicht denkbar, denn was ihn
535 1713 1370 1770 „Volk“, aber er kommt aus dem Leiden
2190 1733 3012 1806 zeugen könnte, zerteilt sich in Traum
534 1774 1359 1841 und hat ohne Anklage, ohne Propheten¬
2190 1790 2471 1871 und Kritik.
1608 1776 1935 1872 H. J. Rehfisch
543 1817 1371 1903 wahn und ganz ohne Hohn die Situation
1495 1907 2058 2017 Die Megillah
1438 1981 2106 2091 Buch Esther, Kap. 6.1—8,17
1773 2028 3006 2133 war. Da sprachen zu ihm seine Weisen und Seresch,
622 2060 1771 2150 In selbiger Nacht, da der Schlaf den König floh,
1776 2105 3008 2179 sein Weib: „Wenn dieser Mordechai, vor dem du zu
550 2129 1783 2200 ließ dieser sich das Buch der Reichs-Annalen bringen
1771 2144 3012 2218 fallen begonnen hast, vom Geschlechte der Juden ist,
543 2177 1775 2267 und daraus vorlesen. Nun fand sich darin geschrieben,
1782 2191 3017 2280 so vermagst du nichts wider ihn, sondern fällst ganz
551 2234 1767 2309 daß Mordechai den Biglhana und den Theresch, die
1783 2258 2205 2339 und gar vor ihm.“
545 2268 1768 2353 beiden Eunuchen des Königs, welche das Vorzimmer
547 2316 1776 2408 bewachten, und welche Hand an den König Acha¬
1870 2343 3003 2410 Während sie noch redeten, kamen die Ver¬
553 2371 1784 2449 schwerosch halten legen wollen, angezeigt halte. Da
1774 2385 3018 2454 schnittenen des Königs und führten den Haman eilig
550 2425 1784 2483 fragte der König: „Was ist dem Mordechai dafür an
1782 2437 3014 2513 zu dem Mahle, das die Esther bereitet hafle. Und als
1365 2461 1785 2532 Die anwesenden
560 2477 1315 2540 Lohn und Ehre erfeilt worden?“
1775 2484 3019 2556 der König mit Haman zum Mahle der Königin Esther
554 2514 1765 2589 Diener antworteten: „Es ist ihm nichts dafür geworden.“
1782 2520 3027 2624 gekommen war, da sprach der König zu ihr auch an
554 2560 1780 2636 Da sprach der König: „Wer isi im Hofe?“ (Nun war
1790 2580 3015 2657 diesem zweiten Tage, während sie Wein franken: „Was
548 2615 1771 2683 gerade Hoinan in den äußeren Hof des Pelastes ge¬
1798 2638 3014 2711 wiinsches! du, Königin Esther? Es soll dir gewährt
557 2648 1775 2730 kommen, um dem König zu sagen, er solle den Morde¬
1797 2682 3013 2750 werden. Was begehrsi du? Wär’s auch die Hälfle des
549 2704 1769 2800 Glai an den Galgen hängen lassen, den er für ihn er¬
1786 2726 3024 2809 Reiches, es soll geschehen!“. Da nahm die Königin
559 2748 1782 2824 richtet hatte.) Da sprachen die Diener: „Haman sieht
1787 2771 3023 2844 Esiher das Wort und sprach: „Wenn ich Gnade gefunden
552 2803 1784 2904 im Hofe.“ Der König gebol: „Er kommel“. Als Haman
1788 2828 3022 2908 habe, o König, in deinen Augen, und du wohl willst, so
558 2846 1793 2932 eingetreten war, sagie der König zu ihm: „Was soll
1798 2869 3021 2953 werde mir das Leben geschenkt, das ist mein Wunsch,
550 2895 1789 2978 man dem Manne lun, den der König ehren will?“ Da
1794 2919 3019 3011 und mein Volk, das ist mein Begehr! Denn wir sind
553 2948 1798 3044 dachte Haman: Wen könnte der König mehr ehren
1795 2960 3005 3044 verkauft, ich und mein Volk, und sollen vertilgt, er¬
563 2995 1785 3075 wollen als mich? und anfworlete dem Könige: „Dem
1803 3011 3029 3096 würgt und umgebracht werden. Wären wir als Sklaven
554 3052 1773 3110 Manne, den der König ehren will, soll man ein könig¬
1792 3062 3008 3143 und Sklavinnen verkauff worden, so hälte ich ge¬
555 3106 1791 3168 liches Gewand bringen, das der König selbsi getragen
1796 3112 3018 3187 schiwiegen; aber der Feind ist nicht imslande, den
554 3140 1798 3223 hat, und ein Pferd, das der König gerillen hat und
1797 3146 3032 3233 Schaden des Königs zu erselzen.“ Da sprach der König
564 3193 1793 3266 welches die königliche Krone getragen hat. Und dies
1795 3210 3021 3288 Achaschwerosch zu der Königin Esiher: Wer ist der,
573 3244 1801 3305 Gewand und Pferd soll man einem der vornehmsien
1801 3240 3017 3331 und wo ist der, welcher solches im Schilde führt?“
568 3285 1791 3384 Herren am Hofe übergeben, damit er den Mann, den
1799 3284 3034 3385 Esther anfwortele: „Der Feind und Widersacher ist
569 3331 1786 3420 der König ehren will, damit bekleide und ihn zu Pferde
1796 3349 3035 3420 dieser böse Haman dal“ Da erschrak Haman vor dem
573 3384 1796 3457 durch die Straßen der Siadt führe, indem er ausruft:
1803 3404 3026 3471 König und der Königin; der König aber stand vom
574 3443 1790 3508 So fut man dem Manne, den der König ehren willl“ Da
1809 3442 3035 3523 Mahle auf im Zorne und ging in den Gerten des
574 3474 1794 3571 sprach der König zu Haman: „Eile, nimm das Gewand
1803 3487 3035 3572 Palasies. Haman aber blieb zurück und bat die
576 3528 1801 3604 und das Pferd, wi du gesagt hast, und iu' so mit dem
1804 3536 3037 3631 Königin Esther um sein Leben; denn er soh wohl ein,
576 3574 1799 3670 Juden Mordechai, der an der Pforte des Palastes sitzt,
1804 3598 3024 3668 daß von seiten des Königs sein Unglück eine
572 3622 1742 3714 und unterlasse nichis von dem, was du gesagt hast.“
1802 3633 3037 3728 beschlossne Sache sei. Als aber der König aus dem
673 3661 1804 3751 Darauf nahm Haman das Pferd und das Gewand
1805 3680 3038 3764 Garten zurückkam in den Speisesaal und den Haman
576 3716 1804 3791 und bekleidete damit den Mordechai und führte ihn zu
1817 3738 3031 3821 auf dem Polster liegen sah, wo die Esther sich befand,
579 3765 1799 3852 Pferd durch die Straßen der Stadl, indem er vor ihm
1808 3793 3030 3861 rief er aus: „Will er gar der Königin Gewall antun in
584 3813 1801 3884 ausrief: „So jut man dem Manne, den der König ehren
1817 3842 3043 3910 meiner Gegenwart, in meinem Hause?“ Sofort gab er
583 3865 1806 3931 willl“ Nachher kehrie Mordechei an die Pforte des
1810 3878 3048 3956 Befehl, und man verhüllle das Gesicht Hamans. Und
572 3917 1803 3983 Palasies zurück, Haman aber eille nach Hause, fraurig
1819 3925 3045 4011 Charbona, einer der Verschniltenen des Königs, sprach
585 3957 1801 4040 und mit verhülltem Haupte, und erzählte seinem Weibe
571 3966 3046 4080 Seresch und all seinen Freunden, was ihm begegnet zu diesem: „Da siehl ja der Galgen im Hause Hamans,
