3436 4384
1646 55 2496 139 en en dersen ene e een en Aen
816 105 1641 155 diani; ma com'é al suo stesso nascere nel
1655 117 2482 174 ed oppone sempre la stessa sfuggevole resi¬
816 144 1648 193 cuore degli uomini, con tutti gli interropa¬
1659 159 2489 205 stenza, si dà sempre con lo stesso riservato
808 183 1639 240 tivi tormentosi e cosl facilmente dimenti¬
1656 200 2491 249 abbandono all’incalzare dei fatti. Nel Paz¬
808 227 1639 280 cati se non si presenta subito la risposta,
1654 238 2530 285 hagallo verde potrà eccitarsi sino all’assas. :
806 262 1640 326 colle curiosità e le inquietudini davanti a
1659 274 2493 330 sinio, un momento di aberrazione nel quale,
812 304 1647 361 misterlose novità che domani potrebbero
1658 307 2529 361 come altra volta, l’autentico Anatolio tra¬
813 342 1647 389 sorgere e di cui oggi si ha appena il pre¬
1650 349 2492 399 disce se stesso prendendosi gul serio sino
807 383 1637 422 sentimento, o il sospetto o la sveranza o
1656 384 2512 448 al punto di agire sotto la spinta della pro¬
807 417 1644 460 un inesprimibile timore; quella vita che
1663 435 2494 479 pria passione; ma in questa stessa azione
799 451 1646 515 non ha catastrofi esteriori da impressionare
1661 472 2488 511 lo stile amletico rimane l’essenza squisita
802 493 1636 546 1 cercatori di Gammi sensazionali, che ###
1658 509 2481 554 di ogni momento, di ogni gesto, di ogni
820 537 1641 587 svolge in case, in tamiglie, in città bene
1660 552 2478 600 parola. In questo stile amletico l’epoca ri¬
809 569 1643 623 ordinate, regolari, normali, senza scesse di
1661 581 2482 653 conosceva se stessa, Schnitzler trovava l’a¬
815 611 1643 660 nessun genere, senza terrori nè dubbi ne
1660 627 2122 687 dito al grande successo.
809 650 1645 715 preoccupazioni troppo serie per il domani:
1682 656 2482 716 Certo, coll'’incalzare degli anni, anche
814 688 1650 735 quella bella Vienna grassa-e lucida della
1659 698 2482 746 Schnitzler doveva rimanere isolato, non
819 726 1648 780 fine del secolo, dove tutti stavano bene ed
1662 744 2498 794 trovare piü nel pubblico la larga eco del
814 772 1639 825 avevano tutti gli agi per occuparsi della
1651 780 2476 832 primo decennio del secolo, vedere inari¬
809 807 1637 866 loro rispettabilissima persona; un mondo
1651 820 2494 879 dirsi la vena, la tendenza che dai suol
803 850 1639 892 un poco limitato ed egoista, senza dubbio.
1659 861 2488 913 drammi scendeva nel pubblico. II mondo
811 882 1641 943 ma non troppo, tuttavia; un mondo per il
1649 888 2491 953 preparavá ad Amleto una avventura che
804 927 1644 973 quale, per esempio, l’arte ed in genere
1655 934 2480 993 non era fatta per lui, che superava di
807 965 1635 1025 tutto quello che ha attinenza collo spirito,
1660 970 2494 1035 troppo la sua statura, le sue possibilità. Non
805 1004 1636 1060 esisteva ed aveva grande importänza; un
1649 1015 2492 1058 valeva piü fermarsi sorridendo in riva al
804 1046 1644 1087 mondo graffinatone dsupercoltivaton co¬
1654 1054 2485 1106 fiume per ammirare la corrente fuggevole
816 1080 1646 1137 ma stava diventando l’intera Germania, e
1660 1081 2489 1145 ed esercitarvj sopra la propria ironia;
816 1122 1642 1165 che si dedicava soprattutto e con grande
1651 1133 2486 1189 non si poteva piü essere infinitamente
804 1161 1635 1216 delizia all’arte pericolosa dell’introspezione.
1658 1174 2485 1226 stanchi di non fare nulla; il tempo af¬
853 1196 1639 1246 Se si paragonano insieme 1 Tersitort ed
1654 1208 2487 1266 ferrava gli uomini a mezza vità e li
801 1234 1636 1288 Anatol, non c’è dubbio, il mondo del primo
1649 1248 2476 1307 costringeva ad agire loro malgrado; non
809 1279 1643 1336 2 assai piü complesso, la visione piü gran¬
1644 1282 2487 1347 ei poteva orà essere ammalati e disprezzare
807 1315 1636 1358 diosa, la escenicitàn senz’altro superiore.
1648 1328 2475 1388 la salute sotto lo specioso pretesto che sani
802 1357 1643 1401 Ma, i due drammi sono scritti nello stesso
1657 1368 2492 1416 si & tutti ad un mödo, mentre la malaltia
801 1391 1643 1446 annoe nello stesso anno sono nati i due
1660 1411 2491 1458 permette a ciascuno di essere ammalati in
799 1424 1645 1494 poeti; fatalmente vien fatto di pensare che
1656 1444 2480 1497 un modo diverso; ora agli ammalati non
808 1474 1633 1531 (a parità di valore puro poctico) & sulla
1651 1485 2476 1551 restava altro che rassegnarsi a morire. Ed
809 1510 1636 1562 strada di dare un dramma moderno alla
1653 1513 2486 1591 ecco perché anche di Schintzler, tanto su¬
808 1551 1640 1600 Germania piuttosto l’autöre che prende per
1650 1561 2477 1606 periore ai contemporanei, 1a gener#slen¬
802 1597 2475 1659 soggetto i zuoi amori giovanili (e chlamia-della guerra e di dopo la guerra non doveva
812 1631 2479 1692 moli anche amoretti) con tutte le loro com- conservare nulla: specchio di un mondo
802 1656 1634 1714 plicazioni psicologiche, piuttosto che l'al¬
1642 1684 2481 1738 distrutto, anche la sua arte, nel logorante
805 1706 1634 1761 tro, quello che tenta di sollevarsi al disopra
1656 1724 2473 1777 travaglio teatrale, non poteva piü resistere.
806 1736 1649 1798 di se stesso cantando un mondo, uomini,
804 1783 1656 1846 sofferenze che gli sono del tutto estranei.
2061 1766 2435 1845 Alberto Spaini.
814 1815 1644 1880 Per quanto limitato possa apparire i1 mon
806 1863 1654 1916 do di Schnitzler in Anatol, esso ha un eier
800 1896 1682 1958 me vantaggie: quello di essere completa¬
809 1938 1657 1981 mente centtato nel poeta, nella zua vita,
809 1983 1654 2036 nella zua stessa struttura psicologica; esten¬
806 2018 1663 2071 dendesi non perderà mai 41 consistenza;
798 2058 1662 2106 saranno nucve parti che si connetteranno
809 2098 1673 2140 ad un centro ben preciso, ben fondato, nu¬
798 2136 1665 2200 trito nella piena intimità dell’anima e dello
808 2172 990 2225 spirito.
850 2208 1665 2276 Anatol non muore in quella prima serie;
797 2244 1665 2296 di dialoghi colla quale viene al mondo:
802 2290 1662 2348 passan gli anni e la spensieratezza giova¬
792 2335 1652 2387 nile & paralizzata da tutte le nuove com¬
796 2361 1669 2431 plicazioni che la vita impone: gli amoretti“
803 2409 1663 2467 divengono passioni cocenti, divengono
802 2456 1650 2489 drammi profondamente sepolti nella co¬
811 2486 1652 2542 scienza, tragedie flammanti o fosche e
798 2522 1665 2585 cupe torture che si eternizzano in immo¬
808 2605 1666 2655 Anatol arricchisce le sue esperienze chef
799 2643 1669 2700 erano già cosl fini e complete; ma sempret
799 2684 1663 2740 si comporta come il primo ingenuo dolce
794 2716 1661 2768 sorridente, ma nobile intelligente resisten¬
807 2760 1651 2813 te Anatol si erà comportato: analizzändosi
793 2805 1662 2861 con una evidente tenerezza per se stesso,
808 2841 1650 2896 con molta pietà per quanto gli tocca, sof¬
795 2886 1661 2930 frire, ma senza nessuna debolezza, nessuna
792 2948 1658 3010 davanti alle rivelazioni piü penose; si com¬
803 2993 1655 3053 porta da uomo che ha soprattutto il com¬
803 3035 1655 3089 pito di conoscere se stesso ed il dovere
796 3068 1662 3136 di conoscere e comprendere allo stesso moy
801 3119 1666 3165 do gli altri; tollerante e compassionevole
802 3165 1660 3217 quanto verso se stesso & ironico e spesso
793 3192 1182 3254 senza indulgenza.
841 3210 1661 3277 Con Schnitzler la psicologia entra da
808 3277 1655 3329 conquistatffte Sül teätro tedesco (proflosti¬
802 3311 1664 3369 co delle orge freudiane, ugualmente par¬
806 3349 1654 3413 tenti da Vienna, un ventennio piü fardi);
794 3384 1666 3456 ma non & mai un psicologismo gretto od
806 3430 1650 3483 artefatto che inventa i suoj temi e si ripro¬
805 3472 1663 3518 duce oziosamente; & un tipo di umanità,
804 3513 1658 3572 quella ch’egli ha davanti, ben precisata,
801 3553 1651 3605 ben conosciuta, limitata forse in quella
799 3594 1646 3643 cerchia borghese ch’egli frequenta, ma che
805 3629 1657 3679 insomma & la classe nella quale in quegli
794 3674 1640 3718 ann si riassume la vita spirituale in Ger¬
801 3710 1657 3766 mania. Se Schnitzler avesse avuto una
813 3747 1657 3787 scuola, imitatori, emuli, forse anche il tea¬
797 3783 1648 3849 tro tedesco sarebbe rimasto invaso dall’o¬
