<?xml version="1.0" encoding="UTF-8" standalone="yes"?>
<PcGts xmlns="http://schema.primaresearch.org/PAGE/gts/pagecontent/2013-07-15" xmlns:xsi="http://www.w3.org/2001/XMLSchema-instance" xsi:schemaLocation="http://schema.primaresearch.org/PAGE/gts/pagecontent/2013-07-15 http://schema.primaresearch.org/PAGE/gts/pagecontent/2013-07-15/pagecontent.xsd">
    <Metadata>
        <Creator>prov=University of Rostock/Institute of Mathematics/CITlab/Gundram Leifert/gundram.leifert@uni-rostock.de:name=ONB_Newseye_GT_M1+(htr_id=10810)::::v=2.4.2
prov=University of Rostock/Institute of Mathematics/CITlab/Tobias Gruening/tobias.gruening@uni-rostock.de:name=de.uros.citlab.module.baseline2polygon.B2PSeamMultiOriented:v=2.4.2
prov=University of Rostock/Institute of Mathematics/CITlab/Tobias Gruening/tobias.gruening@uni-rostock.de:name=/mnt/transkribus/LA/DEA/URO/LA_news_onb_att.pb:de.uros.citlab.segmentation.CITlab_LA_ML:v=2.4.2
Transkribus</Creator>
        <Created>2019-10-07T15:18:44.377+02:00</Created>
        <LastChange>2019-10-09T01:32:26.567+02:00</LastChange>
        <TranskribusMetadata docId="224261" pageId="9516197" pageNr="65" tsid="16618467" status="IN_PROGRESS" userId="40391" imgUrl="https://files.transkribus.eu/Get?id=KTNNYJOJGSEZUXZTQZACVREL&amp;fileType=view" xmlUrl="https://files.transkribus.eu/Get?id=XLAWBWXCXLBLQLYOYYNMVEDX" imageId="6204274"/>
    </Metadata>
    <Page imageFilename="224261_0065.jpeg" imageWidth="3344" imageHeight="4320">
        <ReadingOrder>
            <OrderedGroup id="ro_1711443191796" caption="Regions reading order">
                <RegionRefIndexed index="0" regionRef="r1"/>
                <RegionRefIndexed index="1" regionRef="r2"/>
            </OrderedGroup>
        </ReadingOrder>
        <TextRegion orientation="0.0" id="r1" custom="readingOrder {index:0;}">
            <Coords points="166,198 166,367 748,367 748,198"/>
            <TextLine id="r1l1" custom="readingOrder {index:0;}">
                <Coords points="156,307 261,304 382,345 432,327 717,335 758,316 758,286 708,254 628,269 559,247 477,262 354,247 265,271 196,245 157,261"/>
                <Baseline points="166,298 195,302 224,305 253,308 282,311 311,313 340,314 369,315 398,316 427,316 457,317 486,316 515,316 544,316 573,316 602,316 631,315 660,315 689,315 718,316 748,316"/>
                <TextEquiv>
                    <Unicode>2. duttings</Unicode>
                </TextEquiv>
            </TextLine>
            <TextEquiv>
                <Unicode>2. duttings</Unicode>
            </TextEquiv>
        </TextRegion>
        <TextRegion orientation="0.0" id="r2" custom="readingOrder {index:1;}">
            <Coords points="907,185 907,4078 2858,4078 2858,185"/>
            <TextLine id="r2l1" custom="readingOrder {index:0;}">
                <Coords points="1785,229 1830,222 1844,232 1876,216 1896,228 1934,217 1962,228 1972,219 1991,237 2003,228 2027,233 2030,173 2000,188 1956,172 1933,184 1921,170 1876,184 1821,152 1789,154"/>
                <Baseline points="1796,205 1823,205 1851,205 1879,206 1907,208 1935,210 1963,212 1991,214 2019,216"/>
                <TextEquiv>
                    <Unicode>Extrait de</Unicode>
                </TextEquiv>
            </TextLine>
            <TextLine id="r2l2" custom="readingOrder {index:1;}">
                <Coords points="2627,270 2654,274 2666,268 2688,288 2715,279 2733,281 2745,291 2766,282 2782,290 2804,277 2815,278 2818,245 2794,236 2774,238 2765,230 2735,233 2722,219 2706,229 2684,223 2656,236 2631,224"/>
                <Baseline points="2637,256 2665,257 2693,260 2721,262 2749,265 2777,267 2806,269"/>
                <TextEquiv>
                    <Unicode>agtasee </Unicode>
                </TextEquiv>
            </TextLine>
            <TextLine id="r2l3" custom="readingOrder {index:2;}">
                <Coords points="1775,286 1956,277 2221,319 2280,296 2359,323 2462,310 2510,336 2534,334 2537,282 2448,259 2086,267 1928,218 1778,230"/>
                <Baseline points="1786,270 1823,272 1860,273 1897,275 1934,276 1971,278 2008,279 2045,281 2082,283 2119,285 2156,287 2193,288 2230,290 2267,293 2304,295 2341,298 2378,300 2415,302 2452,305 2489,308 2526,311"/>
                <TextEquiv>
                    <Unicode>Acresse : e . nnn</Unicode>
                </TextEquiv>
            </TextLine>
            <TextLine id="r2l4" custom="readingOrder {index:3;}">
                <Coords points="897,302 1025,319 1104,298 1192,319 1259,321 1297,302 1369,311 1368,257 1302,228 1239,247 1142,239 1096,274 1068,252 997,257 947,239 897,261"/>
                <Baseline points="907,294 932,293 957,293 982,293 1007,293 1032,293 1057,293 1082,293 1107,293 1133,293 1158,293 1183,293 1208,292 1233,292 1258,292 1283,291 1308,290 1333,289 1359,288"/>
                <TextEquiv>
                    <Unicode>box 38/2</Unicode>
                </TextEquiv>
            </TextLine>
            <TextLine id="r2l5" custom="readingOrder {index:4;}">
                <Coords points="2558,328 2642,331 2659,351 2674,353 2691,343 2707,347 2725,334 2738,343 2749,336 2772,348 2793,346 2795,319 2775,317 2737,296 2716,300 2672,278 2626,294 2561,297"/>
                <Baseline points="2569,316 2596,318 2623,320 2650,323 2677,326 2704,329 2731,332 2758,334 2785,338"/>
                <TextEquiv>
                    <Unicode> uenschageteninie.</Unicode>
                </TextEquiv>
            </TextLine>
            <TextLine id="r2l6" custom="readingOrder {index:5;}">
                <Coords points="1777,400 2124,394 2625,439 2628,385 2577,373 2333,377 2236,338 1969,356 1782,312"/>
                <Baseline points="1787,377 1828,378 1870,380 1911,380 1953,382 1994,383 2036,385 2077,387 2119,389 2160,391 2202,393 2243,396 2285,399 2326,402 2368,404 2409,407 2451,411 2492,414 2534,418 2575,423 2617,427"/>
                <TextEquiv>
                    <Unicode>Dett </Unicode>
                </TextEquiv>
            </TextLine>
            <TextLine id="r2l7" custom="readingOrder {index:6;}">
                <Coords points="1773,443 1852,473 1961,453 2063,474 2131,439 2279,484 2319,477 2321,409 2222,403 2166,424 2118,408 2079,434 1973,417 1945,433 1774,400"/>
                <Baseline points="1782,442 1808,445 1834,447 1861,449 1887,450 1914,451 1940,451 1966,452 1993,452 2019,452 2046,452 2072,452 2098,452 2125,452 2151,453 2178,454 2204,455 2230,456 2257,459 2283,462 2310,465"/>
                <TextEquiv>
                    <Unicode>Signd Ps</Unicode>
                </TextEquiv>
            </TextLine>
            <TextLine id="r2l8" custom="readingOrder {index:7;}">
                <Coords points="1281,661 2758,660 2757,615 2588,590 1281,615"/>
                <Baseline points="1290,658 1366,657 1443,657 1520,656 1597,655 1673,655 1750,655 1827,655 1904,655 1981,654 2057,654 2134,654 2211,654 2288,654 2365,653 2441,653 2518,652 2595,651 2672,650 2749,649"/>
                <TextEquiv>
                    <Unicode>Les Marenallag de desespen</Unicode>
                </TextEquiv>
            </TextLine>
            <TextLine id="r2l9" custom="readingOrder {index:8;}">
                <Coords points="1767,771 2683,770 2682,693 2645,688 2301,709 2222,688 2148,714 2119,688 2047,712 1948,689 1767,716"/>
                <Baseline points="1777,751 1821,751 1866,750 1911,750 1956,749 2001,749 2046,749 2090,748 2135,748 2180,748 2225,747 2270,747 2315,747 2360,747 2404,747 2449,747 2494,747 2539,747 2584,747 2629,747 2674,747"/>
                <TextEquiv>
                    <Unicode>pür Maurice de WALEFFE</Unicode>
                </TextEquiv>
            </TextLine>
            <TextLine id="r2l10" custom="readingOrder {index:9;}">
                <Coords points="1451,858 2784,845 2732,789 1566,816 1450,784"/>
                <Baseline points="1459,845 1524,844 1590,843 1656,842 1722,841 1787,840 1853,840 1919,839 1985,838 2050,838 2116,837 2182,837 2248,836 2313,836 2379,835 2445,834 2511,834 2576,833 2642,832 2708,830 2774,829"/>
                <TextEquiv>
                    <Unicode>'Al un ami colonial. II n’avgit,fois répétée de l’omne onimal friste</Unicode>
                </TextEquiv>
            </TextLine>
            <TextLine id="r2l11" custom="readingOrder {index:10;}">
                <Coords points="1468,882 2801,897 2865,842 1467,858"/>
                <Baseline points="1477,887 1545,885 1614,883 1683,882 1752,881 1821,880 1890,879 1959,879 2028,879 2097,879 2166,878 2234,878 2303,878 2372,878 2441,878 2510,877 2579,877 2648,877 2717,876 2786,875 2855,874"/>
                <TextEquiv>
                    <Unicode>plus remis le pied en Fran-Ipost voluptatem, l’amoureux galant</Unicode>
                </TextEquiv>
            </TextLine>
            <TextLine id="r2l12" custom="readingOrder {index:11;}">
                <Coords points="2049,926 2778,914 2778,890 2682,878 2049,886"/>
                <Baseline points="2058,916 2093,916 2129,917 2164,917 2200,917 2235,917 2271,916 2306,916 2342,915 2377,915 2413,914 2449,914 2484,913 2520,912 2555,912 2591,912 2626,911 2662,911 2697,911 2733,912 2769,913"/>
                <TextEquiv>
                    <Unicode>et poétique mué instantanément en</Unicode>
                </TextEquiv>
            </TextLine>
            <TextLine id="r2l13" custom="readingOrder {index:12;}">
                <Coords points="1472,936 1730,920 1859,932 1886,917 1990,930 2052,905 2051,877 1471,893"/>
                <Baseline points="1481,927 1509,926 1537,924 1565,924 1593,923 1621,922 1649,922 1677,921 1705,921 1733,920 1762,920 1790,920 1818,919 1846,919 1874,919 1902,918 1930,918 1958,917 1986,916 2014,915 2043,914"/>
                <TextEquiv>
                    <Unicode>ce depuis la guerre. Sa pre¬</Unicode>
                </TextEquiv>
            </TextLine>
            <TextLine id="r2l14" custom="readingOrder {index:13;}">
                <Coords points="1476,976 2781,962 2781,922 1475,931"/>
                <Baseline points="1484,969 1548,965 1612,963 1677,961 1741,959 1806,958 1870,957 1934,956 1999,956 2063,955 2128,955 2192,955 2256,955 2321,955 2385,955 2450,954 2514,954 2578,953 2643,952 2707,950 2772,949"/>
                <TextEquiv>
                    <Unicode>mière semaine de rctour algoujat ou en mulle, Est-ce si ine¬</Unicode>
                </TextEquiv>
            </TextLine>
            <TextLine id="r2l15" custom="readingOrder {index:14;}">
                <Coords points="2058,996 2193,1010 2237,989 2324,1017 2646,991 2788,1018 2787,953 2058,966"/>
                <Baseline points="2068,993 2103,993 2139,994 2174,994 2210,994 2245,994 2281,994 2316,994 2352,994 2387,994 2423,994 2459,994 2494,994 2530,993 2565,993 2601,992 2636,992 2672,991 2707,991 2743,989 2779,989"/>
                <TextEquiv>
                    <Unicode>vitable? Baudelaire voyait la chose</Unicode>
                </TextEquiv>
            </TextLine>
            <TextLine id="r2l16" custom="readingOrder {index:15;}">
                <Coords points="1470,1002 1547,1017 1620,995 1700,1012 1760,996 1985,1008 2039,1003 2038,959 1469,972"/>
                <Baseline points="1479,999 1506,1000 1534,1001 1561,1001 1589,1001 1616,1001 1644,1001 1671,1000 1699,1000 1726,1000 1754,999 1781,998 1809,997 1836,996 1864,995 1891,994 1919,994 1946,993 1974,992 2001,991 2029,991"/>
                <TextEquiv>
                    <Unicode>Paris, i4 l’a passée au théa¬</Unicode>
                </TextEquiv>
            </TextLine>
            <TextLine id="r2l17" custom="readingOrder {index:16;}">
                <Coords points="2054,1053 2083,1043 2103,1056 2128,1040 2183,1042 2203,1057 2214,1052 2234,1061 2251,1047 2297,1053 2297,1005 2259,1006 2237,990 2194,1007 2119,1005 2110,995 2080,1006 2054,996"/>
                <Baseline points="2063,1031 2088,1031 2113,1032 2138,1033 2163,1034 2188,1034 2213,1035 2238,1034 2263,1034 2288,1032"/>
                <TextEquiv>
                    <Unicode>autrement:</Unicode>
                </TextEquiv>
            </TextLine>
            <TextLine id="r2l18" custom="readingOrder {index:17;}">
                <Coords points="1307,1055 2041,1033 2040,1002 1998,994 1497,1014 1434,993 1306,1019"/>
                <Baseline points="1315,1051 1350,1050 1386,1048 1422,1047 1458,1046 1494,1044 1530,1043 1565,1042 1601,1041 1637,1040 1673,1039 1709,1039 1745,1038 1781,1037 1816,1036 1852,1036 1888,1035 1924,1034 1960,1034 1996,1033 2032,1032"/>
                <TextEquiv>
                    <Unicode>tre. Car le théätre, là-bas, dans la</Unicode>
                </TextEquiv>
            </TextLine>
            <TextLine id="r2l19" custom="readingOrder {index:18;}">
                <Coords points="1295,1105 1526,1075 1565,1092 1791,1065 1898,1091 2033,1077 2031,1037 1872,1029 1293,1052"/>
                <Baseline points="1303,1093 1339,1091 1375,1089 1411,1087 1447,1085 1483,1083 1519,1081 1555,1080 1591,1079 1627,1078 1663,1076 1699,1075 1735,1074 1771,1073 1807,1073 1843,1072 1879,1071 1915,1070 1951,1070 1987,1069 2023,1069"/>
                <TextEquiv>
                    <Unicode>brousse, symbolise les lumières et</Unicode>
                </TextEquiv>
            </TextLine>
            <TextLine id="r2l20" custom="readingOrder {index:19;}">
                <Coords points="2044,1128 2116,1103 2208,1121 2241,1103 2569,1106 2600,1086 2777,1099 2776,1059 2752,1050 2044,1071"/>
                <Baseline points="2053,1097 2088,1097 2124,1097 2160,1097 2195,1098 2231,1098 2267,1098 2302,1099 2338,1099 2374,1099 2410,1099 2445,1099 2481,1099 2517,1098 2552,1098 2588,1097 2624,1096 2659,1095 2695,1093 2731,1091 2767,1089"/>
                <TextEquiv>
                    <Unicode>Dans la brute assouvie un ange se</Unicode>
                </TextEquiv>
            </TextLine>
            <TextLine id="r2l21" custom="readingOrder {index:20;}">
                <Coords points="1293,1136 1761,1126 1786,1107 1840,1128 1995,1122 2037,1117 2036,1076 1525,1076 1292,1104"/>
                <Baseline points="1303,1131 1339,1129 1375,1126 1411,1123 1448,1122 1484,1120 1520,1118 1556,1117 1593,1116 1629,1114 1665,1114 1701,1113 1738,1112 1774,1111 1810,1111 1846,1110 1883,1110 1919,1110 1955,1110 1991,1110 2028,1110"/>
                <TextEquiv>
                    <Unicode>les joies du boulevard dont on est</Unicode>
                </TextEquiv>
            </TextLine>
            <TextLine id="r2l22" custom="readingOrder {index:21;}">
                <Coords points="2569,1143 2586,1149 2597,1142 2620,1157 2659,1142 2704,1142 2717,1151 2738,1130 2779,1133 2799,1112 2833,1121 2852,1108 2850,1075 2796,1077 2784,1090 2741,1101 2707,1092 2673,1103 2615,1102 2603,1092 2566,1102"/>
                <Baseline points="2577,1129 2603,1130 2630,1131 2656,1131 2683,1130 2710,1128 2736,1126 2763,1123 2789,1118 2816,1113 2843,1105"/>
                <TextEquiv>
                    <Unicode>Treveille 18</Unicode>
                </TextEquiv>
            </TextLine>
            <TextLine id="r2l23" custom="readingOrder {index:22;}">
                <Coords points="2813,1159 2822,1161 2827,1166 2841,1159 2850,1160 2858,1115 2851,1114 2846,1109 2844,1111 2839,1104 2823,1101"/>
                <Baseline points="2826,1141 2844,1144"/>
                <TextEquiv>
                    <Unicode></Unicode>
                </TextEquiv>
            </TextLine>
            <TextLine id="r2l24" custom="readingOrder {index:23;}">
                <Coords points="1299,1164 1980,1168 2046,1157 2046,1118 1298,1135"/>
                <Baseline points="1309,1173 1345,1169 1381,1166 1418,1162 1454,1160 1491,1158 1527,1157 1563,1156 1600,1155 1636,1155 1673,1154 1709,1154 1745,1154 1782,1154 1818,1154 1855,1153 1891,1153 1927,1152 1964,1151 2000,1149 2037,1147"/>
                <TextEquiv>
                    <Unicode>privé. Mon exilé y a couru. IIn'a pas</Unicode>
                </TextEquiv>
            </TextLine>
            <TextLine id="r2l25" custom="readingOrder {index:24;}">
                <Coords points="2755,1187 2779,1183 2800,1195 2813,1192 2845,1205 2858,1204 2854,1151 2803,1154 2779,1133 2752,1130"/>
                <Baseline points="2764,1190 2792,1184 2820,1183 2848,1184"/>
                <TextEquiv>
                    <Unicode>n</Unicode>
                </TextEquiv>
            </TextLine>
            <TextLine id="r2l26" custom="readingOrder {index:25;}">
                <Coords points="2072,1196 2162,1194 2191,1210 2234,1199 2271,1212 2296,1212 2315,1197 2335,1212 2366,1210 2416,1187 2416,1141 2355,1158 2329,1143 2287,1155 2250,1144 2204,1161 2152,1144 2071,1146"/>
                <Baseline points="2081,1188 2106,1188 2131,1187 2156,1187 2181,1186 2206,1186 2231,1186 2256,1186 2281,1186 2306,1186 2331,1186 2356,1186 2381,1186 2407,1187"/>
                <TextEquiv>
                    <Unicode>Musset aussi:</Unicode>
                </TextEquiv>
            </TextLine>
            <TextLine id="r2l27" custom="readingOrder {index:26;}">
                <Coords points="1303,1207 1894,1217 1923,1196 1979,1218 2049,1196 2048,1156 1383,1166 1302,1187"/>
                <Baseline points="1313,1208 1349,1206 1385,1204 1421,1203 1458,1201 1494,1200 1530,1199 1567,1198 1603,1196 1639,1196 1676,1195 1712,1194 1748,1193 1784,1192 1821,1192 1857,1191 1893,1190 1930,1189 1966,1189 2002,1188 2039,1188"/>
                <TextEquiv>
                    <Unicode>goüté les joies qu’il se promettait. Je</Unicode>
                </TextEquiv>
            </TextLine>
            <TextLine id="r2l28" custom="readingOrder {index:27;}">
                <Coords points="1308,1247 1351,1259 1365,1245 1388,1261 1448,1242 1498,1251 1601,1238 1619,1250 1713,1234 1712,1204 1579,1198 1360,1218 1306,1209"/>
                <Baseline points="1317,1243 1342,1243 1368,1243 1394,1243 1419,1242 1445,1241 1471,1240 1497,1239 1522,1238 1548,1236 1574,1235 1600,1234 1625,1233 1651,1232 1677,1231 1703,1231"/>
                <TextEquiv>
                    <Unicode>le retrouve décu:</Unicode>
                </TextEquiv>
            </TextLine>
            <TextLine id="r2l29" custom="readingOrder {index:28;}">
                <Coords points="2049,1252 2813,1234 2812,1193 2724,1176 2479,1217 2233,1200 2170,1221 2048,1197"/>
                <Baseline points="2059,1245 2096,1245 2133,1244 2170,1243 2208,1243 2245,1242 2282,1242 2319,1242 2357,1242 2394,1242 2431,1242 2468,1242 2506,1242 2543,1241 2580,1241 2617,1240 2655,1238 2692,1237 2729,1235 2766,1232 2804,1229"/>
                <TextEquiv>
                    <Unicode>Jat lu je ne sais ou, ma chère Belcolore 1P</Unicode>
                </TextEquiv>
            </TextLine>
            <TextLine id="r2l30" custom="readingOrder {index:29;}">
                <Coords points="1403,1278 1490,1295 1716,1275 1842,1303 1888,1274 2033,1281 2032,1219 1997,1212 1935,1242 1786,1222 1746,1253 1668,1233 1403,1254"/>
                <Baseline points="1412,1282 1442,1280 1473,1279 1503,1277 1534,1276 1565,1275 1595,1275 1626,1274 1656,1274 1687,1274 1718,1274 1748,1274 1779,1274 1809,1273 1840,1273 1871,1273 1901,1272 1932,1272 1962,1271 1993,1270 2024,1269"/>
                <TextEquiv>
                    <Unicode> Pourquoi? Les piéces nouvel¬</Unicode>
                </TextEquiv>
            </TextLine>
            <TextLine id="r2l31" custom="readingOrder {index:30;}">
                <Coords points="2048,1297 2860,1267 2846,1227 2047,1255"/>
                <Baseline points="2057,1286 2096,1283 2136,1281 2176,1279 2215,1278 2255,1277 2295,1277 2334,1277 2374,1277 2414,1277 2454,1277 2493,1277 2533,1277 2573,1276 2612,1276 2652,1274 2692,1274 2731,1271 2771,1268 2811,1265 2851,1261"/>
                <TextEquiv>
                    <Unicode>Que les plus dour instants pour deur #t</Unicode>
                </TextEquiv>
            </TextLine>
            <TextLine id="r2l32" custom="readingOrder {index:31;}">
                <Coords points="2801,1307 2808,1307 2813,1304 2825,1312 2828,1308 2832,1308 2841,1301 2848,1301 2844,1260 2831,1263 2823,1274 2817,1271 2797,1271"/>
                <Baseline points="2809,1299 2838,1296"/>
                <TextEquiv>
                    <Unicode>V</Unicode>
                </TextEquiv>
            </TextLine>
            <TextLine id="r2l33" custom="readingOrder {index:32;}">
                <Coords points="2462,1329 2513,1312 2550,1319 2657,1309 2681,1320 2707,1306 2753,1317 2786,1311 2785,1274 2774,1272 2461,1285"/>
                <Baseline points="2471,1311 2496,1312 2522,1312 2547,1312 2573,1312 2598,1311 2624,1310 2649,1310 2675,1309 2700,1308 2726,1308 2751,1308 2777,1307"/>
                <TextEquiv>
                    <Unicode>lamants heureur</Unicode>
                </TextEquiv>
            </TextLine>
            <TextLine id="r2l34" custom="readingOrder {index:33;}">
                <Coords points="1298,1348 1414,1338 1483,1315 1532,1336 1599,1319 1694,1333 1760,1313 1759,1281 1643,1287 1624,1272 1578,1289 1407,1294 1331,1277 1297,1293"/>
                <Baseline points="1307,1322 1333,1322 1359,1322 1385,1321 1411,1321 1437,1321 1463,1320 1489,1319 1515,1319 1542,1318 1568,1317 1594,1316 1620,1315 1646,1314 1672,1313 1698,1311 1724,1311 1751,1309"/>
                <TextEquiv>
                    <Unicode>les sont mauvaises ?</Unicode>
                </TextEquiv>
            </TextLine>
            <TextLine id="r2l35" custom="readingOrder {index:34;}">
                <Coords points="2784,1344 2793,1344 2797,1348 2812,1346 2823,1357 2832,1355 2836,1359 2847,1351 2859,1351 2859,1316 2850,1316 2847,1313 2845,1315 2837,1307 2821,1311 2815,1305 2808,1305 2795,1313 2784,1313"/>
                <Baseline points="2794,1340 2822,1338 2850,1340"/>
                <TextEquiv>
                    <Unicode>d</Unicode>
                </TextEquiv>
            </TextLine>
            <TextLine id="r2l36" custom="readingOrder {index:35;}">
                <Coords points="2055,1358 2221,1372 2779,1343 2778,1314 2708,1306 2682,1323 2298,1317 2229,1294 2178,1319 2054,1314"/>
                <Baseline points="2064,1353 2099,1351 2134,1350 2169,1350 2205,1349 2240,1348 2275,1348 2311,1348 2346,1347 2381,1347 2417,1347 2452,1347 2487,1346 2522,1346 2558,1345 2593,1345 2628,1344 2664,1343 2699,1342 2734,1340 2770,1338"/>
                <TextEquiv>
                    <Unicode>Ce sont les entretiens d’une nuit d'in¬</Unicode>
                </TextEquiv>
            </TextLine>
            <TextLine id="r2l37" custom="readingOrder {index:36;}">
                <Coords points="1413,1368 1431,1365 1437,1369 1444,1363 1455,1368 1460,1362 1516,1368 1537,1354 1545,1361 1560,1357 1559,1341 1543,1341 1509,1326 1492,1324 1480,1332 1465,1325 1448,1324 1444,1328 1437,1324 1411,1333"/>
                <Baseline points="1421,1363 1447,1360 1473,1358 1499,1357 1525,1357 1551,1359"/>
                <TextEquiv>
                    <Unicode>Non.</Unicode>
                </TextEquiv>
            </TextLine>
            <TextLine id="r2l38" custom="readingOrder {index:37;}">
                <Coords points="2620,1383 2786,1378 2798,1392 2822,1396 2835,1389 2855,1397 2856,1354 2820,1344 2641,1345 2621,1352"/>
                <Baseline points="2630,1378 2657,1376 2684,1375 2711,1375 2738,1376 2765,1378 2792,1379 2819,1380 2846,1381"/>
                <TextEquiv>
                    <Unicode>Isomniel p</Unicode>
                </TextEquiv>
            </TextLine>
            <TextLine id="r2l39" custom="readingOrder {index:38;}">
                <Coords points="1412,1408 1537,1406 1553,1391 1585,1407 1971,1397 1983,1343 1873,1363 1700,1348 1411,1376"/>
                <Baseline points="1421,1398 1448,1397 1476,1397 1504,1397 1531,1396 1559,1396 1587,1396 1614,1395 1642,1395 1670,1395 1698,1395 1725,1394 1753,1394 1781,1393 1808,1393 1836,1392 1864,1391 1891,1391 1919,1390 1947,1388 1975,1387"/>
                <TextEquiv>
                    <Unicode>Alors, ce sont les acteurs ?</Unicode>
                </TextEquiv>
            </TextLine>
            <TextLine id="r2l40" custom="readingOrder {index:39;}">
                <Coords points="1402,1447 2779,1411 2767,1378 2396,1358 1401,1413"/>
                <Baseline points="1411,1436 1482,1436 1554,1436 1625,1436 1697,1435 1768,1433 1840,1432 1911,1430 1983,1427 2054,1425 2126,1423 2197,1421 2269,1419 2340,1416 2412,1414 2483,1413 2555,1411 2626,1410 2698,1410 2770,1410"/>
                <TextEquiv>
                    <Unicode>Non. IIs sont adroits. Les fem-Pendant Tentvrement gut zurcede au</Unicode>
                </TextEquiv>
            </TextLine>
            <TextLine id="r2l41" custom="readingOrder {index:40;}">
                <Coords points="2589,1445 2632,1455 2665,1446 2709,1452 2729,1444 2760,1449 2781,1443 2779,1408 2759,1410 2749,1422 2722,1406 2693,1416 2617,1413 2605,1423 2588,1421"/>
                <Baseline points="2598,1444 2626,1445 2655,1445 2684,1445 2713,1443 2742,1441 2771,1439"/>
                <TextEquiv>
                    <Unicode>Iplatsir!</Unicode>
                </TextEquiv>
            </TextLine>
            <TextLine id="r2l42" custom="readingOrder {index:41;}">
                <Coords points="1299,1479 2045,1478 2031,1430 1299,1457"/>
                <Baseline points="1309,1480 1345,1479 1381,1479 1417,1478 1454,1478 1490,1477 1526,1477 1563,1477 1599,1477 1635,1477 1672,1476 1708,1476 1744,1476 1780,1475 1817,1474 1853,1473 1889,1472 1926,1471 1962,1469 1998,1468 2035,1465"/>
                <TextEquiv>
                    <Unicode>mes surtout sont exquises. Ah! vos</Unicode>
                </TextEquiv>
            </TextLine>
            <TextLine id="r2l43" custom="readingOrder {index:42;}">
                <Coords points="2056,1494 2548,1506 2687,1477 2783,1494 2856,1466 2855,1428 2822,1423 2572,1457 2465,1419 2298,1449 2055,1448"/>
                <Baseline points="2065,1487 2104,1487 2143,1486 2182,1486 2221,1485 2260,1485 2299,1485 2338,1485 2377,1485 2416,1485 2456,1485 2495,1484 2534,1484 2573,1483 2612,1482 2651,1480 2690,1478 2729,1475 2768,1472 2807,1469 2847,1464"/>
                <TextEquiv>
                    <Unicode>Quand les sens apaisés sont morts pour 10.</Unicode>
                </TextEquiv>
            </TextLine>
            <TextLine id="r2l44" custom="readingOrder {index:43;}">
                <Coords points="2597,1514 2627,1528 2640,1514 2651,1518 2664,1510 2681,1519 2728,1515 2751,1522 2772,1512 2782,1519 2800,1509 2833,1512 2832,1473 2813,1468 2785,1491 2742,1480 2703,1488 2692,1478 2678,1487 2631,1481 2597,1490"/>
                <Baseline points="2606,1516 2633,1515 2660,1515 2687,1514 2715,1513 2742,1512 2769,1511 2796,1510 2824,1509"/>
                <TextEquiv>
                    <Unicode>tie desir, I</Unicode>
                </TextEquiv>
            </TextLine>
            <TextLine id="r2l45" custom="readingOrder {index:44;}">
                <Coords points="1308,1525 2020,1520 2042,1516 2042,1480 1957,1463 1896,1482 1307,1485"/>
                <Baseline points="1317,1521 1352,1520 1388,1519 1424,1518 1460,1517 1496,1517 1531,1517 1567,1517 1603,1517 1639,1516 1675,1516 1710,1516 1746,1515 1782,1515 1818,1514 1854,1513 1889,1512 1925,1510 1961,1507 1997,1504 2033,1501"/>
                <TextEquiv>
                    <Unicode>Parisiennes ! II faut revenir d’Afri¬</Unicode>
                </TextEquiv>
            </TextLine>
            <TextLine id="r2l46" custom="readingOrder {index:45;}">
                <Coords points="2060,1569 2421,1573 2738,1541 2773,1560 2850,1535 2849,1507 2625,1525 2519,1495 2402,1527 2265,1502 2198,1526 2059,1510"/>
                <Baseline points="2069,1556 2107,1556 2146,1556 2184,1556 2223,1556 2261,1556 2300,1555 2338,1555 2377,1555 2415,1554 2454,1553 2493,1553 2531,1552 2570,1551 2608,1550 2647,1549 2685,1547 2724,1546 2762,1544 2801,1541 2840,1540"/>
                <TextEquiv>
                    <Unicode>Que, la main dans la main et läme alb</Unicode>
                </TextEquiv>
            </TextLine>
            <TextLine id="r2l47" custom="readingOrder {index:46;}">
                <Coords points="1306,1565 2043,1553 2042,1516 1306,1532"/>
                <Baseline points="1316,1564 1351,1562 1387,1560 1423,1559 1459,1558 1495,1557 1531,1556 1566,1556 1602,1556 1638,1556 1674,1556 1710,1556 1746,1555 1782,1555 1817,1555 1853,1554 1889,1553 1925,1552 1961,1550 1997,1548 2033,1545"/>
                <TextEquiv>
                    <Unicode>que pour savourer leur gräce nuan¬</Unicode>
                </TextEquiv>
            </TextLine>
            <TextLine id="r2l48" custom="readingOrder {index:47;}">
                <Coords points="2537,1607 2554,1612 2585,1588 2605,1602 2651,1587 2709,1607 2767,1588 2782,1598 2812,1588 2830,1603 2856,1599 2855,1538 2839,1535 2819,1548 2795,1542 2773,1561 2738,1541 2719,1554 2664,1560 2627,1543 2607,1556 2577,1546 2537,1557"/>
                <Baseline points="2546,1583 2571,1584 2596,1584 2621,1585 2646,1585 2671,1585 2696,1585 2721,1585 2746,1584 2771,1583 2796,1583 2821,1582 2846,1582"/>
                <TextEquiv>
                    <Unicode>(Lame unte.E</Unicode>
                </TextEquiv>
            </TextLine>
            <TextLine id="r2l49" custom="readingOrder {index:48;}">
                <Coords points="1305,1603 1758,1615 1972,1584 2042,1602 2041,1560 2001,1553 1305,1571"/>
                <Baseline points="1314,1600 1351,1599 1389,1598 1427,1597 1465,1596 1503,1596 1541,1596 1578,1595 1616,1595 1654,1595 1692,1595 1730,1595 1768,1594 1805,1594 1843,1593 1881,1592 1919,1591 1957,1590 1995,1589 2033,1586"/>
                <TextEquiv>
                    <Unicode>cée. Vous ne les apprécicz pas as¬</Unicode>
                </TextEquiv>
            </TextLine>
            <TextLine id="r2l50" custom="readingOrder {index:49;}">
                <Coords points="1309,1654 1330,1652 1346,1643 1354,1648 1364,1642 1372,1646 1381,1642 1396,1653 1405,1653 1427,1637 1440,1637 1439,1610 1419,1608 1414,1614 1401,1614 1371,1605 1364,1613 1358,1607 1347,1606 1327,1615 1309,1612"/>
                <Baseline points="1319,1639 1347,1640 1375,1639 1403,1639 1431,1637"/>
                <TextEquiv>
                    <Unicode>sez.</Unicode>
                </TextEquiv>
            </TextLine>
            <TextLine id="r2l51" custom="readingOrder {index:50;}">
                <Coords points="2075,1658 2833,1640 2812,1588 2451,1617 2074,1596"/>
                <Baseline points="2083,1649 2120,1649 2157,1650 2194,1650 2231,1651 2268,1651 2305,1650 2342,1650 2379,1649 2416,1649 2453,1648 2490,1647 2527,1646 2564,1645 2601,1644 2638,1643 2675,1642 2712,1641 2749,1640 2786,1639 2823,1638"/>
                <TextEquiv>
                    <Unicode>L’Autrichien Schnitzler, en mon¬8</Unicode>
                </TextEquiv>
            </TextLine>
            <TextLine id="r2l52" custom="readingOrder {index:51;}">
                <Coords points="1405,1685 1681,1675 1766,1693 1968,1673 2055,1692 2055,1630 1999,1614 1917,1642 1815,1621 1764,1643 1624,1632 1547,1655 1445,1631 1405,1652"/>
                <Baseline points="1414,1678 1445,1677 1477,1675 1508,1675 1540,1675 1571,1675 1603,1674 1634,1675 1666,1675 1697,1675 1729,1675 1761,1675 1792,1675 1824,1675 1855,1675 1887,1674 1918,1674 1950,1672 1981,1671 2013,1669 2045,1667"/>
                <TextEquiv>
                    <Unicode>Alors, quoi 2., Qu'est-ce qui</Unicode>
                </TextEquiv>
            </TextLine>
            <TextLine id="r2l53" custom="readingOrder {index:52;}">
                <Coords points="2057,1700 2803,1697 2802,1653 2756,1643 2056,1654"/>
                <Baseline points="2067,1693 2103,1693 2139,1694 2175,1694 2212,1694 2248,1693 2284,1693 2321,1692 2357,1691 2393,1690 2430,1689 2466,1688 2502,1687 2538,1686 2575,1685 2611,1683 2647,1682 2684,1681 2720,1680 2756,1679 2793,1679"/>
                <TextEquiv>
                    <Unicode>trant le contraire, nöus-fait -rire,</Unicode>
                </TextEquiv>
            </TextLine>
            <TextLine id="r2l54" custom="readingOrder {index:53;}">
                <Coords points="1299,1706 1338,1727 1403,1735 1424,1720 1485,1726 1516,1716 1539,1727 1592,1709 1610,1720 1651,1715 1650,1682 1619,1677 1593,1687 1521,1679 1431,1690 1366,1677 1299,1691"/>
                <Baseline points="1309,1719 1334,1719 1360,1718 1385,1718 1411,1718 1436,1718 1462,1718 1487,1718 1513,1717 1538,1716 1564,1715 1589,1715 1615,1713 1641,1710"/>
                <TextEquiv>
                    <Unicode>vous manque?</Unicode>
                </TextEquiv>
            </TextLine>
            <TextLine id="r2l55" custom="readingOrder {index:54;}">
                <Coords points="2056,1742 2500,1725 2524,1743 2584,1717 2811,1735 2810,1694 2753,1684 2055,1701"/>
                <Baseline points="2065,1734 2101,1734 2138,1734 2175,1734 2212,1734 2249,1734 2285,1733 2322,1733 2359,1733 2396,1732 2433,1731 2469,1730 2506,1730 2543,1728 2580,1727 2617,1726 2653,1724 2690,1723 2727,1721 2764,1720 2801,1718"/>
                <TextEquiv>
                    <Unicode>mais d’un rire cruel, qui assassine</Unicode>
                </TextEquiv>
            </TextLine>
            <TextLine id="r2l56" custom="readingOrder {index:55;}">
                <Coords points="1390,1757 2043,1757 2042,1713 1834,1701 1787,1719 1389,1729"/>
                <Baseline points="1398,1758 1429,1757 1461,1756 1493,1755 1525,1755 1557,1754 1588,1754 1620,1753 1652,1752 1684,1752 1716,1751 1747,1751 1779,1750 1811,1749 1843,1749 1875,1748 1906,1747 1938,1746 1970,1745 2002,1744 2034,1743"/>
                <TextEquiv>
                    <Unicode>— Ma foi! chaque soir, le rideau</Unicode>
                </TextEquiv>
            </TextLine>
            <TextLine id="r2l57" custom="readingOrder {index:56;}">
                <Coords points="2056,1778 2769,1762 2852,1784 2851,1740 2738,1720 2055,1742"/>
                <Baseline points="2066,1770 2104,1772 2143,1774 2182,1775 2221,1776 2260,1775 2298,1775 2337,1773 2376,1773 2415,1771 2454,1769 2492,1767 2531,1766 2570,1765 2609,1763 2648,1763 2686,1762 2725,1763 2764,1764 2803,1765 2842,1768"/>
                <TextEquiv>
                    <Unicode>notre plus secret idéal. L’admirable</Unicode>
                </TextEquiv>
            </TextLine>
            <TextLine id="r2l58" custom="readingOrder {index:57;}">
                <Coords points="1309,1803 1975,1799 2041,1794 2041,1757 1367,1769 1308,1750"/>
                <Baseline points="1317,1799 1352,1799 1388,1798 1424,1797 1460,1797 1495,1796 1531,1796 1567,1795 1603,1795 1638,1794 1674,1794 1710,1793 1746,1792 1781,1792 1817,1791 1853,1790 1889,1790 1924,1789 1960,1788 1996,1786 2032,1785"/>
                <TextEquiv>
                    <Unicode>baissé, je rentre à mon hôtel avec</Unicode>
                </TextEquiv>
            </TextLine>
            <TextLine id="r2l59" custom="readingOrder {index:58;}">
                <Coords points="2066,1820 2732,1809 2794,1791 2794,1772 2065,1777"/>
                <Baseline points="2074,1812 2109,1812 2145,1812 2180,1812 2216,1812 2252,1812 2287,1812 2323,1811 2358,1811 2394,1810 2430,1809 2465,1808 2501,1807 2536,1806 2572,1804 2608,1803 2643,1801 2679,1799 2714,1797 2750,1794 2786,1792"/>
                <TextEquiv>
                    <Unicode>actrice Pitoöff répete dix fois la sur¬</Unicode>
                </TextEquiv>
            </TextLine>
            <TextLine id="r2l60" custom="readingOrder {index:59;}">
                <Coords points="1310,1844 2034,1838 2051,1788 1309,1802"/>
                <Baseline points="1319,1840 1355,1840 1391,1840 1427,1839 1463,1839 1500,1838 1536,1838 1572,1837 1608,1836 1644,1835 1681,1834 1717,1833 1753,1832 1789,1831 1825,1830 1862,1829 1898,1828 1934,1827 1970,1826 2006,1826 2043,1825"/>
                <TextEquiv>
                    <Unicode>une tristesse étrange, le cceur lourd,</Unicode>
                </TextEquiv>
            </TextLine>
            <TextLine id="r2l61" custom="readingOrder {index:60;}">
                <Coords points="2064,1864 2421,1839 2458,1857 2767,1848 2802,1831 2801,1790 2683,1819 2063,1820"/>
                <Baseline points="2073,1853 2109,1852 2145,1851 2181,1851 2217,1850 2253,1850 2289,1849 2325,1849 2361,1848 2397,1848 2433,1847 2469,1846 2505,1845 2541,1845 2577,1843 2613,1842 2649,1842 2685,1840 2721,1838 2757,1837 2793,1835"/>
                <TextEquiv>
                    <Unicode>prise douloureuse de la femme qui,</Unicode>
                </TextEquiv>
            </TextLine>
            <TextLine id="r2l62" custom="readingOrder {index:61;}">
                <Coords points="1308,1873 2049,1879 2048,1833 2009,1829 1308,1846"/>
                <Baseline points="1317,1877 1353,1878 1389,1878 1425,1878 1461,1878 1497,1877 1533,1877 1570,1876 1606,1875 1642,1875 1678,1873 1714,1872 1750,1871 1786,1870 1823,1869 1859,1868 1895,1867 1931,1866 1967,1864 2003,1863 2040,1862"/>
                <TextEquiv>
                    <Unicode>désenchanté, le sentiment que la vie</Unicode>
                </TextEquiv>
            </TextLine>
            <TextLine id="r2l63" custom="readingOrder {index:62;}">
                <Coords points="2068,1895 2805,1887 2804,1828 2723,1850 2068,1862"/>
                <Baseline points="2077,1888 2112,1888 2148,1888 2184,1888 2220,1888 2256,1888 2292,1887 2328,1887 2364,1887 2400,1887 2436,1886 2471,1886 2507,1885 2543,1884 2579,1883 2615,1882 2651,1881 2687,1879 2723,1877 2759,1875 2795,1873"/>
                <TextEquiv>
                    <Unicode>elle, n’éprouve nullement cette brus¬</Unicode>
                </TextEquiv>
            </TextLine>
            <TextLine id="r2l64" custom="readingOrder {index:63;}">
                <Coords points="1310,1925 2041,1913 2040,1874 2014,1871 1907,1890 1835,1867 1309,1886"/>
                <Baseline points="1318,1916 1353,1917 1389,1917 1425,1917 1460,1917 1496,1916 1532,1916 1567,1915 1603,1914 1639,1913 1675,1912 1710,1911 1746,1909 1782,1908 1817,1907 1853,1906 1889,1906 1924,1905 1960,1905 1996,1905 2032,1905"/>
                <TextEquiv>
                    <Unicode>ne vaut pas la peine d’être vécue.</Unicode>
                </TextEquiv>
            </TextLine>
            <TextLine id="r2l65" custom="readingOrder {index:64;}">
                <Coords points="2056,1944 2493,1921 2545,1939 2812,1906 2778,1874 2561,1904 2356,1883 2055,1900"/>
                <Baseline points="2065,1932 2101,1931 2138,1930 2175,1929 2212,1928 2249,1928 2286,1927 2322,1927 2359,1926 2396,1926 2433,1925 2470,1925 2507,1924 2544,1924 2580,1923 2617,1923 2654,1922 2691,1920 2728,1919 2765,1917 2802,1916"/>
                <TextEquiv>
                    <Unicode>que rupture d’exaltation, mais sort!</Unicode>
                </TextEquiv>
            </TextLine>
            <TextLine id="r2l66" custom="readingOrder {index:65;}">
                <Coords points="1306,1964 2051,1954 2050,1914 2010,1907 1305,1924"/>
                <Baseline points="1315,1957 1351,1956 1387,1956 1424,1955 1460,1955 1496,1954 1533,1953 1569,1953 1605,1952 1642,1951 1678,1950 1714,1950 1751,1949 1787,1948 1823,1948 1860,1947 1896,1946 1932,1946 1969,1945 2005,1944 2042,1944"/>
                <TextEquiv>
                    <Unicode>Car la comédie que je viens de voir</Unicode>
                </TextEquiv>
            </TextLine>
            <TextLine id="r2l67" custom="readingOrder {index:66;}">
                <Coords points="2062,1973 2193,1990 2731,1967 2826,1946 2825,1906 2754,1928 2061,1940"/>
                <Baseline points="2071,1974 2108,1973 2145,1971 2182,1970 2220,1969 2257,1967 2294,1967 2331,1966 2369,1965 2406,1965 2443,1964 2480,1964 2518,1963 2555,1962 2592,1961 2629,1960 2667,1959 2704,1958 2741,1956 2778,1954 2816,1952"/>
                <TextEquiv>
                    <Unicode>de l’étreinte toute molle de lendres¬</Unicode>
                </TextEquiv>
            </TextLine>
            <TextLine id="r2l68" custom="readingOrder {index:67;}">
                <Coords points="1312,2002 2053,1996 2052,1955 1956,1941 1312,1970"/>
                <Baseline points="1321,1999 1357,1998 1393,1997 1429,1996 1465,1995 1501,1994 1537,1994 1573,1993 1609,1993 1645,1992 1682,1992 1718,1992 1754,1991 1790,1990 1826,1990 1862,1989 1898,1988 1934,1987 1970,1985 2006,1983 2043,1981"/>
                <TextEquiv>
                    <Unicode>ne dit pas autre chose. Régulière¬</Unicode>
                </TextEquiv>
            </TextLine>
            <TextLine id="r2l69" custom="readingOrder {index:68;}">
                <Coords points="2070,2017 2118,1998 2153,2019 2827,1993 2813,1941 2497,1983 2421,1964 2070,1975"/>
                <Baseline points="2079,2005 2115,2006 2152,2006 2189,2006 2226,2007 2263,2006 2300,2006 2337,2005 2374,2005 2411,2004 2448,2004 2484,2003 2521,2002 2558,2001 2595,2000 2632,1999 2669,1999 2706,1998 2743,1998 2780,1997 2817,1997"/>
                <TextEquiv>
                    <Unicode>se et toute baignée de confiance,I</Unicode>
                </TextEquiv>
            </TextLine>
            <TextLine id="r2l70" custom="readingOrder {index:69;}">
                <Coords points="1301,2026 1364,2047 1817,2034 1885,2053 2041,2043 2041,1992 1300,2002"/>
                <Baseline points="1311,2038 1347,2037 1383,2036 1419,2036 1455,2035 1491,2034 1527,2034 1563,2033 1599,2032 1635,2032 1671,2031 1707,2031 1743,2030 1779,2029 1815,2029 1851,2028 1887,2028 1923,2027 1959,2027 1995,2026 2032,2026"/>
                <TextEquiv>
                    <Unicode>ment elle finit en amertume ou en</Unicode>
                </TextEquiv>
            </TextLine>
            <TextLine id="r2l71" custom="readingOrder {index:70;}">
                <Coords points="2066,2062 2543,2034 2805,2044 2804,2018 2767,2002 2066,2018"/>
                <Baseline points="2075,2049 2111,2048 2147,2047 2183,2046 2219,2046 2255,2045 2291,2044 2327,2044 2363,2043 2399,2043 2435,2042 2471,2042 2507,2041 2543,2041 2579,2040 2615,2040 2651,2039 2687,2038 2723,2037 2759,2036 2795,2035"/>
                <TextEquiv>
                    <Unicode>préte à s’attacher., Le résultat est</Unicode>
                </TextEquiv>
            </TextLine>
            <TextLine id="r2l72" custom="readingOrder {index:71;}">
                <Coords points="1311,2089 1385,2077 1407,2091 1428,2092 1444,2078 1469,2074 1547,2088 1571,2081 1570,2050 1553,2053 1534,2037 1520,2043 1494,2034 1461,2043 1433,2035 1415,2044 1387,2036 1310,2055"/>
                <Baseline points="1321,2079 1347,2078 1374,2077 1401,2076 1427,2075 1454,2074 1481,2073 1507,2072 1534,2072 1561,2071"/>
                <TextEquiv>
                    <Unicode>melancolie.</Unicode>
                </TextEquiv>
            </TextLine>
            <TextLine id="r2l73" custom="readingOrder {index:72;}">
                <Coords points="2059,2099 2323,2085 2433,2108 2620,2079 2753,2104 2817,2094 2816,2046 2543,2033 2058,2058"/>
                <Baseline points="2067,2090 2104,2089 2141,2088 2178,2087 2215,2086 2252,2085 2289,2084 2326,2083 2363,2083 2400,2082 2437,2081 2474,2081 2511,2080 2548,2080 2585,2079 2622,2079 2659,2078 2696,2078 2733,2077 2770,2076 2807,2076"/>
                <TextEquiv>
                    <Unicode>que nous quittons le théätre avec lat</Unicode>
                </TextEquiv>
            </TextLine>
            <TextLine id="r2l74" custom="readingOrder {index:73;}">
                <Coords points="1415,2114 1866,2113 1900,2129 1973,2104 2008,2126 2054,2110 2053,2059 1939,2070 1915,2048 1711,2078 1617,2050 1551,2084 1468,2074 1415,2092"/>
                <Baseline points="1425,2116 1456,2115 1487,2113 1518,2112 1549,2111 1580,2111 1611,2110 1642,2110 1673,2110 1704,2110 1735,2110 1766,2109 1797,2109 1828,2109 1859,2109 1890,2108 1921,2108 1952,2107 1983,2106 2014,2104 2045,2103"/>
                <TextEquiv>
                    <Unicode>Allez voir des vandevilles ou</Unicode>
                </TextEquiv>
            </TextLine>
            <TextLine id="r2l75" custom="readingOrder {index:74;}">
                <Coords points="2069,2155 2119,2136 2161,2139 2179,2123 2229,2135 2310,2121 2349,2135 2395,2132 2431,2118 2431,2096 2322,2086 2278,2101 2204,2088 2170,2098 2145,2085 2127,2099 2068,2100"/>
                <Baseline points="2078,2128 2104,2127 2131,2126 2157,2126 2184,2126 2210,2125 2237,2125 2263,2125 2290,2125 2316,2124 2343,2123 2369,2122 2396,2121 2423,2118"/>
                <TextEquiv>
                    <Unicode>mort dans l’äme.</Unicode>
                </TextEquiv>
            </TextLine>
            <TextLine id="r2l76" custom="readingOrder {index:75;}">
                <Coords points="1304,2142 1341,2164 1397,2155 1415,2168 1428,2158 1520,2167 1583,2164 1605,2151 1625,2167 1645,2152 1662,2157 1661,2128 1635,2117 1423,2116 1400,2129 1349,2108 1304,2130"/>
                <Baseline points="1313,2156 1339,2157 1365,2157 1391,2157 1417,2157 1443,2157 1469,2156 1496,2155 1522,2155 1548,2154 1574,2153 1600,2152 1626,2151 1653,2150"/>
                <TextEquiv>
                    <Unicode>des opérettes !</Unicode>
                </TextEquiv>
            </TextLine>
            <TextLine id="r2l77" custom="readingOrder {index:76;}">
                <Coords points="2167,2171 2719,2165 2761,2153 2760,2103 2570,2102 2539,2127 2478,2112 2396,2132 2165,2119"/>
                <Baseline points="2176,2168 2204,2166 2233,2166 2262,2165 2291,2164 2319,2163 2348,2163 2377,2162 2406,2162 2434,2161 2463,2161 2492,2160 2521,2159 2549,2159 2578,2158 2607,2157 2636,2157 2664,2155 2693,2155 2722,2153 2751,2152"/>
                <TextEquiv>
                    <Unicode>C’est donc un art puissant !</Unicode>
                </TextEquiv>
            </TextLine>
            <TextLine id="r2l78" custom="readingOrder {index:77;}">
                <Coords points="1420,2202 1456,2218 1614,2212 1658,2191 1726,2211 1985,2194 2046,2208 2059,2160 1882,2146 1766,2171 1687,2152 1420,2171"/>
                <Baseline points="1429,2201 1460,2201 1491,2201 1522,2201 1553,2201 1584,2201 1615,2200 1646,2200 1677,2200 1708,2200 1739,2200 1770,2199 1801,2199 1832,2198 1863,2197 1894,2197 1925,2196 1956,2195 1987,2194 2018,2192 2049,2191"/>
                <TextEquiv>
                    <Unicode>Bien sür! Mais cela, c’est du</Unicode>
                </TextEquiv>
            </TextLine>
            <TextLine id="r2l79" custom="readingOrder {index:78;}">
                <Coords points="2161,2213 2656,2196 2686,2212 2719,2193 2811,2208 2811,2171 2753,2152 2548,2179 2525,2157 2161,2176"/>
                <Baseline points="2170,2204 2201,2204 2233,2204 2264,2204 2296,2203 2328,2203 2359,2203 2391,2202 2422,2201 2454,2200 2486,2200 2517,2199 2549,2198 2580,2198 2612,2197 2644,2197 2675,2196 2707,2196 2738,2196 2770,2196 2802,2196"/>
                <TextEquiv>
                    <Unicode>Je crois bien! On a envie de</Unicode>
                </TextEquiv>
            </TextLine>
            <TextLine id="r2l80" custom="readingOrder {index:79;}">
                <Coords points="1308,2238 2051,2244 2050,2200 1987,2194 1827,2214 1308,2201"/>
                <Baseline points="1317,2243 1353,2243 1389,2243 1425,2243 1461,2242 1498,2242 1534,2242 1570,2242 1606,2241 1642,2241 1679,2240 1715,2240 1751,2239 1787,2239 1823,2238 1860,2237 1896,2237 1932,2236 1968,2235 2004,2234 2041,2233"/>
                <TextEquiv>
                    <Unicode>rire forcé, conventionnel. Je veux de</Unicode>
                </TextEquiv>
            </TextLine>
            <TextLine id="r2l81" custom="readingOrder {index:80;}">
                <Coords points="2055,2261 2814,2236 2813,2210 2771,2196 2055,2217"/>
                <Baseline points="2065,2245 2102,2245 2139,2246 2176,2246 2213,2246 2250,2245 2287,2245 2324,2245 2361,2244 2398,2244 2435,2243 2472,2242 2509,2241 2546,2240 2583,2239 2620,2239 2657,2237 2694,2236 2731,2235 2768,2233 2805,2231"/>
                <TextEquiv>
                    <Unicode>s’aller jeter à l’eau ! Pour moi, c’est</Unicode>
                </TextEquiv>
            </TextLine>
            <TextLine id="r2l82" custom="readingOrder {index:81;}">
                <Coords points="1315,2284 2041,2282 2027,2238 1595,2260 1315,2240"/>
                <Baseline points="1325,2282 1360,2282 1395,2282 1430,2281 1466,2281 1501,2281 1536,2281 1572,2281 1607,2280 1642,2280 1678,2280 1713,2280 1748,2279 1783,2279 1819,2278 1854,2277 1889,2276 1925,2275 1960,2274 1995,2273 2031,2271"/>
                <TextEquiv>
                    <Unicode>la vérité. Et pourtant je voudrais</Unicode>
                </TextEquiv>
            </TextLine>
            <TextLine id="r2l83" custom="readingOrder {index:82;}">
                <Coords points="2059,2284 2825,2271 2743,2236 2625,2256 2588,2236 2058,2245"/>
                <Baseline points="2069,2285 2106,2286 2143,2287 2180,2287 2218,2287 2255,2287 2292,2287 2330,2286 2367,2285 2404,2283 2442,2282 2479,2281 2516,2280 2553,2278 2591,2277 2628,2275 2665,2274 2703,2273 2740,2273 2777,2273 2815,2273"/>
                <TextEquiv>
                    <Unicode>exactement la définition du théätren.</Unicode>
                </TextEquiv>
            </TextLine>
            <TextLine id="r2l84" custom="readingOrder {index:83;}">
                <Coords points="1311,2332 1537,2313 2024,2325 2044,2282 1311,2288"/>
                <Baseline points="1321,2323 1356,2322 1392,2321 1428,2320 1463,2319 1499,2319 1535,2319 1570,2319 1606,2319 1642,2319 1678,2320 1713,2320 1749,2320 1785,2319 1820,2319 1856,2318 1892,2318 1927,2316 1963,2314 1999,2312 2035,2310"/>
                <TextEquiv>
                    <Unicode>que cette vérité füt consolante. La</Unicode>
                </TextEquiv>
            </TextLine>
            <TextLine id="r2l85" custom="readingOrder {index:84;}">
                <Coords points="2069,2332 2409,2318 2456,2339 2505,2312 2581,2329 2820,2311 2819,2272 2799,2271 2068,2291"/>
                <Baseline points="2078,2324 2114,2325 2151,2325 2187,2325 2224,2326 2261,2325 2297,2325 2334,2324 2370,2324 2407,2323 2444,2322 2480,2321 2517,2320 2553,2319 2590,2317 2627,2316 2663,2315 2700,2313 2736,2312 2773,2310 2810,2309"/>
                <TextEquiv>
                    <Unicode>immoral, le seul que la police dest</Unicode>
                </TextEquiv>
            </TextLine>
            <TextLine id="r2l86" custom="readingOrder {index:85;}">
                <Coords points="1309,2353 1383,2371 2044,2358 2043,2318 1986,2313 1824,2337 1666,2316 1309,2327"/>
                <Baseline points="1319,2360 1354,2360 1390,2359 1426,2358 1462,2358 1498,2358 1533,2358 1569,2358 1605,2358 1641,2358 1677,2358 1712,2358 1748,2358 1784,2358 1820,2358 1856,2357 1891,2356 1927,2354 1963,2353 1999,2350 2035,2348"/>
                <TextEquiv>
                    <Unicode>vie étant ce qu'elle est, le théätre</Unicode>
                </TextEquiv>
            </TextLine>
            <TextLine id="r2l87" custom="readingOrder {index:86;}">
                <Coords points="2061,2368 2797,2369 2815,2317 2060,2333"/>
                <Baseline points="2070,2363 2106,2364 2143,2364 2180,2364 2217,2364 2254,2364 2290,2364 2327,2363 2364,2362 2401,2361 2438,2360 2474,2359 2511,2358 2548,2357 2585,2356 2622,2355 2658,2354 2695,2353 2732,2351 2769,2351 2806,2349"/>
                <TextEquiv>
                    <Unicode>maurs ne devrait pas tolèrer. Carf</Unicode>
                </TextEquiv>
            </TextLine>
            <TextLine id="r2l88" custom="readingOrder {index:87;}">
                <Coords points="1308,2408 2050,2412 2050,2359 1411,2361 1308,2382"/>
                <Baseline points="1317,2400 1353,2400 1389,2400 1425,2400 1461,2400 1498,2400 1534,2400 1570,2399 1606,2399 1642,2399 1679,2399 1715,2398 1751,2398 1787,2397 1823,2397 1860,2396 1896,2395 1932,2394 1968,2393 2004,2392 2041,2391"/>
                <TextEquiv>
                    <Unicode>classique ou méme romantique nous</Unicode>
                </TextEquiv>
            </TextLine>
            <TextLine id="r2l89" custom="readingOrder {index:88;}">
                <Coords points="2065,2411 2818,2394 2817,2359 2752,2355 2064,2368"/>
                <Baseline points="2074,2403 2110,2404 2147,2404 2184,2404 2221,2403 2257,2403 2294,2403 2331,2402 2368,2402 2404,2401 2441,2400 2478,2399 2515,2399 2551,2397 2588,2396 2625,2395 2662,2394 2698,2392 2735,2391 2772,2389 2809,2387"/>
                <TextEquiv>
                    <Unicode>l’égrillard ou le graveleux n’a jumaise</Unicode>
                </TextEquiv>
            </TextLine>
            <TextLine id="r2l90" custom="readingOrder {index:89;}">
                <Coords points="1304,2441 2046,2438 2045,2409 2016,2400 1303,2413"/>
                <Baseline points="1313,2441 1349,2441 1385,2440 1421,2440 1457,2439 1493,2439 1529,2439 1566,2438 1602,2438 1638,2438 1674,2437 1710,2437 1746,2437 1782,2436 1819,2436 1855,2436 1891,2435 1927,2435 1963,2434 1999,2433 2036,2433"/>
                <TextEquiv>
                    <Unicode>apprenait à l’accepter avec courage.</Unicode>
                </TextEquiv>
            </TextLine>
            <TextLine id="r2l91" custom="readingOrder {index:90;}">
                <Coords points="2069,2449 2624,2429 2811,2451 2821,2392 2068,2409"/>
                <Baseline points="2078,2445 2114,2444 2151,2444 2188,2443 2224,2443 2261,2442 2298,2442 2334,2441 2371,2440 2408,2439 2445,2439 2481,2438 2518,2437 2555,2436 2591,2435 2628,2434 2665,2434 2701,2433 2738,2432 2775,2431 2812,2430"/>
                <TextEquiv>
                    <Unicode>fait de mal à personne. Les organes;</Unicode>
                </TextEquiv>
            </TextLine>
            <TextLine id="r2l92" custom="readingOrder {index:91;}">
                <Coords points="1315,2486 1989,2484 2048,2480 2048,2439 1315,2451"/>
                <Baseline points="1324,2478 1359,2478 1395,2478 1431,2478 1467,2478 1502,2478 1538,2478 1574,2478 1610,2479 1645,2479 1681,2479 1717,2479 1753,2478 1788,2478 1824,2478 1860,2477 1896,2476 1931,2475 1967,2472 2003,2471 2039,2468"/>
                <TextEquiv>
                    <Unicode>On entrevoyait une lueur au bout du</Unicode>
                </TextEquiv>
            </TextLine>
            <TextLine id="r2l93" custom="readingOrder {index:92;}">
                <Coords points="2069,2487 2772,2470 2817,2489 2816,2437 2068,2450"/>
                <Baseline points="2078,2481 2114,2482 2150,2482 2187,2482 2223,2482 2260,2481 2296,2481 2333,2480 2369,2479 2406,2479 2442,2478 2478,2477 2515,2476 2551,2475 2588,2473 2624,2472 2661,2471 2697,2469 2734,2468 2770,2467 2807,2465"/>
                <TextEquiv>
                    <Unicode>de l’amour sont comiques. Le crca-;</Unicode>
                </TextEquiv>
            </TextLine>
            <TextLine id="r2l94" custom="readingOrder {index:93;}">
                <Coords points="2060,2527 2771,2509 2817,2534 2816,2483 2720,2472 2060,2492"/>
                <Baseline points="2069,2521 2107,2521 2146,2521 2185,2520 2224,2520 2263,2520 2302,2519 2341,2519 2380,2518 2419,2517 2457,2517 2496,2516 2535,2515 2574,2514 2613,2513 2652,2512 2691,2511 2730,2509 2769,2508 2808,2506"/>
                <TextEquiv>
                    <Unicode>teur les a placès dans un dröle d’en¬</Unicode>
                </TextEquiv>
            </TextLine>
            <TextLine id="r2l95" custom="readingOrder {index:94;}">
                <Coords points="1311,2509 1361,2531 1768,2513 1803,2534 1954,2505 2051,2525 2051,2481 2022,2475 1311,2487"/>
                <Baseline points="1321,2518 1357,2518 1393,2518 1429,2518 1465,2518 1501,2518 1537,2518 1573,2518 1609,2518 1645,2518 1682,2517 1718,2517 1754,2517 1790,2516 1826,2516 1862,2515 1898,2514 1934,2514 1970,2513 2006,2512 2043,2511"/>
                <TextEquiv>
                    <Unicode>tunnel. Maintenant, je viens de voir</Unicode>
                </TextEquiv>
            </TextLine>
            <TextLine id="r2l96" custom="readingOrder {index:95;}">
                <Coords points="1313,2572 2024,2558 2053,2524 1313,2526"/>
                <Baseline points="1323,2558 1359,2558 1395,2559 1431,2559 1467,2559 1503,2559 1539,2559 1575,2559 1611,2559 1647,2558 1683,2558 1719,2557 1755,2556 1791,2555 1827,2555 1863,2554 1899,2553 1935,2552 1971,2550 2007,2549 2043,2548"/>
                <TextEquiv>
                    <Unicode>trois soirs de suite trois vies de fem¬</Unicode>
                </TextEquiv>
            </TextLine>
            <TextLine id="r2l97" custom="readingOrder {index:96;}">
                <Coords points="2060,2569 2823,2570 2822,2517 2770,2510 2719,2532 2562,2511 2060,2528"/>
                <Baseline points="2069,2559 2106,2560 2143,2560 2180,2561 2217,2561 2255,2560 2292,2560 2329,2559 2366,2559 2403,2558 2441,2557 2478,2556 2515,2555 2552,2554 2589,2552 2627,2551 2664,2551 2701,2550 2738,2549 2775,2548 2813,2547"/>
                <TextEquiv>
                    <Unicode>droit. Le rire qu'ils provoquent est;</Unicode>
                </TextEquiv>
            </TextLine>
            <TextLine id="r2l98" custom="readingOrder {index:97;}">
                <Coords points="1310,2603 2045,2598 2044,2548 1310,2576"/>
                <Baseline points="1319,2600 1354,2600 1390,2600 1426,2599 1462,2599 1498,2599 1533,2599 1569,2598 1605,2598 1641,2597 1677,2597 1712,2596 1748,2595 1784,2595 1820,2594 1856,2593 1891,2592 1927,2591 1963,2590 1999,2588 2035,2587"/>
                <TextEquiv>
                    <Unicode>mes, la géniale Madame Pitoöff à</Unicode>
                </TextEquiv>
            </TextLine>
            <TextLine id="r2l99" custom="readingOrder {index:98;}">
                <Coords points="2068,2605 2479,2611 2562,2587 2709,2604 2805,2582 2723,2554 2068,2570"/>
                <Baseline points="2077,2597 2112,2598 2148,2598 2184,2598 2220,2599 2256,2599 2292,2599 2328,2599 2364,2598 2400,2598 2436,2598 2471,2597 2507,2597 2543,2596 2579,2595 2615,2594 2651,2593 2687,2592 2723,2590 2759,2589 2795,2587"/>
                <TextEquiv>
                    <Unicode>un rire naturel, gaulois et hon en¬</Unicode>
                </TextEquiv>
            </TextLine>
            <TextLine id="r2l100" custom="readingOrder {index:99;}">
                <Coords points="1310,2654 2043,2631 2042,2602 2000,2591 1309,2603"/>
                <Baseline points="1319,2639 1354,2638 1390,2638 1426,2638 1461,2637 1497,2637 1533,2636 1568,2636 1604,2635 1640,2635 1676,2634 1711,2634 1747,2633 1783,2632 1818,2632 1854,2631 1890,2630 1925,2629 1961,2629 1997,2628 2033,2627"/>
                <TextEquiv>
                    <Unicode>I’Avenue, la d#rmatique Rachel Be¬</Unicode>
                </TextEquiv>
            </TextLine>
            <TextLine id="r2l101" custom="readingOrder {index:100;}">
                <Coords points="2058,2642 2819,2632 2818,2584 2796,2582 2710,2602 2058,2601"/>
                <Baseline points="2067,2636 2104,2637 2141,2637 2178,2637 2215,2637 2252,2637 2289,2637 2326,2637 2363,2637 2400,2636 2438,2636 2475,2635 2512,2635 2549,2634 2586,2634 2623,2633 2660,2632 2697,2631 2734,2630 2771,2630 2809,2629"/>
                <TextEquiv>
                    <Unicode>fant, dont la morale publique seralt!</Unicode>
                </TextEquiv>
            </TextLine>
            <TextLine id="r2l102" custom="readingOrder {index:101;}">
                <Coords points="2063,2689 2698,2664 2803,2686 2803,2635 2063,2639"/>
                <Baseline points="2073,2675 2109,2675 2145,2675 2181,2675 2217,2676 2253,2676 2289,2676 2325,2676 2361,2676 2397,2676 2433,2675 2469,2675 2505,2675 2541,2674 2577,2673 2613,2672 2649,2671 2685,2670 2721,2669 2757,2667 2794,2666"/>
                <TextEquiv>
                    <Unicode>bien sotte de s’effaroucher. Ce qui</Unicode>
                </TextEquiv>
            </TextLine>
            <TextLine id="r2l103" custom="readingOrder {index:102;}">
                <Coords points="1312,2683 2049,2676 2048,2630 1312,2642"/>
                <Baseline points="1322,2676 1357,2676 1393,2677 1429,2677 1465,2677 1501,2676 1537,2676 1573,2676 1609,2675 1645,2675 1681,2674 1716,2673 1752,2673 1788,2672 1824,2671 1860,2670 1896,2670 1932,2669 1968,2669 2004,2668 2040,2668"/>
                <TextEquiv>
                    <Unicode>rendt à la Renaissance, la touchante</Unicode>
                </TextEquiv>
            </TextLine>
            <TextLine id="r2l104" custom="readingOrder {index:103;}">
                <Coords points="1319,2725 2054,2712 2053,2677 2026,2668 1960,2686 1319,2677"/>
                <Baseline points="1328,2720 1363,2718 1399,2716 1435,2715 1471,2714 1507,2714 1542,2713 1578,2713 1614,2712 1650,2712 1686,2712 1721,2712 1757,2711 1793,2711 1829,2711 1865,2710 1900,2710 1936,2709 1972,2708 2008,2706 2044,2705"/>
                <TextEquiv>
                    <Unicode>Régina Camier aux Nouveautés. Cel¬</Unicode>
                </TextEquiv>
            </TextLine>
            <TextLine id="r2l105" custom="readingOrder {index:104;}">
                <Coords points="2067,2729 2140,2711 2172,2731 2744,2719 2808,2700 2808,2669 2066,2688"/>
                <Baseline points="2076,2715 2112,2715 2148,2715 2184,2716 2220,2716 2257,2716 2293,2716 2329,2716 2365,2716 2401,2715 2438,2715 2474,2715 2510,2714 2546,2713 2582,2713 2619,2712 2655,2711 2691,2710 2727,2709 2763,2707 2800,2706"/>
                <TextEquiv>
                    <Unicode>est terrible, malsaln et mortel, c’est</Unicode>
                </TextEquiv>
            </TextLine>
            <TextLine id="r2l106" custom="readingOrder {index:105;}">
                <Coords points="1318,2757 1953,2761 2056,2751 2056,2713 1318,2722"/>
                <Baseline points="1327,2755 1363,2755 1399,2754 1435,2754 1471,2753 1507,2753 1543,2752 1579,2752 1615,2752 1651,2751 1687,2751 1723,2751 1759,2751 1795,2751 1831,2750 1867,2750 1903,2750 1939,2750 1975,2750 2011,2749 2047,2749"/>
                <TextEquiv>
                    <Unicode>Je-ci meurt de tristesse à 70 ans. II</Unicode>
                </TextEquiv>
            </TextLine>
            <TextLine id="r2l107" custom="readingOrder {index:106;}">
                <Coords points="2062,2776 2480,2759 2539,2781 2645,2750 2772,2768 2807,2755 2807,2698 2061,2734"/>
                <Baseline points="2071,2753 2107,2753 2143,2753 2180,2753 2216,2753 2253,2753 2289,2754 2325,2754 2362,2754 2398,2754 2435,2754 2471,2754 2507,2754 2544,2753 2580,2753 2617,2752 2653,2751 2689,2750 2726,2749 2762,2748 2799,2746"/>
                <TextEquiv>
                    <Unicode>de les prendre au funébre et au tra¬</Unicode>
                </TextEquiv>
            </TextLine>
            <TextLine id="r2l108" custom="readingOrder {index:107;}">
                <Coords points="1309,2782 1529,2808 1599,2787 1724,2806 2061,2790 2060,2751 2001,2748 1309,2752"/>
                <Baseline points="1319,2796 1355,2795 1392,2795 1428,2794 1465,2793 1502,2793 1538,2792 1575,2792 1611,2792 1648,2792 1685,2791 1721,2791 1758,2791 1794,2791 1831,2791 1868,2790 1904,2790 1941,2790 1977,2789 2014,2789 2051,2788"/>
                <TextEquiv>
                    <Unicode>est vrai que c’est pour s’étre fait</Unicode>
                </TextEquiv>
            </TextLine>
            <TextLine id="r2l109" custom="readingOrder {index:108;}">
                <Coords points="2064,2821 2079,2823 2095,2816 2101,2821 2113,2809 2121,2813 2148,2807 2165,2813 2177,2799 2187,2804 2197,2794 2210,2793 2209,2774 2194,2777 2169,2765 2160,2769 2150,2760 2134,2765 2102,2757 2097,2763 2084,2762 2070,2778 2061,2778"/>
                <Baseline points="2073,2803 2098,2800 2124,2797 2149,2796 2175,2794 2201,2793"/>
                <TextEquiv>
                    <Unicode>gique.</Unicode>
                </TextEquiv>
            </TextLine>
            <TextLine id="r2l110" custom="readingOrder {index:109;}">
                <Coords points="2153,2841 2527,2848 2554,2831 2711,2851 2812,2833 2812,2784 2591,2800 2519,2785 2497,2802 2280,2785 2153,2813"/>
                <Baseline points="2163,2834 2195,2833 2227,2832 2259,2832 2291,2832 2323,2832 2355,2832 2387,2832 2419,2832 2451,2832 2483,2832 2515,2832 2547,2832 2579,2832 2611,2832 2643,2831 2675,2831 2707,2830 2739,2829 2771,2828 2803,2827"/>
                <TextEquiv>
                    <Unicode> Alors, vous étes pour une cen¬</Unicode>
                </TextEquiv>
            </TextLine>
            <TextLine id="r2l111" custom="readingOrder {index:110;}">
                <Coords points="1319,2840 2040,2840 2057,2797 1825,2784 1724,2806 1703,2786 1666,2810 1504,2789 1318,2810"/>
                <Baseline points="1328,2837 1365,2835 1403,2833 1441,2832 1479,2832 1517,2831 1555,2831 1592,2831 1630,2831 1668,2832 1706,2832 1744,2832 1782,2832 1819,2832 1857,2832 1895,2832 1933,2831 1971,2830 2009,2829 2047,2827"/>
                <TextEquiv>
                    <Unicode>avorter à 20 ans. IIy a donc iei une</Unicode>
                </TextEquiv>
            </TextLine>
            <TextLine id="r2l112" custom="readingOrder {index:111;}">
                <Coords points="1316,2872 1607,2872 1656,2892 1695,2873 2058,2878 2057,2835 2013,2830 1315,2833"/>
                <Baseline points="1325,2875 1361,2874 1397,2873 1433,2872 1469,2871 1505,2870 1541,2870 1578,2869 1614,2868 1650,2868 1686,2868 1722,2867 1758,2867 1794,2867 1831,2867 1867,2866 1903,2866 1939,2866 1975,2866 2011,2866 2048,2866"/>
                <TextEquiv>
                    <Unicode>Jeçon morale excellente. Mais l’exis¬</Unicode>
                </TextEquiv>
            </TextLine>
            <TextLine id="r2l113" custom="readingOrder {index:112;}">
                <Coords points="2072,2883 2109,2892 2175,2867 2396,2889 2433,2872 2464,2889 2481,2872 2503,2883 2588,2865 2587,2834 2556,2831 2335,2836 2322,2849 2302,2835 2072,2839"/>
                <Baseline points="2082,2874 2108,2874 2134,2873 2160,2874 2186,2874 2212,2874 2238,2874 2265,2874 2291,2874 2317,2874 2343,2874 2369,2874 2395,2874 2422,2873 2448,2873 2474,2872 2500,2871 2526,2870 2552,2869 2579,2867"/>
                <TextEquiv>
                    <Unicode>sure? C’est du propre !</Unicode>
                </TextEquiv>
            </TextLine>
            <TextLine id="r2l114" custom="readingOrder {index:113;}">
                <Coords points="1314,2898 1380,2925 1658,2905 2065,2920 2065,2872 1313,2874"/>
                <Baseline points="1323,2913 1359,2912 1396,2912 1432,2911 1469,2911 1506,2911 1542,2910 1579,2910 1615,2910 1652,2910 1689,2910 1725,2910 1762,2910 1798,2910 1835,2910 1872,2909 1908,2909 1945,2908 1981,2907 2018,2906 2055,2905"/>
                <TextEquiv>
                    <Unicode>tence des deux autres n’est qu'une</Unicode>
                </TextEquiv>
            </TextLine>
            <TextLine id="r2l115" custom="readingOrder {index:114;}">
                <Coords points="2165,2914 2291,2935 2325,2915 2815,2910 2814,2866 2692,2856 2457,2883 2164,2868"/>
                <Baseline points="2174,2916 2205,2916 2237,2916 2268,2916 2300,2916 2332,2915 2363,2915 2395,2914 2426,2913 2458,2912 2490,2911 2521,2910 2553,2909 2584,2908 2616,2907 2648,2906 2679,2905 2711,2904 2742,2903 2774,2902 2806,2902"/>
                <TextEquiv>
                    <Unicode>Je juge l’arhre à son fruit. Si le</Unicode>
                </TextEquiv>
            </TextLine>
            <TextLine id="r2l116" custom="readingOrder {index:115;}">
                <Coords points="1319,2962 2056,2953 2055,2910 1319,2914"/>
                <Baseline points="1328,2954 1365,2953 1403,2953 1441,2952 1479,2952 1517,2951 1555,2951 1592,2950 1630,2950 1668,2950 1706,2950 1744,2949 1782,2949 1819,2948 1857,2948 1895,2947 1933,2947 1971,2945 2009,2945 2047,2944"/>
                <TextEquiv>
                    <Unicode>Jongue suite de prostitutions Inévi¬</Unicode>
                </TextEquiv>
            </TextLine>
            <TextLine id="r2l117" custom="readingOrder {index:116;}">
                <Coords points="2063,2963 2593,2941 2796,2960 2812,2899 2357,2927 2063,2907"/>
                <Baseline points="2073,2953 2109,2953 2146,2954 2182,2954 2219,2954 2255,2954 2292,2954 2328,2954 2365,2954 2401,2954 2438,2954 2475,2953 2511,2953 2548,2952 2584,2952 2621,2951 2657,2950 2694,2949 2730,2948 2767,2948 2804,2946"/>
                <TextEquiv>
                    <Unicode>fruit que j’en emporte est le dégodt</Unicode>
                </TextEquiv>
            </TextLine>
            <TextLine id="r2l118" custom="readingOrder {index:117;}">
                <Coords points="1317,3006 2050,2985 2049,2956 2007,2949 1694,2952 1665,2973 1605,2950 1316,2962"/>
                <Baseline points="1326,2995 1361,2993 1397,2993 1433,2992 1469,2991 1504,2990 1540,2990 1576,2989 1612,2989 1647,2989 1683,2989 1719,2988 1755,2988 1790,2988 1826,2988 1862,2988 1898,2987 1933,2987 1969,2986 2005,2986 2041,2985"/>
                <TextEquiv>
                    <Unicode>tables et fatales, ironiques ou sinis¬</Unicode>
                </TextEquiv>
            </TextLine>
            <TextLine id="r2l119" custom="readingOrder {index:118;}">
                <Coords points="2071,3007 2807,2996 2806,2945 2070,2966"/>
                <Baseline points="2080,2995 2115,2995 2151,2994 2187,2994 2223,2994 2259,2994 2295,2994 2331,2994 2367,2994 2403,2993 2439,2993 2474,2993 2510,2992 2546,2991 2582,2991 2618,2990 2654,2989 2690,2988 2726,2986 2762,2984 2798,2982"/>
                <TextEquiv>
                    <Unicode>de vivre, je le juge vénéneux. Le ci¬</Unicode>
                </TextEquiv>
            </TextLine>
            <TextLine id="r2l120" custom="readingOrder {index:119;}">
                <Coords points="1325,3036 2060,3026 2045,2986 1325,3003"/>
                <Baseline points="1334,3035 1369,3033 1405,3031 1441,3030 1477,3029 1513,3028 1549,3028 1584,3028 1620,3027 1656,3027 1692,3027 1728,3027 1764,3028 1800,3028 1835,3028 1871,3028 1907,3028 1943,3028 1979,3028 2015,3027 2051,3026"/>
                <TextEquiv>
                    <Unicode>tres, avec des sous-titres qui géné¬</Unicode>
                </TextEquiv>
            </TextLine>
            <TextLine id="r2l121" custom="readingOrder {index:120;}">
                <Coords points="2065,3040 2809,3018 2808,2995 2733,2985 2065,3007"/>
                <Baseline points="2074,3035 2110,3034 2146,3033 2182,3032 2219,3032 2255,3031 2291,3031 2328,3031 2364,3031 2400,3030 2437,3030 2473,3030 2509,3030 2545,3029 2582,3029 2618,3028 2654,3027 2691,3026 2727,3025 2763,3023 2800,3022"/>
                <TextEquiv>
                    <Unicode>nema américain nvec sa doctrine des</Unicode>
                </TextEquiv>
            </TextLine>
            <TextLine id="r2l122" custom="readingOrder {index:121;}">
                <Coords points="2069,3074 2384,3087 2817,3062 2816,3016 2069,3045"/>
                <Baseline points="2079,3071 2115,3071 2151,3071 2188,3071 2224,3071 2261,3071 2297,3071 2333,3071 2370,3070 2406,3070 2443,3070 2479,3069 2515,3069 2552,3068 2588,3068 2625,3067 2661,3066 2697,3065 2734,3064 2770,3063 2807,3062"/>
                <TextEquiv>
                    <Unicode>dénouements optimistes, l’invariable</Unicode>
                </TextEquiv>
            </TextLine>
            <TextLine id="r2l123" custom="readingOrder {index:122;}">
                <Coords points="1310,3064 1436,3088 1504,3067 1550,3089 1605,3067 1947,3082 2067,3074 2067,3022 1980,3047 1857,3018 1706,3042 1310,3034"/>
                <Baseline points="1319,3075 1355,3074 1392,3072 1429,3072 1466,3071 1503,3070 1540,3070 1577,3070 1614,3070 1651,3070 1688,3070 1724,3070 1761,3070 1798,3070 1835,3069 1872,3069 1909,3069 1946,3068 1983,3067 2020,3066 2057,3064"/>
                <TextEquiv>
                    <Unicode>ralisent: La nuit de l’initiation. La</Unicode>
                </TextEquiv>
            </TextLine>
            <TextLine id="r2l124" custom="readingOrder {index:123;}">
                <Coords points="2072,3119 2774,3115 2807,3096 2806,3066 2072,3075"/>
                <Baseline points="2081,3109 2116,3109 2152,3109 2188,3109 2224,3110 2260,3109 2295,3109 2331,3109 2367,3109 2403,3108 2439,3108 2474,3108 2510,3107 2546,3107 2582,3106 2618,3105 2653,3105 2689,3104 2725,3104 2761,3103 2797,3103"/>
                <TextEquiv>
                    <Unicode>terminaison du drame par le haiser</Unicode>
                </TextEquiv>
            </TextLine>
            <TextLine id="r2l125" custom="readingOrder {index:124;}">
                <Coords points="1318,3121 2023,3114 2058,3110 2058,3071 1318,3083"/>
                <Baseline points="1327,3115 1363,3114 1399,3112 1435,3110 1471,3109 1507,3108 1543,3108 1579,3108 1615,3108 1651,3108 1688,3108 1724,3108 1760,3108 1796,3109 1832,3109 1868,3108 1904,3108 1940,3107 1976,3107 2012,3105 2049,3104"/>
                <TextEquiv>
                    <Unicode>nuit de la révélation. La nuit de la</Unicode>
                </TextEquiv>
            </TextLine>
            <TextLine id="r2l126" custom="readingOrder {index:125;}">
                <Coords points="2064,3150 2610,3163 2703,3136 2812,3162 2811,3094 2765,3115 2064,3130"/>
                <Baseline points="2073,3150 2109,3151 2146,3151 2182,3151 2219,3151 2255,3151 2292,3151 2328,3151 2365,3150 2401,3150 2438,3150 2474,3149 2511,3149 2547,3148 2584,3147 2620,3146 2657,3146 2693,3145 2730,3143 2766,3142 2803,3141"/>
                <TextEquiv>
                    <Unicode>sur la bouche, était hon pour ces</Unicode>
                </TextEquiv>
            </TextLine>
            <TextLine id="r2l127" custom="readingOrder {index:126;}">
                <Coords points="1315,3149 1652,3168 1868,3145 1914,3167 2057,3151 2057,3110 1315,3120"/>
                <Baseline points="1325,3154 1361,3153 1397,3153 1433,3152 1469,3151 1506,3151 1542,3151 1578,3150 1614,3150 1650,3150 1687,3149 1723,3149 1759,3149 1795,3148 1831,3148 1868,3148 1904,3147 1940,3147 1976,3146 2012,3146 2049,3145"/>
                <TextEquiv>
                    <Unicode>déception. II y en a douze! Quant à</Unicode>
                </TextEquiv>
            </TextLine>
            <TextLine id="r2l128" custom="readingOrder {index:127;}">
                <Coords points="1364,3194 2719,3202 2817,3189 2817,3135 1364,3164"/>
                <Baseline points="1373,3193 1444,3191 1516,3189 1588,3188 1660,3187 1731,3187 1803,3187 1875,3188 1947,3188 2018,3189 2090,3189 2162,3190 2234,3190 2305,3190 2377,3190 2449,3189 2521,3188 2592,3187 2664,3184 2736,3182 2808,3178"/>
                <TextEquiv>
                    <Unicode>La Ronde : du Viennols Arthur géants enfanlins que sont les Yan¬</Unicode>
                </TextEquiv>
            </TextLine>
            <TextLine id="r2l129" custom="readingOrder {index:128;}">
                <Coords points="1322,3239 2779,3232 2812,3188 1322,3196"/>
                <Baseline points="1332,3232 1405,3230 1479,3229 1552,3228 1626,3227 1699,3227 1773,3227 1846,3227 1920,3227 1993,3228 2067,3228 2141,3229 2214,3229 2288,3229 2361,3229 2435,3228 2508,3227 2582,3226 2655,3225 2729,3223 2803,3220"/>
                <TextEquiv>
                    <Unicode>Schnitzler, elle fut interdite en Au-Tkees. Leur conventionnel créve les</Unicode>
                </TextEquiv>
            </TextLine>
            <TextLine id="r2l130" custom="readingOrder {index:129;}">
                <Coords points="1323,3269 2049,3273 2069,3269 2069,3226 1323,3240"/>
                <Baseline points="1333,3268 1369,3269 1405,3270 1442,3270 1478,3270 1514,3270 1551,3270 1587,3270 1623,3269 1660,3268 1696,3268 1732,3267 1769,3266 1805,3266 1841,3265 1878,3264 1914,3264 1950,3264 1987,3264 2023,3264 2060,3265"/>
                <TextEquiv>
                    <Unicode>triche par la censure, parce que dix</Unicode>
                </TextEquiv>
            </TextLine>
            <TextLine id="r2l131" custom="readingOrder {index:130;}">
                <Coords points="2070,3268 2243,3286 2779,3266 2821,3284 2821,3228 2797,3223 2070,3240"/>
                <Baseline points="2080,3270 2116,3270 2153,3270 2189,3270 2226,3270 2263,3270 2299,3270 2336,3269 2372,3269 2409,3269 2446,3268 2482,3268 2519,3267 2555,3267 2592,3266 2629,3265 2665,3264 2702,3263 2738,3262 2775,3261 2812,3260"/>
                <TextEquiv>
                    <Unicode>venx. Mais entre un cinéma pour en¬</Unicode>
                </TextEquiv>
            </TextLine>
            <TextLine id="r2l132" custom="readingOrder {index:131;}">
                <Coords points="1323,3313 2813,3303 2812,3263 1323,3276"/>
                <Baseline points="1332,3314 1405,3311 1479,3309 1552,3307 1626,3306 1699,3305 1773,3305 1846,3305 1920,3305 1993,3306 2067,3306 2141,3307 2214,3308 2288,3308 2361,3308 2435,3308 2508,3307 2582,3307 2655,3305 2729,3303 2803,3300"/>
                <TextEquiv>
                    <Unicode>tableaux, dix accouplements ! Le ri-ants et un théätre pour vielllards</Unicode>
                </TextEquiv>
            </TextLine>
            <TextLine id="r2l133" custom="readingOrder {index:132;}">
                <Coords points="1332,3354 2821,3361 2821,3322 1331,3315"/>
                <Baseline points="1340,3352 1413,3350 1487,3348 1560,3347 1634,3346 1708,3346 1781,3346 1855,3346 1928,3346 2002,3346 2076,3347 2149,3347 2223,3348 2296,3348 2370,3348 2444,3348 2517,3347 2591,3346 2664,3345 2738,3343 2812,3341"/>
                <TextEquiv>
                    <Unicode>deau ne se laisse que le temps dej désabusés, il y a place pour un art</Unicode>
                </TextEquiv>
            </TextLine>
            <TextLine id="r2l134" custom="readingOrder {index:133;}">
                <Coords points="2071,3394 2574,3401 2680,3382 2815,3404 2814,3351 2787,3345 2071,3357"/>
                <Baseline points="2080,3384 2116,3385 2152,3386 2188,3387 2225,3387 2261,3387 2297,3387 2333,3387 2370,3387 2406,3387 2442,3387 2478,3386 2515,3386 2551,3385 2587,3384 2623,3383 2660,3382 2696,3381 2732,3380 2768,3378 2805,3377"/>
                <TextEquiv>
                    <Unicode>viril, qui ne nous invile pas à venir</Unicode>
                </TextEquiv>
            </TextLine>
            <TextLine id="r2l135" custom="readingOrder {index:134;}">
                <Coords points="1320,3395 2064,3390 2064,3355 2007,3343 1944,3367 1862,3343 1320,3354"/>
                <Baseline points="1330,3388 1366,3387 1402,3386 1438,3386 1475,3385 1511,3385 1547,3385 1583,3385 1620,3385 1656,3386 1692,3386 1728,3386 1765,3386 1801,3386 1837,3386 1873,3386 1910,3385 1946,3385 1982,3384 2018,3383 2055,3381"/>
                <TextEquiv>
                    <Unicode>nous voiler l’acte essentiel. Mais</Unicode>
                </TextEquiv>
            </TextLine>
            <TextLine id="r2l136" custom="readingOrder {index:135;}">
                <Coords points="2069,3433 2782,3433 2809,3427 2809,3390 2068,3394"/>
                <Baseline points="2079,3425 2115,3426 2151,3426 2187,3427 2223,3427 2259,3427 2295,3427 2331,3426 2367,3426 2403,3426 2439,3425 2475,3424 2511,3424 2547,3423 2583,3422 2619,3421 2655,3421 2691,3420 2727,3419 2763,3418 2799,3417"/>
                <TextEquiv>
                    <Unicode>réfléchir sur les laideurs ou les dou¬</Unicode>
                </TextEquiv>
            </TextLine>
            <TextLine id="r2l137" custom="readingOrder {index:136;}">
                <Coords points="1317,3422 2068,3432 2068,3390 1317,3396"/>
                <Baseline points="1327,3427 1363,3426 1400,3425 1436,3425 1473,3425 1510,3425 1546,3425 1583,3425 1619,3425 1656,3426 1693,3426 1729,3426 1766,3426 1802,3427 1839,3427 1876,3426 1912,3426 1949,3426 1985,3425 2022,3423 2059,3422"/>
                <TextEquiv>
                    <Unicode>nous voyons à chaque fois la femme</Unicode>
                </TextEquiv>
            </TextLine>
            <TextLine id="r2l138" custom="readingOrder {index:137;}">
                <Coords points="2077,3474 2663,3461 2742,3479 2810,3456 2758,3425 2077,3432"/>
                <Baseline points="2086,3462 2121,3462 2157,3463 2193,3463 2228,3463 2264,3463 2300,3463 2335,3463 2371,3463 2407,3463 2443,3462 2478,3462 2514,3462 2550,3461 2585,3461 2621,3461 2657,3461 2692,3461 2728,3460 2764,3461 2800,3461"/>
                <TextEquiv>
                    <Unicode>leurs de la terre sans nous proposer</Unicode>
                </TextEquiv>
            </TextLine>
            <TextLine id="r2l139" custom="readingOrder {index:138;}">
                <Coords points="1319,3470 1407,3455 1451,3479 1641,3478 1670,3457 1696,3479 1858,3454 2020,3472 2057,3468 2057,3430 1318,3437"/>
                <Baseline points="1327,3464 1363,3463 1399,3463 1435,3463 1471,3463 1507,3463 1543,3463 1579,3464 1615,3464 1651,3464 1687,3464 1723,3465 1759,3465 1795,3464 1831,3464 1867,3463 1903,3463 1939,3462 1975,3459 2011,3458 2047,3456"/>
                <TextEquiv>
                    <Unicode>se déshabiller, puis se rhabiller.</Unicode>
                </TextEquiv>
            </TextLine>
            <TextLine id="r2l140" custom="readingOrder {index:139;}">
                <Coords points="2075,3517 2729,3511 2757,3500 2757,3469 2075,3474"/>
                <Baseline points="2084,3501 2117,3502 2150,3502 2183,3503 2216,3503 2250,3503 2283,3504 2316,3504 2349,3505 2382,3505 2416,3505 2449,3505 2482,3505 2515,3505 2548,3505 2582,3504 2615,3504 2648,3503 2681,3502 2714,3501 2748,3499"/>
                <TextEquiv>
                    <Unicode>une compensation ou un reméde.</Unicode>
                </TextEquiv>
            </TextLine>
            <TextLine id="r2l141" custom="readingOrder {index:140;}">
                <Coords points="1319,3509 2065,3517 2047,3467 1319,3470"/>
                <Baseline points="1328,3505 1364,3505 1400,3505 1437,3505 1473,3505 1510,3505 1546,3505 1582,3505 1619,3505 1655,3505 1692,3505 1728,3505 1764,3505 1801,3505 1837,3505 1874,3504 1910,3504 1946,3503 1983,3502 2019,3501 2056,3500"/>
                <TextEquiv>
                    <Unicode>C’est tout juste si l’on nous épargne</Unicode>
                </TextEquiv>
            </TextLine>
            <TextLine id="r2l142" custom="readingOrder {index:141;}">
                <Coords points="1319,3548 1425,3571 1607,3549 1966,3568 2069,3538 2035,3505 1722,3522 1319,3502"/>
                <Baseline points="1328,3546 1364,3546 1401,3547 1437,3547 1474,3547 1511,3546 1547,3546 1584,3546 1620,3545 1657,3545 1694,3544 1730,3544 1767,3543 1803,3543 1840,3543 1877,3542 1913,3542 1950,3541 1986,3541 2023,3541 2060,3541"/>
                <TextEquiv>
                    <Unicode>les bruits d’eau du cabinet de tollet¬</Unicode>
                </TextEquiv>
            </TextLine>
            <TextLine id="r2l143" custom="readingOrder {index:142;}">
                <Coords points="2164,3560 2637,3562 2740,3540 2740,3510 2163,3519"/>
                <Baseline points="2173,3554 2200,3554 2228,3555 2256,3555 2284,3555 2312,3555 2340,3555 2368,3555 2396,3554 2424,3554 2452,3553 2479,3553 2507,3552 2535,3551 2563,3550 2591,3550 2619,3549 2647,3547 2675,3547 2703,3545 2731,3544"/>
                <TextEquiv>
                    <Unicode>Et s’il n’en trouve point?</Unicode>
                </TextEquiv>
            </TextLine>
            <TextLine id="r2l144" custom="readingOrder {index:143;}">
                <Coords points="1319,3602 1332,3603 1341,3609 1363,3591 1379,3601 1388,3594 1397,3597 1407,3588 1422,3591 1423,3567 1407,3564 1401,3568 1391,3561 1385,3563 1380,3557 1355,3549 1351,3553 1342,3548 1323,3551"/>
                <Baseline points="1329,3586 1357,3586 1385,3588 1413,3592"/>
                <TextEquiv>
                    <Unicode>1e.</Unicode>
                </TextEquiv>
            </TextLine>
            <TextLine id="r2l145" custom="readingOrder {index:144;}">
                <Coords points="2160,3592 2335,3610 2779,3593 2805,3611 2845,3586 2844,3533 2806,3563 2756,3542 2570,3568 2159,3557"/>
                <Baseline points="2170,3590 2203,3592 2236,3594 2269,3595 2303,3596 2336,3596 2369,3596 2403,3596 2436,3596 2469,3595 2503,3594 2536,3594 2569,3592 2602,3592 2636,3590 2669,3589 2702,3588 2736,3588 2769,3587 2802,3586 2836,3586"/>
                <TextEquiv>
                    <Unicode>- Alors, qu'il se taise ! Je Jui dé¬F</Unicode>
                </TextEquiv>
            </TextLine>
            <TextLine id="r2l146" custom="readingOrder {index:145;}">
                <Coords points="1388,3634 2064,3628 2064,3585 2002,3557 1906,3563 1854,3592 1758,3572 1703,3594 1637,3568 1563,3599 1455,3568 1423,3596 1388,3583"/>
                <Baseline points="1397,3614 1429,3616 1462,3618 1495,3619 1528,3620 1561,3621 1594,3622 1627,3623 1660,3623 1693,3623 1726,3622 1758,3622 1791,3622 1824,3621 1857,3620 1890,3620 1923,3620 1956,3619 1989,3619 2022,3618 2055,3618"/>
                <TextEquiv>
                    <Unicode>— Hélas! mon cher colonial!</Unicode>
                </TextEquiv>
            </TextLine>
            <TextLine id="r2l147" custom="readingOrder {index:146;}">
                <Coords points="2080,3643 2842,3635 2864,3592 2080,3595"/>
                <Baseline points="2090,3633 2128,3634 2166,3634 2204,3634 2243,3635 2281,3635 2319,3635 2358,3635 2396,3635 2434,3635 2473,3635 2511,3635 2549,3634 2587,3633 2626,3632 2664,3631 2702,3629 2741,3628 2779,3626 2817,3624 2856,3621"/>
                <TextEquiv>
                    <Unicode>fends de me pousser au suleide. On 4</Unicode>
                </TextEquiv>
            </TextLine>
            <TextLine id="r2l148" custom="readingOrder {index:147;}">
                <Coords points="1330,3663 1945,3680 2065,3657 2033,3617 1928,3638 1840,3620 1330,3633"/>
                <Baseline points="1340,3667 1375,3666 1411,3665 1447,3665 1483,3665 1519,3665 1554,3665 1590,3664 1626,3664 1662,3664 1698,3664 1733,3664 1769,3664 1805,3664 1841,3664 1877,3664 1912,3663 1948,3663 1984,3662 2020,3662 2056,3661"/>
                <TextEquiv>
                    <Unicode>L’smour, du moins l’amour physi¬</Unicode>
                </TextEquiv>
            </TextLine>
            <TextLine id="r2l149" custom="readingOrder {index:148;}">
                <Coords points="2077,3676 2751,3683 2839,3663 2838,3624 2800,3643 2076,3645"/>
                <Baseline points="2085,3673 2122,3674 2159,3674 2196,3674 2234,3674 2271,3674 2308,3674 2345,3674 2383,3674 2420,3673 2457,3673 2494,3672 2532,3672 2569,3671 2606,3670 2643,3669 2681,3667 2718,3666 2755,3665 2792,3664 2830,3662"/>
                <TextEquiv>
                    <Unicode>défend bien aux pharmaciens de dé¬</Unicode>
                </TextEquiv>
            </TextLine>
            <TextLine id="r2l150" custom="readingOrder {index:149;}">
                <Coords points="1329,3701 1979,3717 2067,3702 2067,3661 1328,3675"/>
                <Baseline points="1337,3706 1373,3706 1409,3706 1445,3706 1481,3706 1517,3705 1553,3705 1589,3705 1625,3705 1661,3704 1697,3704 1733,3704 1769,3703 1805,3703 1841,3703 1877,3703 1913,3702 1949,3702 1985,3702 2021,3702 2057,3703"/>
                <TextEquiv>
                    <Unicode>que, c’est cela. La censure autri¬</Unicode>
                </TextEquiv>
            </TextLine>
            <TextLine id="r2l151" custom="readingOrder {index:150;}">
                <Coords points="2073,3722 2815,3720 2831,3659 2750,3682 2072,3681"/>
                <Baseline points="2081,3712 2118,3713 2155,3713 2192,3713 2229,3714 2266,3714 2303,3714 2340,3713 2377,3713 2414,3713 2451,3712 2488,3712 2525,3711 2562,3710 2599,3710 2636,3709 2673,3708 2710,3707 2747,3706 2784,3705 2822,3704"/>
                <TextEquiv>
                    <Unicode>livrer du poison aux passanis et de</Unicode>
                </TextEquiv>
            </TextLine>
            <TextLine id="r2l152" custom="readingOrder {index:151;}">
                <Coords points="1332,3739 1997,3763 2067,3738 2023,3704 1940,3701 1332,3718"/>
                <Baseline points="1342,3746 1377,3745 1413,3744 1449,3744 1485,3743 1521,3743 1556,3743 1592,3743 1628,3743 1664,3743 1700,3743 1735,3743 1771,3743 1807,3743 1843,3743 1879,3742 1914,3742 1950,3741 1986,3739 2022,3738 2058,3736"/>
                <TextEquiv>
                    <Unicode>chienne était une hypocrite qui n’o¬</Unicode>
                </TextEquiv>
            </TextLine>
            <TextLine id="r2l153" custom="readingOrder {index:152;}">
                <Coords points="2070,3745 2300,3769 2816,3747 2816,3721 2694,3709 2070,3721"/>
                <Baseline points="2079,3752 2115,3752 2151,3752 2188,3752 2224,3752 2261,3752 2297,3752 2333,3752 2370,3752 2406,3751 2443,3751 2479,3751 2515,3751 2552,3750 2588,3750 2625,3750 2661,3749 2697,3749 2734,3748 2770,3748 2807,3747"/>
                <TextEquiv>
                    <Unicode>Ivendre quarante sous de mort-aux¬</Unicode>
                </TextEquiv>
            </TextLine>
            <TextLine id="r2l154" custom="readingOrder {index:153;}">
                <Coords points="1322,3780 1494,3803 1786,3781 1913,3795 1992,3783 1992,3741 1322,3760"/>
                <Baseline points="1331,3784 1363,3784 1396,3783 1428,3783 1461,3783 1494,3783 1526,3782 1559,3782 1591,3782 1624,3782 1657,3781 1689,3781 1722,3781 1754,3780 1787,3780 1820,3779 1852,3779 1885,3779 1917,3778 1950,3778 1983,3778"/>
                <TextEquiv>
                    <Unicode>sait regarder la vérilé en fuce.</Unicode>
                </TextEquiv>
            </TextLine>
            <TextLine id="r2l155" custom="readingOrder {index:154;}">
                <Coords points="2066,3801 2187,3778 2219,3804 2867,3802 2866,3745 2842,3733 2307,3770 2108,3764 2065,3740"/>
                <Baseline points="2075,3791 2114,3791 2153,3791 2192,3791 2231,3791 2270,3791 2309,3791 2349,3790 2388,3790 2427,3790 2466,3790 2505,3790 2544,3790 2583,3789 2623,3789 2662,3788 2701,3788 2740,3787 2779,3786 2818,3785 2858,3784"/>
                <TextEquiv>
                    <Unicode>rats sans ordonnance. J'admire!</Unicode>
                </TextEquiv>
            </TextLine>
            <TextLine id="r2l156" custom="readingOrder {index:155;}">
                <Coords points="2075,3837 2432,3822 2485,3840 2561,3816 2588,3838 2745,3843 2813,3798 2075,3800"/>
                <Baseline points="2083,3830 2119,3830 2155,3829 2191,3828 2227,3828 2263,3827 2299,3827 2335,3827 2371,3826 2407,3826 2443,3826 2479,3826 2515,3826 2551,3826 2587,3826 2623,3826 2659,3826 2695,3826 2731,3826 2767,3826 2803,3827"/>
                <TextEquiv>
                    <Unicode>qu'un marchand d’art dramatique</Unicode>
                </TextEquiv>
            </TextLine>
            <TextLine id="r2l157" custom="readingOrder {index:156;}">
                <Coords points="1446,3837 2040,3836 2066,3831 2066,3796 1445,3800"/>
                <Baseline points="1455,3829 1485,3830 1515,3830 1545,3830 1575,3830 1605,3829 1635,3829 1665,3829 1695,3829 1725,3829 1755,3829 1785,3829 1815,3828 1845,3828 1875,3828 1905,3828 1935,3827 1965,3827 1995,3826 2025,3826 2056,3826"/>
                <TextEquiv>
                    <Unicode>Aussi n’est-ce pas cette sincéri¬</Unicode>
                </TextEquiv>
            </TextLine>
            <TextLine id="r2l158" custom="readingOrder {index:157;}">
                <Coords points="2086,3883 2564,3863 2806,3882 2806,3840 2774,3825 2086,3838"/>
                <Baseline points="2095,3869 2130,3869 2165,3869 2200,3868 2235,3868 2270,3868 2305,3868 2340,3868 2375,3867 2410,3867 2445,3867 2480,3867 2515,3867 2550,3867 2585,3867 2620,3867 2655,3866 2690,3866 2725,3865 2760,3865 2796,3864"/>
                <TextEquiv>
                    <Unicode>puisse, sons prétegte de rude sincé</Unicode>
                </TextEquiv>
            </TextLine>
            <TextLine id="r2l159" custom="readingOrder {index:158;}">
                <Coords points="1332,3872 1619,3890 1676,3866 2061,3873 2061,3838 2028,3829 1332,3839"/>
                <Baseline points="1341,3869 1376,3868 1412,3868 1447,3868 1483,3868 1518,3868 1554,3868 1589,3868 1625,3869 1660,3869 1696,3870 1732,3870 1767,3871 1803,3871 1838,3871 1874,3871 1909,3871 1945,3871 1980,3870 2016,3869 2052,3868"/>
                <TextEquiv>
                    <Unicode>té que je bläme. Mais la philosophie</Unicode>
                </TextEquiv>
            </TextLine>
            <TextLine id="r2l160" custom="readingOrder {index:159;}">
                <Coords points="2086,3920 2311,3901 2787,3922 2815,3911 2815,3850 2710,3876 2086,3882"/>
                <Baseline points="2095,3906 2130,3906 2166,3906 2201,3906 2237,3905 2272,3905 2308,3906 2343,3906 2379,3906 2414,3906 2450,3906 2485,3906 2521,3907 2556,3907 2592,3907 2627,3907 2663,3907 2698,3907 2734,3907 2769,3906 2805,3906"/>
                <TextEquiv>
                    <Unicode>rité on de froide lucidité, s’établic</Unicode>
                </TextEquiv>
            </TextLine>
            <TextLine id="r2l161" custom="readingOrder {index:160;}">
                <Coords points="1332,3912 2076,3919 2076,3882 2041,3871 1332,3871"/>
                <Baseline points="1342,3911 1378,3909 1414,3908 1450,3907 1486,3906 1523,3906 1559,3906 1595,3907 1631,3907 1667,3908 1704,3908 1740,3909 1776,3910 1812,3910 1848,3911 1885,3911 1921,3911 1957,3911 1993,3910 2029,3909 2066,3908"/>
                <TextEquiv>
                    <Unicode>qu’on en tire, en s’acharnant à nous</Unicode>
                </TextEquiv>
            </TextLine>
            <TextLine id="r2l162" custom="readingOrder {index:161;}">
                <Coords points="2080,3960 2551,3947 2595,3964 2717,3943 2812,3961 2812,3908 2080,3917"/>
                <Baseline points="2089,3946 2124,3947 2160,3947 2196,3948 2232,3948 2267,3948 2303,3948 2339,3948 2375,3948 2410,3947 2446,3947 2482,3947 2518,3946 2553,3946 2589,3946 2625,3946 2661,3945 2696,3946 2732,3946 2768,3946 2804,3947"/>
                <TextEquiv>
                    <Unicode>marchand de desespoirs et me ven¬</Unicode>
                </TextEquiv>
            </TextLine>
            <TextLine id="r2l163" custom="readingOrder {index:162;}">
                <Coords points="1333,3959 1750,3961 1774,3942 2059,3962 2074,3907 1333,3915"/>
                <Baseline points="1343,3950 1379,3949 1415,3948 1451,3948 1487,3947 1523,3947 1559,3948 1595,3948 1631,3948 1667,3949 1704,3949 1740,3950 1776,3950 1812,3950 1848,3950 1884,3950 1920,3949 1956,3948 1992,3947 2028,3946 2065,3943"/>
                <TextEquiv>
                    <Unicode>montrer dix fois de suite le mème</Unicode>
                </TextEquiv>
            </TextLine>
            <TextLine id="r2l164" custom="readingOrder {index:163;}">
                <Coords points="2085,3991 2205,4013 2258,3994 2454,4014 2512,3983 2809,4004 2789,3949 2085,3958"/>
                <Baseline points="2095,3986 2130,3986 2165,3986 2200,3986 2236,3986 2271,3985 2306,3985 2341,3985 2377,3984 2412,3984 2447,3984 2482,3984 2518,3983 2553,3983 2588,3983 2623,3984 2659,3984 2694,3984 2729,3985 2764,3986 2800,3987"/>
                <TextEquiv>
                    <Unicode>dre quarante francs de mort-aux</Unicode>
                </TextEquiv>
            </TextLine>
            <TextLine id="r2l165" custom="readingOrder {index:164;}">
                <Coords points="1328,3992 1960,4003 2087,3986 2087,3933 1984,3960 1328,3962"/>
                <Baseline points="1337,3988 1374,3986 1411,3985 1448,3984 1485,3984 1522,3983 1559,3983 1596,3984 1633,3984 1670,3984 1707,3985 1744,3985 1781,3986 1818,3986 1855,3987 1892,3987 1929,3987 1966,3987 2003,3986 2040,3985 2077,3984"/>
                <TextEquiv>
                    <Unicode>désenchantement de lhomme préci¬</Unicode>
                </TextEquiv>
            </TextLine>
            <TextLine id="r2l166" custom="readingOrder {index:165;}">
                <Coords points="2088,4047 2112,4044 2123,4049 2138,4038 2169,4043 2200,4039 2217,4028 2228,4029 2229,4005 2200,4011 2184,3994 2158,3998 2139,3994 2134,3988 2090,3994"/>
                <Baseline points="2098,4025 2128,4026 2158,4027 2188,4028 2219,4030"/>
                <TextEquiv>
                    <Unicode>réves.</Unicode>
                </TextEquiv>
            </TextLine>
            <TextLine id="r2l167" custom="readingOrder {index:166;}">
                <Coords points="1336,4031 2069,4038 2069,3994 2034,3988 1336,3991"/>
                <Baseline points="1345,4028 1380,4027 1416,4027 1452,4027 1487,4027 1523,4027 1559,4027 1594,4027 1630,4027 1666,4028 1702,4028 1737,4028 1773,4028 1809,4028 1844,4028 1880,4028 1916,4028 1951,4027 1987,4027 2023,4025 2059,4024"/>
                <TextEquiv>
                    <Unicode>pité des cimes de son réve dans la</Unicode>
                </TextEquiv>
            </TextLine>
            <TextLine id="r2l168" custom="readingOrder {index:167;}">
                <Coords points="2225,4064 2297,4089 2341,4070 2446,4082 2475,4067 2781,4067 2781,4030 2708,4012 2485,4016 2430,4038 2363,4002 2225,4009"/>
                <Baseline points="2234,4059 2260,4060 2287,4060 2314,4061 2341,4061 2368,4061 2395,4062 2421,4062 2448,4062 2475,4062 2502,4063 2529,4063 2556,4063 2583,4063 2609,4063 2636,4063 2663,4063 2690,4063 2717,4062 2744,4062 2771,4062"/>
                <TextEquiv>
                    <Unicode>Maurice DE WALEFFE.</Unicode>
                </TextEquiv>
            </TextLine>
            <TextLine id="r2l169" custom="readingOrder {index:168;}">
                <Coords points="1335,4081 2094,4075 2093,4031 2020,4024 1335,4033"/>
                <Baseline points="1345,4068 1382,4067 1419,4067 1456,4066 1493,4066 1530,4066 1567,4066 1604,4066 1641,4066 1678,4066 1715,4066 1752,4066 1789,4066 1826,4066 1863,4066 1900,4066 1937,4066 1974,4065 2011,4065 2048,4065 2085,4065"/>
                <TextEquiv>
                    <Unicode>plate réalité, cette métamorphose dix</Unicode>
                </TextEquiv>
            </TextLine>
            <TextEquiv>
                <Unicode>Extrait de
agtasee 
Acresse : e . nnn
box 38/2
 uenschageteninie.
Dett 
Signd Ps
Les Marenallag de desespen
pür Maurice de WALEFFE
'Al un ami colonial. II n’avgit,fois répétée de l’omne onimal friste
plus remis le pied en Fran-Ipost voluptatem, l’amoureux galant
et poétique mué instantanément en
ce depuis la guerre. Sa pre¬
mière semaine de rctour algoujat ou en mulle, Est-ce si ine¬
vitable? Baudelaire voyait la chose
Paris, i4 l’a passée au théa¬
autrement:
tre. Car le théätre, là-bas, dans la
brousse, symbolise les lumières et
Dans la brute assouvie un ange se
les joies du boulevard dont on est
Treveille 18

privé. Mon exilé y a couru. IIn'a pas
n
Musset aussi:
goüté les joies qu’il se promettait. Je
le retrouve décu:
Jat lu je ne sais ou, ma chère Belcolore 1P
 Pourquoi? Les piéces nouvel¬
Que les plus dour instants pour deur #t
V
lamants heureur
les sont mauvaises ?
d
Ce sont les entretiens d’une nuit d'in¬
Non.
Isomniel p
Alors, ce sont les acteurs ?
Non. IIs sont adroits. Les fem-Pendant Tentvrement gut zurcede au
Iplatsir!
mes surtout sont exquises. Ah! vos
Quand les sens apaisés sont morts pour 10.
tie desir, I
Parisiennes ! II faut revenir d’Afri¬
Que, la main dans la main et läme alb
que pour savourer leur gräce nuan¬
(Lame unte.E
cée. Vous ne les apprécicz pas as¬
sez.
L’Autrichien Schnitzler, en mon¬8
Alors, quoi 2., Qu'est-ce qui
trant le contraire, nöus-fait -rire,
vous manque?
mais d’un rire cruel, qui assassine
— Ma foi! chaque soir, le rideau
notre plus secret idéal. L’admirable
baissé, je rentre à mon hôtel avec
actrice Pitoöff répete dix fois la sur¬
une tristesse étrange, le cceur lourd,
prise douloureuse de la femme qui,
désenchanté, le sentiment que la vie
elle, n’éprouve nullement cette brus¬
ne vaut pas la peine d’être vécue.
que rupture d’exaltation, mais sort!
Car la comédie que je viens de voir
de l’étreinte toute molle de lendres¬
ne dit pas autre chose. Régulière¬
se et toute baignée de confiance,I
ment elle finit en amertume ou en
préte à s’attacher., Le résultat est
melancolie.
que nous quittons le théätre avec lat
Allez voir des vandevilles ou
mort dans l’äme.
des opérettes !
C’est donc un art puissant !
Bien sür! Mais cela, c’est du
Je crois bien! On a envie de
rire forcé, conventionnel. Je veux de
s’aller jeter à l’eau ! Pour moi, c’est
la vérité. Et pourtant je voudrais
exactement la définition du théätren.
que cette vérité füt consolante. La
immoral, le seul que la police dest
vie étant ce qu'elle est, le théätre
maurs ne devrait pas tolèrer. Carf
classique ou méme romantique nous
l’égrillard ou le graveleux n’a jumaise
apprenait à l’accepter avec courage.
fait de mal à personne. Les organes;
On entrevoyait une lueur au bout du
de l’amour sont comiques. Le crca-;
teur les a placès dans un dröle d’en¬
tunnel. Maintenant, je viens de voir
trois soirs de suite trois vies de fem¬
droit. Le rire qu'ils provoquent est;
mes, la géniale Madame Pitoöff à
un rire naturel, gaulois et hon en¬
I’Avenue, la d#rmatique Rachel Be¬
fant, dont la morale publique seralt!
bien sotte de s’effaroucher. Ce qui
rendt à la Renaissance, la touchante
Régina Camier aux Nouveautés. Cel¬
est terrible, malsaln et mortel, c’est
Je-ci meurt de tristesse à 70 ans. II
de les prendre au funébre et au tra¬
est vrai que c’est pour s’étre fait
gique.
 Alors, vous étes pour une cen¬
avorter à 20 ans. IIy a donc iei une
Jeçon morale excellente. Mais l’exis¬
sure? C’est du propre !
tence des deux autres n’est qu'une
Je juge l’arhre à son fruit. Si le
Jongue suite de prostitutions Inévi¬
fruit que j’en emporte est le dégodt
tables et fatales, ironiques ou sinis¬
de vivre, je le juge vénéneux. Le ci¬
tres, avec des sous-titres qui géné¬
nema américain nvec sa doctrine des
dénouements optimistes, l’invariable
ralisent: La nuit de l’initiation. La
terminaison du drame par le haiser
nuit de la révélation. La nuit de la
sur la bouche, était hon pour ces
déception. II y en a douze! Quant à
La Ronde : du Viennols Arthur géants enfanlins que sont les Yan¬
Schnitzler, elle fut interdite en Au-Tkees. Leur conventionnel créve les
triche par la censure, parce que dix
venx. Mais entre un cinéma pour en¬
tableaux, dix accouplements ! Le ri-ants et un théätre pour vielllards
deau ne se laisse que le temps dej désabusés, il y a place pour un art
viril, qui ne nous invile pas à venir
nous voiler l’acte essentiel. Mais
réfléchir sur les laideurs ou les dou¬
nous voyons à chaque fois la femme
leurs de la terre sans nous proposer
se déshabiller, puis se rhabiller.
une compensation ou un reméde.
C’est tout juste si l’on nous épargne
les bruits d’eau du cabinet de tollet¬
Et s’il n’en trouve point?
1e.
- Alors, qu'il se taise ! Je Jui dé¬F
— Hélas! mon cher colonial!
fends de me pousser au suleide. On 4
L’smour, du moins l’amour physi¬
défend bien aux pharmaciens de dé¬
que, c’est cela. La censure autri¬
livrer du poison aux passanis et de
chienne était une hypocrite qui n’o¬
Ivendre quarante sous de mort-aux¬
sait regarder la vérilé en fuce.
rats sans ordonnance. J'admire!
qu'un marchand d’art dramatique
Aussi n’est-ce pas cette sincéri¬
puisse, sons prétegte de rude sincé
té que je bläme. Mais la philosophie
rité on de froide lucidité, s’établic
qu’on en tire, en s’acharnant à nous
marchand de desespoirs et me ven¬
montrer dix fois de suite le mème
dre quarante francs de mort-aux
désenchantement de lhomme préci¬
réves.
pité des cimes de son réve dans la
Maurice DE WALEFFE.
plate réalité, cette métamorphose dix</Unicode>
            </TextEquiv>
        </TextRegion>
    </Page>
</PcGts>
