3392 4320
926 188 1388 294 box 38/3
190 184 781 301 2. Cuttings
2624 726 2705 800 *
690 703 2624 837 Seiissad Schhescde
1815 852 2945 960 ARTHUR SCHNITZLER
1068 953 1572 1048 Von Richard Specht
1699 1112 2996 1171 durchzogen werden, voller Scheidegrüße und Melancholien des
703 1117 1554 1191 „Und klagt Ihr wieder Eure krit'sche Hot,
706 1182 1561 1227 Ich wüßte nur von Lieb' und Spiel und Cod
1709 1177 2999 1229 überreifen herzens, und es ist ein hinreißend leichtschwebender,
709 1211 1566 1274 Das wohlvertraute Lied Euch vorzusingen —
1705 1222 2991 1284 allem tief fragwürdigen, wirklich: der Frage würdigen lächelnd
702 1256 1478 1299 So seid getrost: in diesen ew'gen drein
1710 1275 2990 1330 zugewandter Geist, dessen Lichter über sie hinsprühen; ein Geist
703 1289 1489 1344 Ist alle Wahrheit und ihr Spiegelschein
1710 1321 3002 1385 der gewissensvollen Skepsis, der distanzierenden Grazie und
699 1315 1590 1391 Und Sinn und Seel' von allen Erdendingen.“
1714 1378 2736 1433 einer milden Ironie von bezwingendem Sauber.
1013 1376 1658 1440 Buch der Sprüche und Bedenken.
1746 1410 2995 1477 Mit diesem Geist hat Arthur Schnitzler auch seine Gestalten
642 1425 1691 1498 Arthur Schnitzlers Werk ist das Abschiedslied vom
1700 1478 2995 1526 beschenkt; diese unerhört lebendigen Gestalten einer kaum noch
655 1473 1692 1542 alten österreich. Ein wundervoller herbstgesang
1711 1507 2996 1578 entschwundenen Zeit und einer Gesellschaftsschichte, die bei aller
469 1504 1694 1596 A jenes Landes, das in der Dorkriegszeit ein Schein¬
1708 1576 2995 1627 zweifelhaften Moral und aller Unverantwortlichkeit in mensch¬
650 1581 1691 1636 stdasein führte und das jetzt, nach seinem äußerlichen
1711 1612 3009 1673 lichen und sozialen Dingen doch eine so unvergleichliche
633 1627 1701 1685 Zerfall, in herzen und in der Seele weniger auser¬
1711 1651 2991 1723 Kultiviertheit des Betragens, eine so gute haltung in der
402 1681 1694 1732 wählter Uenschen sein wahres und gültiges Leben lebt. Und
1715 1725 2988 1775 Konversation, einen so unwiderstehlichen Stil der Unaufrichtig¬
413 1722 1692 1777 dazu das wehmutvoll bezaubernde Abbild Wiens, seiner Donau¬
1711 1767 2994 1820 keit und Derdorbenheit und in ihren anziehenden Figuren
413 1772 1693 1829 landschaft und Rebengelände, seiner kühlen Barockpaläste und
1718 1812 2989 1872 einen solchen Reiz der unpathetischen, unaufdringlichen, herz¬
416 1828 1701 1884 seiner alten Gassen und Plätze, der goldig grünen, heiß durch¬
1711 1861 3004 1929 lichen Empfindung hat, daß man es doch beklagen muß, wenn
418 1877 1691 1930 sonnten Waldwege seiner hügelgegenden, seiner ganzen, von
1712 1907 2998 1969 so viel angenehme, mühelose Wohlerzogenheit, solcher Anstand,
419 1938 1695 1995 Kirchenglocken, Brunnenrauschen und Buschenschenkenliedern
2360 1959 3007 2023 so viel Gefühl für gute
415 1972 1063 2038 durchklungenen Atmosphäre
2352 1994 2997 2070 Form und eine fast sportliche
425 2024 1065 2078 und seiner bürgerlich patrizi¬
2357 2048 2999 2115 Bravour des guten Tons ver¬
424 2073 1067 2133 schen Gesellschaft, die freilich
2366 2093 2999 2168 schwinden mußte, um einer
420 2119 1068 2184 seit den Tagen des Umsturzes
2366 2153 2999 2214 verpöbelten Uenschheit Platz
422 2168 1062 2227 derart umgeschichtet und in
2359 2196 2999 2265 zu machen, die einem ihre
425 2215 1072 2277 ihren Verkehrsformen, ihren
2354 2241 3004 2308 Aufrichtigkeit und Dorurteils¬
416 2261 1066 2322 Sitten und der ganzen Art
2365 2285 3013 2363 losigkeit mitten ins Gesicht
426 2312 1052 2378 ihrer Lebensführung und Le¬
2360 2339 3008 2412 spuckt. Oder besser: man
423 2358 1066 2431 benswünsche so sehr verändert
2369 2387 3012 2451 müßte es beklagen, wenn
424 2410 1074 2473 scheint, daß man auch den
2354 2441 2995 2503 diese Gesellschaft wirklich so
972 2449 1072 2517 in
420 2461 973 2524 Schöpfungen gegenüber,
2367 2485 3003 2543 gewesen wäre, wie sie sich in
423 2510 1068 2573 denen sie zu dauerndem Da¬
2353 2533 3012 2602 Schnitzlers Komödien, in den
428 2555 1071 2620 sein aufbewahrt ist, anders
2355 2576 2991 2648 gespielten und den bloß er¬
430 2601 1068 2670 eingestellt ist als zur Zeit
2354 2627 3011 2703 zählten, gespiegelt hat und
426 2642 1084 2724 ihrer Entstehung: das Gesetz
2370 2668 3001 2744 wenn man von diesem Bild
427 2697 1082 2770 der Verwandlung gilt auch
2365 2726 3007 2798 nicht alles abziehen müßte,
437 2750 1076 2807 hier. Man empfindet gerade
2363 2781 2989 2837 was dem Dichter allein ge¬
432 2797 1064 2867 jene dramatischen und erzäh¬
2497 2827 2996 2896 Trotzdem: er hat das
2360 2822 2494 2902 hört.
437 2850 1078 2912 lenden Werke, mit denen
2488 2870 3006 2945 jener Jahre nur be¬
2360 2880 2493 2941 Bild
428 2897 1079 2964 Arthur Schnitzler damals in
2359 2909 2999 2993 reichert, nicht gefälscht — und
425 2946 1085 3017 volle Gegenwart gegriffen und
2359 2973 2999 3041 es bleibt bestehen. Gerade
432 2980 1085 3066 sie in der einzigartigen, geistia
2368 3015 3006 3091 weil Schnitzler niemals ein
433 3047 1083 3104 leuchtenden, ironischen Anmut
2358 3068 2999 3131 Arzt seiner Zeit sein und nie¬
428 3093 1081 3166 seines Wesens gestaltet hat,
2367 3132 2995 3186 mals als Satiriker, nicht ein¬
423 3144 1081 3218 gleichsam schon als historische
2374 3164 3003 3236 mal als Sittenschilderer und
428 3193 1079 3254 Stücke und Novellen; wäh¬
2364 3229 3002 3277 nur als Gestalter besonderer
430 3252 1102 3303 rend seine wirklichen ge¬
2356 3268 3010 3332 Menschen und Schicksale,
439 3296 1084 3357 schichtlichen oder auch nur in
2355 3309 3005 3374 Wiener Uenschen und Wiener
444 3336 1075 3401 früheren Epochen mit erfun¬
2370 3355 3008 3436 Schicksale zumeist, schaffen
441 3393 1070 3447 denen Stofflichkeiten spielen¬
2367 3405 3005 3477 wollte, hat sein Werk die
427 3441 1080 3499 den, vollends aber jene Dich¬
2361 3461 3004 3530 Gültigkeit des Dokumenta¬
440 3489 1084 3557 tungen, die ganz zeitlos sind
2367 3508 3001 3573 rischen. Und hat Dauer. Die
430 3539 1083 3603 und ewige Menschenprobleme
2371 3562 3004 3626 Dauer der Wahrhaftigkeit und
443 3585 1072 3656 im Gleichnis zeigen, in leben¬
2375 3607 3013 3678 einer Künstlerschaft, die jeder
435 3636 1088 3693 diger Fülle und der vollen
2369 3659 3021 3730 Erscheinung das Stigma des
441 3696 1086 3749 Gegenwartskraft des Dauern¬
2378 3709 2739 3774 Lebens ausprägt.
435 3734 1085 3807 den inmitten alles Wechsels
2416 3744 2999 3823 Bei alledem: es ist kein Zu¬
444 3778 1094 3842 und aller Wiederkehr des
2372 3804 3005 3861 fall, daß dieser Dichter auch
435 3833 1090 3903 von Anbeginn Beständigen
2374 3858 3014 3915 ein Arzt war und geblieben
442 3878 1090 3942 zu jedem sprechen. Es ist
2374 3909 3012 3966 ist; immer wieder befruchtet
439 3934 1091 3991 eine entzückende, ahnungsvoll
2360 3945 3015 4015 der eine den anderen. Schon
439 3975 1092 4040 schwermütige, traurig - süße
1179 3803 2117 4071 Guttar
2071 3999 3026 4127 —. der gleichsam diagnostische
448 4028 1087 4109 Melodie, von der diese Werke
