3344 4320
1641 149 2815 206 Willen derer, die wieder ihre Leute in deutschen Gelangenen¬
1638 189 1944 249 lagern wussten.
1683 219 2816 291 Ohne auch nur das geringste Recht auf Selbstbestimmung,
1631 273 2827 323 herdenweise eingezäunl, blieben sie dennoch Menschen, mit aller
1633 316 2833 365 Sorge, die Menschen auszustehen haben, mit aller Sehnsuchl,
1626 371 2823 421 deren Meuschen fähig sind. Was musste entslehen, was ist ent¬
1638 404 2823 462 standen? Das, was die Fachleute dann „Stacheldrahtkrankheit“
1629 450 2820 505 oder „Lagerfimmel“ genannt haben. Zerstörung des scelischen
1635 489 2832 540 Gleichgewichts, körperlicher Zusammenbruch, tollkühne Flucht¬
1628 531 2380 593 versuche, Auflehnung ganz vergeblich!
1681 581 2831 630 Dagegen gab es nur eines: Zerstreuung. Aus der innersten
1626 616 2833 664 Natur heraus meldet sich die Lust am Spiel. Sie äussert sich
1627 663 2840 700 wie Hunger und Durst und andere Triebe der Kreatur, spontan
1625 706 2830 751 und unbezähmbar. Einsichtige Lagerkommandanten merken das
1636 747 2828 788 und fördern die friedsam beruhigende Unterhallung. Hier war
1628 783 2831 833 ein Mittel, die Disziplin zu sichern, und umgekehrt, welch aus¬
1626 836 2705 891 gesucht harte Strafe, wenn man die Erlaubnis zurückzog!
1683 874 2834 927 In den hermetisch verschlossenen Bezirken der Lager tut sich
1629 918 2847 965 ein Reich der Phantasie auf. Je nach den vorhandenen Möglich¬
1635 965 2840 1009 keiten gestallet es sich in denkbar primitiver Form, und an¬
1638 1001 2848 1057 steigend gelangt es zu einem Grade, der sich der Vollkommen¬
1631 1045 2834 1094 heit nähert. Was die Urvölker an „Kunst“ ersonnen hatlen,
1632 1088 2835 1143 was der naivste Mimus zu erzeugen versucht hatte, ohne Wissen
1628 1132 2843 1190 um diese Vergangenheit entstcht es hier von neuem und
1628 1175 2837 1233 schreitet fort, bis sich auch bewusster Kunstwillen meldet und
1627 1227 2843 1275 in Darstellung, Regie und Inszenierung die gesteigerten An¬
1629 1258 2832 1322 sprüche der Gegenwart befriedigt. Wer die mit gewaltigem
1631 1291 2840 1372 Fleiss gesammelten Berichte liest, die Hermann Pörzgen jetzt in
1637 1355 2850 1401 einem Bande „Theater ohne Frau“ über das Bühnepleben der
1630 1389 2842 1437 kriegsgefangenen Deutschen 1914 bis 1920 im Osteuropaverlag
1628 1435 2850 1481 hat erscheinen lassen, hat in einem Querschnitt die Geschichte
1639 1492 2849 1544 des Theaters überhaupt, von den frühesten Zeiten bis in unsere
1696 1541 2847 1626 Rührend, es gibt kein anderes Wort, sind die Nachrichten
1627 1611 2834 1660 über die Bühnen, die sich der simpelsten Mittel bedienten, um
1636 1653 2836 1708 dem Drang nach Entspannung zu genügen. Leere Kisten sind
1638 1699 2840 1755 das Podium, wollene Decken und Betllaken oder auch zusam¬
1634 1741 2849 1796 mengenähte Hemnden und Taschentücher sind Kulissen und Vor¬
1641 1788 2846 1840 hänge. Perücken aus Strümpfen eder Teertau. Zur Beleuch¬
1631 1836 2843 1873 tung dienen die kleinen Petroleumlampen, mitgebracht von den
1645 1862 2845 1928 Theaterbesuchern und vorn an die Rampe gestellt, mit der Front
1643 1928 2840 1975 auf die Spieler. Eine Ritterrüstung wird aus Konservenbüchsen
1639 1960 2657 2014 Lergestellt, Geigen und Gitarren aus Makkaronikisten:
1907 2010 2570 2063 „Lackstiefel trug man ohne Sohlen
1912 2061 2597 2115 Und schminkte sich mit Eierkohlen.“
1690 2105 2844 2167 Dann, an anderen Plätzen, gibt es schon Sonnenuntergang,
1640 2153 2833 2209 Mondschein und Regenbogen. Man hat Theater, die wirklich
1643 2204 2847 2250 diesen Namen verdienen, mit Bühnenrahmen, mit „echten“ Re¬
1639 2252 2839 2300 quisiten, mit Schnürboden, mit Oberlicht. Denn in diesem Riesen¬
1633 2293 2841 2350 kunterbunt von Gefangenen finden sich vereinzelt ja auch Tech¬
1640 2329 2848 2374 niker, Maler und „gelernte“ Bühnenkünstler. So leitet der Film¬
1643 2371 2846 2421 regisseur G. W. Pabst in lle Longue eine hochkul.ivierte Bühne,
1632 2414 2846 2459 Die Kunstangelegenheiten werden vielfach auf genessenschaft¬
1645 2461 2855 2514 licher Grundlage betrieben. Es bilden sich feste Normen heraus,
1640 2504 2839 2553 mit der Wahl der Direktion, mit genauer Umschreibung der
1640 2538 2855 2600 Rechte und Pflichten des kürslierischen Leiters. Auch an Kritik
1639 2591 2846 2645 fehlt es nicht, und sie äussert sich oft in sehr Grastischer Art.
1638 2629 2841 2691 Die Frage der Eintrittspreise wird genau geregelt. Manchmal
1641 2682 2850 2737 zahlt man, zugunsten der Spieler, nur eine Zigarette. Wiederum,
1644 2727 2853 2778 einheimische Zivilbesucher, die sehr neugierig sind, was die
1650 2761 2852 2813 deutschen Gefangenen da eigentlich treiben, laden noble Spenden
1640 2809 2849 2868 ab. Man kann von Bühnen sprechen, die glänzende Geschäfte
1644 2854 2847 2912 machen. Keine Abart fehlt, das Rudbild „Theater“ ist voll¬
1645 2901 1831 2957 kommen.
1692 2921 2845 2998 Auch gespielt wird einfach „alles“, Goethe, Schiller, Kleist,
1645 2985 2841 3043 Ibsen, Hauptmann, Strindberg, Björnson, Schnilzler, Sudermann,
1641 3026 2850 3075 Tolstoi, Wilde, Fulda, Meyer-Förster. e und be¬
1639 3067 2850 3119 kannten Namen reissen nicht ab. Daneben Operetten und
1648 3112 2854 3168 Marionettenspiele, und dann die aus dem Lagererlebris selbst
1644 3147 2856 3219 zusammengezimmerten Stücke. Die Vorgänge im Lager finden
1647 3195 2850 3262 ihre Dichter. Das Lagerstück ist naturalistisch, ist satirisch.
1639 3240 2856 3293 Es ist der Spiegel, in dem man sich selber sieht, es ist das ge¬
1640 3293 2856 3342 meinsame Schicksal und, ausgesprochen oder nicht, öffnet es der
1648 3330 2845 3391 Sehnsucht alle Pforten. Hleimweh haben sie alle: Hoffnung auf
1642 3380 2851 3427 endliche Befreiung, so oft entläuscht, für viele bis lange nach
1645 3410 2854 3469 Kriegsende, will sich auch in den Darbietungen bestätigt sehen.
1649 3461 2847 3516 So dient, in seiner Gesamtheit, der Spielplan dem innersten
1650 3492 2843 3551 Bedürfnis der Menschen, wenn sie sich der Kunst zuwenden:
1646 3549 2852 3611 Erhebung und Ablenkurg und wiederum Hinlenkung zur eigenen
1650 3590 2543 3658 Person und zu den Wünschen des Individuums.
1684 3637 2849 3682 Die Darsteller entstammen dem Publikum, Gefangene unter
1648 3671 2854 3729 Gefangenen, und kehren wieder dahin zurück. Die Stücke wech¬
1649 3721 2844 3767 sein, die Komödianten auch. Einer jedoch wird Star, das ist der
1639 3755 2847 3804 Damenspieler. Viele von uns überfällt ein sanftes Grauen, wenn
1638 3798 2849 3854 wir von Männern hören, die sich transvestitisch in Frauen ver¬
1641 3845 2853 3903 wandeln. Aber hier, in der frauenlosen Zoue, waren sie not¬
1646 3888 2846 3945 wendiger Ersatz, mit Begeisterung aufgenommen. Hier schufen
1650 3934 2842 3982 sie das Bild des Weibes, das man entbehrte. Hier waren sie die
1647 3963 2850 4021 Träger der Erinnerung und des heissesten Verlangens. Es soll
1636 4013 2842 4054 Beweise geben, dass die libido sexualis der Gefangenen sich eher
1641 4058 2835 4110 beruhigt als verstärkt hat, wenn sich das Auge an der „Frau“
1637 4101 2859 4168 weiden konnte. Jedenfalls konnte das „Theater ohne Frau“ ohne
