3392 4320
1377 110 1452 160 ——
1312 383 2775 557 Die letzten Masken
789 398 1321 585 Aus „I
1266 629 2373 689 Schauspiel in einem Akt von ARTHUR SCHNITZLER
1868 762 3113 840 WEIHGAST. Auch von dieser Hypochondrie hat mir Doktor
893 771 1433 861 DIE SCHLUSSSZENE.
1826 824 3109 892 Halmschlöger Mitteilung gemacht — ja. Er verträgt den auf ihn
526 860 1804 928 Ein kleinerer Raum — sogenanntes „Extrakammer!“ — im all¬
1827 873 3101 939 gerichteten Blick Rademachers nicht gut, schaut aber nicht fort.
521 938 1802 996 gemeinen Krankenhaus, in Verbindung mit einem großen Kranken¬
1823 929 3097 977 Also, du hast mich rufen lassen, wolltest mit mir sprechen.
523 990 1802 1044 saal; statt der Türe ein beweglicher Leinenvorhang. Links ein Bett.
1826 975 3102 1031 Nun, ich bin bereit. Warum lächelst du? — Nein, es ist der
1825 1020 3113 1086 Schimmer von dem Licht. Die Beleuchtung ist hier nicht ganz
525 1025 1806 1097 In der Mitte ein länglicher Tisch, darauf Papiere, Fläschchen usw.
1827 1072 3103 1132 auf der Höhe. — Nun, ich warte. Ich werde Herrn Doktor
510 1087 1801 1148 Zwei Sessel. Ein Lehnstuhl neben dem Bett. Auf dem Tisch
1820 1130 3108 1195 Halmschlöger erklären, daß du von den ersten fünf Minuten
926 1138 1397 1213 eine brennende Kerze.
1830 1174 2692 1233 keinen Gebrauch gemacht hast. Nun? —
1862 1230 3108 1302 RADEMACHER hatte schon einige Male die Lippen geöffnet
567 1244 1561 1313 HALMSCHLÖGER und WEIHGAST kommen.
1822 1291 3100 1350 halb, als wollte er reden. Auch jetzt; aber er schweigt wieder. —Pause.
561 1308 1540 1388 HALMSCHLÖGER. Also hier ist der Kranke.
1875 1363 3104 1419 WEIHGAST. Wie ist’s dir denn immer ergangen? leicht ver¬
568 1378 1808 1459 WEIHGAST elegant gekleideter, sehr gut erhaltener Herr von
1830 1416 3114 1469 legen. Hm, die Frage ist etwas ungeschickt in diesem Moment.
531 1433 1798 1495 etwa 55 Jahren, grauer Vollbart, dunkler Überzieher, Spazierstock.
1824 1454 3105 1525 Ich bin ein wenig befangen, ich will es dir gestehn; denn, äußer¬
533 1484 1814 1552 So — hier. Zu Rademacher hin, herzlich. Rademacher — ist
1832 1496 3113 1570 lich betrachtet, möchte man wohl glauben, daß ich derjenige bin,
526 1531 1813 1595 es möglich? Rademacher — so sehn wir uns wieder! Mein lieber
1833 1553 3118 1615 dessen Los besser gefallen ist. Und doch — wenn man die Sache
517 1591 729 1653 Freund!
1824 1604 3114 1658 so nimmt, wie sie ja doch eigentlich genommen werden muß —
568 1655 1809 1718 RADEMACHER. Ich danke dir sehr, daß du gekommen bist.
1837 1651 3109 1713 wer hat mehr Enttäuschungen erlebt? Immer der, der scheinbar
1821 1714 3109 1766 mehr erreicht hat. — Das klingt paradox, und doch ist es 80. —
562 1725 1810 1778 HALMSCHLOGER hat gewinkt; die Wärterin brachte einen
1830 1751 3115 1809 Ah, wenn ich dir erzählen wollte ... nichts als Kämpfe — nichts
527 1765 1803 1833 Sessel Tür Weihgast. Und nun erlauben Sie mir, Herr Weihgast,
1826 1801 3115 1861 als Sorgen. — Ich weiß nicht, ob du die Bewegung der letzten
526 1818 1819 1872 daß ich als Arzt die Bitte an Sie richte, die Unterredung nicht
1828 1850 3118 1902 Zeit so verfolgt hast. Nun stürzen sie über mich her ... Wer?
524 1871 1809 1927 länger als eine Viertelstunde auszudehnen. Ich werde so frei sein,
1834 1894 3122 1954 Die Jungen. Wenn man bedenkt, daß man vor zehn Jahren selbst
526 1914 1820 1983 nach der angegebenen Zeit selbst wiederzukommen und Sie hinab
1826 1948 3112 2006 noch ein Junge war. Jetzt versuchen sie, mich zu entthronen..
529 1975 822 2050 zu begleiten.
1839 2009 3116 2057 Wenn man diese neuen Revuen liest .. Ah, es ist, um Ubelkeiten
571 2038 1817 2099 WEIHGAST. Ich danke Ihnen, Herr Doktor, Sie sind sehr
1838 2058 3117 2113 zu bekommen! Mit Hohn, mit Herablassung behandeln sie mich.
516 2092 844 2161 liebenswürdig.
1825 2091 3128 2159 Es ist ja jämmerlich! Da hat man nun redlich gearbeitet und
1831 2141 3126 2209 gestrebt, hat sein Bestes gegeben — und nun ... Ah, sei froh,
561 2154 1813 2212 HALMSCHLÖGER. Oh, zu danken habe ausschließlich ich.
1847 2197 3122 2259 daß du von all den Dingen nichts weißt. Wenn ich heute wählen
520 2206 1621 2279 Es gehört wirklich kein geringer Opfermut dazu...
1844 2246 2989 2319 könnte, — heute mein Leber von neuem beginnen..
570 2257 1382 2353 WEIHGAST wehrt ab. Aber, aber
1877 2300 2417 2386 RADEMACHER. Pun?
568 2331 1813 2393 HALMSCHLOGER. Nun, Herr Rademacher, auf Wieder¬
1874 2358 3128 2446 WEIHGAST. Ein Bauer auf dem Land möcht ich sein, ein
526 2387 1817 2443 sehen. Droht ihm ärztlich freundlich, er möge sich nicht aufregen.
1840 2427 3133 2487 Schafhirt, ein Nordpolfahrer — ah, was du willst! — Nur nichts
530 2442 1815 2503 Dann wechselt er einige Worte mit der Wärterin und geht mit ihr ab.
1840 2479 3129 2553 von der Literatur. — Aber es ist noch nicht aller Tage Abend.
572 2518 1824 2572 WEIHGAST die Wärterin hat ihm den Überzieher abgenommen;
1882 2545 3127 2626 RADEMACHER sonderbar lächelnd. Willst du an den Nordpol?
534 2550 1822 2621 er hat sich gesetzt; sehr herzlich, beinahe echt. Nun, sag’ mir ein¬
533 2598 1827 2672 mal, mein lieber Rademacher, was ist das für eine ldee, sich hier¬
1888 2618 3126 2693 WEIHGAST. Ah nein. Aber in der nächsten Saison, zu
525 2661 1282 2740 her zu legen — ins Krankenhaus —
1838 2670 3124 2721 Beginn, kommt ein neues Stück von mir. Da sollen sie sehen,
1848 2729 3120 2789 da sollen sie sehen! Ah, ich lass’ mich nicht unterkriegen!
579 2715 1829 2787 RADEMACHER. Oh, ich bin zufrieden, man ist hier sehr gut
1840 2765 3126 2829 Wartet nur! wartet nur! — Nun, wenn alles gut geht, so sollst
525 2785 809 2850 aufgehoben.
1847 2815 3132 2879 du dabei sein, mein alter Freund. Ich verspreche dir, dir Billette
586 2846 1822 2907 WEIHGAST. Ja, gewiß bist du in den besten Händen. Doktor
1840 2865 3125 2929 zu schicken. Obwohl euer Blatt im allgemeinen verflucht wenig
535 2910 1823 2960 Halmschlöger ist ein sehr tüchtiger junger Arzt und, was mehr
1842 2916 3129 2978 Notiz von mir nimmt. Ja, meine letzten zwei Bücher wurden
538 2959 1822 3003 ist, ein vortrefflicher Mensch. Wie man ja den Menschen an sich
1839 2961 3133 3028 bei euch direkt totgeschwiegen. Aber du hast ja mit dem Ressort
540 2990 1823 3062 überhaupt nie von dem Berufsmenschen trennen kann. Aber
1836 3022 3124 3078 nichts zu tun. Na! — Ubrigens, was für gleichgültiges albernes
530 3044 1818 3101 trotzdem — du entschuldigst schon — warum hast du dich nicht
1842 3060 3127 3132 Zeug... So erzähle mir doch endlich. Was hast du mir zu
540 3098 958 3170 an mich gewandt?
1853 3109 3124 3180 sagen? Wenn dir das laute Sprechen Mühe macht ... ich kann
1841 3163 3136 3226 ja auch ganz nahe rücken. — Hm ... Pause. Was meine Frau
569 3160 1358 3239 RADEMACHER. Wie hätt' ich.
1844 3200 3118 3266 dazu sagen wird, wenn ich ihr erzähle, daß unser alter Rade¬
591 3223 1824 3292 WEIHGAST. Wenn du dich auch eine Reihe von Jahren um
1842 3270 3134 3322 macher im Allgemeinen Krankenhaus liegt ... Dein Stolz, mein
535 3280 1818 3343 deinen alten Freund nicht mehr gekümmert hast, du kannst dir
1842 3308 3132 3361 lieber Rademacher, dein verdammter Stolz . .. Na, wir wollen
546 3343 1822 3402 wohl denken, daß ich dir unter diesen Umständen in jeder Weise
1853 3373 3134 3426 nicht davon reden . .. Ubrigens ist meine Frau augenblicklich
545 3389 957 3455 zur Verfügung..
1841 3412 2912 3472 nicht in Wien — in Abbazia. Immer etwas leidend.
584 3449 1583 3533 RADEMACHER. Laß doch das, laß doch das.
1886 3468 2787 3545 RADEMACHER. Hoffentlich nicht ernst?
592 3504 1820 3581 WEIHGAST. Nun ja — bitte. Es war wahrhaftig nicht bös'
1885 3518 3128 3595 WEIHGAST drückt ihm die Hand. Gott sei Dank, nein.
540 3565 1827 3632 gemeint. Immerhin, es ist auch jetzt nicht zu spät. — Doktor
1853 3577 3128 3637 Mein Lieber, dann stünd’ es auch mit mir schlecht. Wahrhaftig,
540 3622 1822 3679 Halmschlöger sagt mir, es ist nur eine Frage der Zeit, der guten
1856 3626 3130 3686 bei ihr find' ich mich selbst — den Glauben an mich selbst
543 3678 1822 3738 Pflege  in ein paar Wochen verläßt du das Spital, und was eine
1847 3684 3133 3738 wieder, wenn ich nah daran bin, ihn zu verlieren — die Kraft
546 3720 1323 3787 Nachkur auf dem Lande betrifft...
1845 3721 3139 3781 zu schaffen, die Lust zu leben. Und je älter man wird, um 8o
1846 3780 3145 3844 mehr fühlt man, daß dies doch der einzige wahre Zusammenhang
587 3788 1834 3850 RADEMACHER. Von all diesen Dingen ist nicht mehr die
1844 3823 2840 3904 ist, den es gibt. Denn die Kinder o Gott!
551 3836 713 3915 Rede.
3002 3918 3144 3995 15
