3344 4256
959 223 1423 325 box 38/3
206 228 790 333 2. Cuttings
1847 1407 3037 1496 In Japan, wo die Wachtposten eine Probe zu den „Räubern“
604 1423 1812 1496 diese Pseudo-Frauen nicht exislieren. Es gab Damendarsteller,
1849 1482 3044 1555 auseinandersprengten, weil sie glaubten, die Deutschen seien in
610 1486 1809 1539 die über sechzig verschiedene Kostüme verfügten. Sie bekamen
1850 1525 2344 1584 eine Rauferei geraten
607 1532 1809 1575 „Bombengagen“, und es fehlte nicht an Konkurrenzneid. Als
1898 1563 3032 1609 Auch in den neutralen Ländern, in der Schweiz, in Holland
604 1570 1823 1632 Star der Stare wird Emmerich Laschitz gerühmt. Er spielte
1850 1601 3040 1663 und Dänemark übten die deutschen Internierten ihre kleinen und
607 1613 1811 1670 Naive, Salondamen, Heroinen, Soubretten, komische Alte. Als
1850 1650 3040 1709 grossen Künste. In der Tat, es war ein grosses Welttheafer!
603 1670 1369 1716 Salome exekutierte er den Schleiertanz.
1854 1691 3033 1757 Und sie sind heimgekehrt, und wenn sie am Pflug oder an der
669 1693 1816 1758 Wo spielte er? In Sibirien. Und wo wurde sonst gespielt?
1843 1739 3044 1791 Maschine steben, werden sie wie an einen Traum zurückdenken
604 1732 1820 1782 In Frankreich, wo man sich zu den Kunstbemühungen der deut¬
1855 1784 3048 1830 an die Stunden, da Gaukelei Medizin gewesen ist für ihre wunden
612 1784 1811 1843 schen Gefangenen zuerst sehr unfreundlich stellte. In England
1841 1830 3044 1899 Herzen. Aber wie viele, wie viele sind fortgeblieben, ver¬
615 1830 1823 1878 und Amerika, wo man ihinen entgegenkam. In Australien. In
1850 1867 2432 1934 schollen, begraben, vergessen!
610 1876 1834 1927 Kanada. In Brasilien. In Turkistan. In Astrachan, In Indien.
660 2139 1910 2238 Die Reisokat
983 2262 1888 2342 Drei Beamte des Auswärtigen
676 2338 1833 2419 Vor der 1. Grossen Strafkammer des Landgerichts I unter
617 2416 1831 2465 Vorsitz von Landgerichtsdirektor Krüger begann gestern die Ver¬
612 2450 1832 2507 handlung wegen der Durchstechereien bei der Delegationskasse
603 2484 1834 2542 des Auswärligen Amtes und bei dem Mitteleuropäischen Reisebüro
617 2540 1829 2596 Unter den Linden, die seinerzeft berechtigtes Autsehen erregt
612 2576 1846 2628 haben. Angeklagt sind Ministerialamtmann Hugo Engel, Regie¬
617 2634 1835 2684 rungsobersekretär Georg Sommer, dessen Ehefrau Maria Sommer,
621 2666 1844 2720 Regierungsoberinspektor Karl Zellmer und der Filialleiter bei
605 2727 1616 2774 dem Mitteleuropäischen Reisebüro, Ernst Fritzsche.
672 2757 1835 2810 Die Anklage lautet gegen Engel und Sommer auf fortgesetzte
622 2806 1838 2853 Amtsunterschlagung und Betrug, gegen Fritzsche auf Beibilfe zur
620 2844 1835 2899 Amtsunterschlagung, gegen die Ehefrau Sommer auf Hehlerei und
619 2882 1849 2943 Begünstigung. Engel und Zellmer werden, weiter der Bestechung
620 2936 1839 2988 im Amte und Engel. Zellmer und Fritzsche der schweren Ur¬
621 2962 1844 3031 kundenfälschung beschuldigt. Der Ministerialamimann Engel
623 3016 1836 3066 leitete das Reisebüro beim Auswärligen Amt. Dieses hatte die
627 3067 1840 3114 Besorgung von Fahr-, Bett- und Platzkarten für die Reisen von
624 3100 1841 3159 Delegationen zu beschaffen. Darunter fielen auch die Reisen von
618 3152 1841 3195 diplomatischen Missionen und Reisekurieren, die Dienstreisen von
622 3183 1844 3252 Beamten und von fremden diplomatischen und konsularischen
626 3237 846 3297 Missionen.
658 3290 1803 3352 Engel persönlich bearbeitete die Reisen des Reichs¬
698 3373 1768 3428 ministers des Auswärtigen und der Delegationen.
620 3400 1854 3476 Für diese Delegationsreisen erhielt er aus der Delegationskasse
629 3476 1852 3516 des A. A. Vorschüsse ausgezahlt, daneben hatte er aber auch
634 3509 1854 3565 Fahrkarten für private Reisen von Beamten zu besorgen. Das
628 3559 1860 3604 Verkehrsbüro des A. A. beschaffte die benötigten Fahrkarten
630 3599 1856 3657 durch die Vermitllung des Mitteleuropüischen Reisebüros Unter
633 3643 1862 3703 den Linden, welches der Leitung des Angeklagten Fritzsche un¬
638 3686 1861 3734 terstand. Engel und Sommer wird zur Last gelegt, dass sie min¬
630 3721 1857 3775 destens seit Anfang 1926 bis in die neueste Zeit Beträge, die für
642 3771 1859 3824 die Beschaffung von Fahrkarten usw. oder auf Grund von Rekla¬
644 3803 1863 3861 mationen für nichtbenutzte Fahrkarten an sie ausgezahlt worden
638 3846 1862 3913 sind, in Höhe von 60000 Mark sich angeeignet und für private
640 3890 1865 3949 Zwecke verbraucht haben. Engel liess sich die Beträge bei der
709 4059 1876 4136 Vier. Zuchthäusler ausgebrochen, Aus dem Zuchthaus Ebrach
655 4118 1859 4177 sind, wie man aus Bamberg berichtel, am Montag früh vier
