3392 4320
1926 104 2436 188 —
1355 110 1537 195 —
940 190 1407 288 box 38/3
485 201 609 271 Eti
189 204 801 315 2. En.Ings
2311 927 2434 1005 65
1236 923 1843 1021 HERMANN BROCH
654 1021 2415 1081 Broch, however, had only to wait before acknowledging his work as his
661 1081 2413 1140 own until it had become wholly imself; and having sprung from a source
657 1109 2426 1178 of significance and greatness, it was itself significant and great. And since
659 1198 2416 1246 he only writes when he has something of importance to say, and writing,
658 1243 2425 1308 apparently, does not come easily to him, and it is therefore all the more
670 1288 2432 1364 necessarv for him to wait for an adequate fruitful stimulus, his next
671 1354 2430 1412 book“ Die unbekannte Grösse? (“ The Unknown Quantity?’) did not
670 1394 2426 1460 appear until three years later. To this we may add a number of essays,
667 1447 2435 1519 most of which appeared in the“ Neue Rundschau, — Das Böse im
680 1517 2430 1579 Wertsystem der Kunst’ (“ Evil in the System of Art Valucs?' or“ The
661 1570 2424 1629 Artistic Value of Evil'’), essavs which represent, as we shall see later,
673 1628 2429 1689 an important aspect of his work; further, a paper on James Joyce, which
671 1671 2394 1767 is only now being published, lyrical poetry and a play," Die Entsühnung
682 1736 1247 1814 (“ The Atonement*').
721 1780 2429 1852 Everything that Broch writes serves a definite purpose: no mere
670 1838 2436 1900 handicraft or seasonal work. When he writes, when he depicts our times
669 1907 2419 1957 in his novels, poems, essays, plays, he does so to help us overcome them.
664 1945 2436 2015 And in this he succeeds, because outward occurrences always signify
674 2010 1351 2093 to him an inner meaning.
764 2161 2435 2232 Die Schlafwaendler? (“ The Sleep-walkers*), Broch’s chief work
671 2226 2436 2283 so far, is in the form of a trilogy. If we consider it as a whole, as forming
681 2275 2438 2350 one structure, each ofthe three parts appears to open a new door that would
669 2331 2433 2393 lead us to the heart of the world. Of the three books comprising the work,
677 2383 2432 2452 the first:“ Pasenow or Romanticism?' is the most easily accessible.
677 2441 2443 2510 This is because the contents of this book are still readily comprehensible,
674 2491 2440 2565 and because the central idea of the work, for the sakeof which it was written,
683 2564 2436 2625 is still kept well in the background. Only after becoming familiar with the
689 2622 2443 2678 other volumes can we learn from this first volume also, that already in the
683 2666 2441 2738 year 1888 (a date which is appended to the title ofthe novel) it was possible
685 2724 2450 2784 to recognise that laws may become obsolete, and that coming changes
685 2775 2452 2855 in the times may be deduced from the destruction of conventions based
687 2851 2448 2899 on conceptions that appear indestructible. To give one example: a father,
682 2887 2445 2950 who has grown up with strict ideas of honour and has brought up his
692 2943 2440 3004 children in the same spirit, loses his eldest son in a duel. How the world
690 3006 2447 3064 becomes without meaning for the old man, but how also the recognition
693 3049 2441 3128 of the senselessness of a hitherto unquestioned dogma is a sign of the
686 3114 2443 3184 passing of a world, is wonderfully brought out by this symbol. Of course,
2388 3146 2439 3188 „“
688 3151 2443 3224 this is not the only form of romanticism dealt with in“ Pasenow.
698 3203 2457 3288 The new age, as depicted on the estate of the Pasenows, not onl y creates
687 3262 2455 3335 for itself new conceptions of honour, but also casts its own lig ht on the
688 3343 2451 3399 romanticism of love and human life. Though at the close of the first
693 3371 2452 3446 volume the young Pasenow has shaken off his mistress and married the
691 3428 2459 3505 girl who loved his friend but had been appointed for him, we cannot resist
699 3497 2471 3570 the feeling that the time of the“ Eschs“, the time of“ Anarchy (1ooz)
2035 3916 2300 4042 S
2645 3926 2714 4019 10
3240 4051 3305 4135 57
