<?xml version="1.0" encoding="UTF-8" standalone="yes"?>
<PcGts xmlns="http://schema.primaresearch.org/PAGE/gts/pagecontent/2013-07-15" xmlns:xsi="http://www.w3.org/2001/XMLSchema-instance" xsi:schemaLocation="http://schema.primaresearch.org/PAGE/gts/pagecontent/2013-07-15 http://schema.primaresearch.org/PAGE/gts/pagecontent/2013-07-15/pagecontent.xsd">
    <Metadata>
        <Creator>prov=University of Rostock/Institute of Mathematics/CITlab/Gundram Leifert/gundram.leifert@uni-rostock.de:name=ONB_Newseye_GT_M1+(htr_id=10810)::::v=2.4.2
prov=University of Rostock/Institute of Mathematics/CITlab/Tobias Gruening/tobias.gruening@uni-rostock.de:name=de.uros.citlab.module.baseline2polygon.B2PSeamMultiOriented:v=2.4.2
prov=University of Rostock/Institute of Mathematics/CITlab/Tobias Gruening/tobias.gruening@uni-rostock.de:name=/mnt/transkribus/LA/DEA/URO/LA_news_onb_att.pb:de.uros.citlab.segmentation.CITlab_LA_ML:v=2.4.2
prov=University of Rostock/Institute of Mathematics/CITlab/Tobias Gruening/tobias.gruening@uni-rostock.de:name=/mnt/transkribus/LA/DEA/URO/LA_news_onb_att.pb:de.uros.citlab.segmentation.CITlab_LA_ML:v=2.4.2
Transkribus</Creator>
        <Created>2019-10-07T15:18:37.728+02:00</Created>
        <LastChange>2019-10-09T00:46:09.973+02:00</LastChange>
        <TranskribusMetadata docId="224263" pageId="9515976" pageNr="13" tsid="16617904" status="IN_PROGRESS" userId="40391" imgUrl="https://files.transkribus.eu/Get?id=TLZHWCGKBPBSCPHXXKWVFUXD&amp;fileType=view" xmlUrl="https://files.transkribus.eu/Get?id=RLDNPMYUHWFIHCZJKIOGQJPF" imageId="6204134"/>
    </Metadata>
    <Page imageFilename="224263_0013.jpeg" imageWidth="3344" imageHeight="4384">
        <ReadingOrder>
            <OrderedGroup id="ro_1711443131306" caption="Regions reading order">
                <RegionRefIndexed index="0" regionRef="r1"/>
                <RegionRefIndexed index="1" regionRef="r2"/>
            </OrderedGroup>
        </ReadingOrder>
        <TextRegion orientation="0.0" id="r1" custom="readingOrder {index:0;}">
            <Coords points="465,131 465,4148 1434,4148 1434,131"/>
            <TextLine id="r1l1" custom="readingOrder {index:0;}">
                <Coords points="726,178 753,174 772,183 794,180 803,185 812,180 819,184 843,181 845,116 814,117 808,112 794,118 765,89 751,97 728,97"/>
                <Baseline points="732,155 758,153 785,156 811,159 838,153"/>
                <TextEquiv>
                    <Unicode>1</Unicode>
                </TextEquiv>
            </TextLine>
            <TextLine id="r1l2" custom="readingOrder {index:1;}">
                <Coords points="967,185 981,186 995,201 1018,188 1046,188 1057,180 1093,185 1108,197 1137,182 1162,188 1163,156 1088,158 1062,148 992,159 986,152 968,151"/>
                <Baseline points="974,167 1000,171 1026,174 1052,174 1078,174 1104,174 1130,174 1156,177"/>
                <TextEquiv>
                    <Unicode>T</Unicode>
                </TextEquiv>
            </TextLine>
            <TextLine id="r1l3" custom="readingOrder {index:2;}">
                <Coords points="1210,199 1218,199 1225,203 1235,197 1240,200 1257,192 1269,192 1271,152 1241,153 1237,150 1222,150 1219,153 1212,151"/>
                <Baseline points="1217,178 1263,180"/>
                <TextEquiv>
                    <Unicode>e</Unicode>
                </TextEquiv>
            </TextLine>
            <TextLine id="r1l4" custom="readingOrder {index:3;}">
                <Coords points="491,230 1190,251 1423,236 1424,193 492,188"/>
                <Baseline points="497,220 543,221 589,221 635,222 681,223 727,224 773,224 819,226 865,227 911,228 957,229 1003,230 1049,230 1095,231 1141,232 1187,232 1233,232 1279,232 1325,232 1371,231 1417,230"/>
                <TextEquiv>
                    <Unicode>sehtare 1 diverst momenti della vita di</Unicode>
                </TextEquiv>
            </TextLine>
            <TextLine id="r1l5" custom="readingOrder {index:4;}">
                <Coords points="481,268 1296,300 1430,284 1431,237 481,245"/>
                <Baseline points="487,267 533,268 580,268 627,269 674,270 721,271 768,273 814,274 861,275 908,276 955,277 1002,278 1049,278 1096,279 1142,279 1189,279 1236,278 1283,278 1330,276 1377,275 1424,273"/>
                <TextEquiv>
                    <Unicode>und scapestrato gaudente, in „Liebelei“</Unicode>
                </TextEquiv>
            </TextLine>
            <TextLine id="r1l6" custom="readingOrder {index:5;}">
                <Coords points="474,316 814,343 1416,326 1398,299 1250,284 474,295"/>
                <Baseline points="480,317 526,318 573,318 619,318 666,319 712,319 759,320 805,320 852,321 898,321 945,321 991,322 1038,322 1084,323 1131,323 1177,323 1224,324 1270,324 1317,325 1363,325 1410,326"/>
                <TextEquiv>
                    <Unicode>era una la commedia perfettamente com:</Unicode>
                </TextEquiv>
            </TextLine>
            <TextLine id="r1l7" custom="readingOrder {index:6;}">
                <Coords points="478,386 965,364 1213,396 1416,382 1417,329 479,336"/>
                <Baseline points="484,367 530,366 576,366 622,366 669,367 715,367 761,368 808,368 854,369 900,370 947,370 993,371 1039,371 1085,372 1132,373 1178,373 1224,374 1271,374 1317,375 1363,375 1410,375"/>
                <TextEquiv>
                    <Unicode>pinta. Niente scatti selvaggi, mu senti¬</Unicode>
                </TextEquiv>
            </TextLine>
            <TextLine id="r1l8" custom="readingOrder {index:7;}">
                <Coords points="475,401 959,438 1422,418 1422,389 1380,380 475,386"/>
                <Baseline points="480,411 526,412 573,413 620,414 667,414 714,415 760,416 807,416 854,417 901,417 948,418 994,418 1041,418 1088,418 1135,419 1182,419 1228,419 1275,419 1322,419 1369,419 1416,419"/>
                <TextEquiv>
                    <Unicode>menti interiori, semplicemente 6 veraen¬</Unicode>
                </TextEquiv>
            </TextLine>
            <TextLine id="r1l9" custom="readingOrder {index:8;}">
                <Coords points="474,458 1425,474 1425,449 1309,431 474,430"/>
                <Baseline points="480,458 529,459 578,460 628,461 677,461 727,462 776,462 825,462 875,463 924,463 974,463 1023,464 1073,464 1122,465 1171,466 1221,467 1270,469 1320,470 1369,472 1419,474"/>
                <TextEquiv>
                    <Unicode>mente rappresentati, II soggetto poi ern</Unicode>
                </TextEquiv>
            </TextLine>
            <TextLine id="r1l10" custom="readingOrder {index:9;}">
                <Coords points="478,506 1418,521 1386,483 1327,502 1176,471 478,483"/>
                <Baseline points="484,507 530,509 576,510 623,510 669,511 716,511 762,511 808,511 855,511 901,511 948,511 994,511 1040,511 1087,512 1133,512 1180,513 1226,514 1272,515 1319,517 1365,519 1412,521"/>
                <TextEquiv>
                    <Unicode>di quelli che lo serittore prediligeva, un</Unicode>
                </TextEquiv>
            </TextLine>
            <TextLine id="r1l11" custom="readingOrder {index:10;}">
                <Coords points="477,568 1432,568 1432,535 1361,523 1304,545 478,514"/>
                <Baseline points="483,560 530,559 577,558 624,558 671,557 718,558 765,558 813,558 860,559 907,560 954,561 1001,562 1048,563 1095,564 1143,565 1190,566 1237,567 1284,567 1331,568 1378,568 1426,569"/>
                <TextEquiv>
                    <Unicode>piccolo dramma di vita borghese. La</Unicode>
                </TextEquiv>
            </TextLine>
            <TextLine id="r1l12" custom="readingOrder {index:11;}">
                <Coords points="488,601 1370,630 1424,621 1425,590 489,568"/>
                <Baseline points="494,602 540,603 586,603 632,604 679,604 725,605 771,606 817,606 864,607 910,608 956,608 1002,609 1049,610 1095,610 1141,611 1187,612 1234,613 1280,613 1326,614 1372,615 1419,616"/>
                <TextEquiv>
                    <Unicode>Cristina di „Liebelei“ non é un’ eroina</Unicode>
                </TextEquiv>
            </TextLine>
            <TextLine id="r1l13" custom="readingOrder {index:12;}">
                <Coords points="480,658 1411,667 1365,629 1195,613 1011,644 879,612 480,623"/>
                <Baseline points="486,651 534,652 582,653 631,655 679,655 727,656 776,656 824,656 872,656 921,657 969,657 1018,657 1066,657 1114,658 1163,658 1211,659 1259,660 1308,661 1356,662 1405,664"/>
                <TextEquiv>
                    <Unicode>ma una piccola donna come tutti ne co¬</Unicode>
                </TextEquiv>
            </TextLine>
            <TextLine id="r1l14" custom="readingOrder {index:13;}">
                <Coords points="474,713 1426,723 1426,680 1357,668 474,675"/>
                <Baseline points="480,699 527,699 574,699 621,700 668,701 715,702 762,703 809,704 856,706 903,707 950,708 997,709 1044,710 1091,711 1138,712 1185,712 1232,712 1279,713 1326,712 1373,712 1420,711"/>
                <TextEquiv>
                    <Unicode>noscono, dalla mentalità comune e le idee</Unicode>
                </TextEquiv>
            </TextLine>
            <TextLine id="r1l15" custom="readingOrder {index:14;}">
                <Coords points="466,757 516,751 565,758 595,749 610,757 686,755 687,738 660,729 634,706 606,716 566,706 547,720 499,704 481,718 467,711"/>
                <Baseline points="472,745 498,745 524,745 550,745 576,745 602,745 628,746 654,747 680,749"/>
                <TextEquiv>
                    <Unicode>limitate.</Unicode>
                </TextEquiv>
            </TextLine>
            <TextLine id="r1l16" custom="readingOrder {index:15;}">
                <Coords points="525,795 1319,821 1416,813 1417,778 526,753"/>
                <Baseline points="532,791 575,793 619,795 663,797 707,798 751,800 795,801 839,802 883,802 927,803 971,804 1014,804 1058,805 1102,805 1146,805 1190,805 1234,805 1278,805 1322,805 1366,805 1410,805"/>
                <TextEquiv>
                    <Unicode>Anche in seguito, Schnitzler non cerce.</Unicode>
                </TextEquiv>
            </TextLine>
            <TextLine id="r1l17" custom="readingOrder {index:16;}">
                <Coords points="474,848 1399,871 1425,833 474,818"/>
                <Baseline points="480,841 529,841 578,842 628,842 677,843 727,843 776,844 825,845 875,846 924,847 974,847 1023,848 1073,849 1122,850 1171,851 1221,852 1270,853 1320,854 1369,854 1419,855"/>
                <TextEquiv>
                    <Unicode>mai di esulare nel campo, sovente tradi¬</Unicode>
                </TextEquiv>
            </TextLine>
            <TextLine id="r1l18" custom="readingOrder {index:17;}">
                <Coords points="480,897 1107,894 1339,923 1421,899 1393,865 481,852"/>
                <Baseline points="486,889 532,890 578,891 625,892 671,893 718,893 764,893 811,894 857,894 904,894 950,894 996,894 1043,894 1089,895 1136,895 1182,896 1229,897 1275,898 1322,899 1368,901 1415,903"/>
                <TextEquiv>
                    <Unicode>tore, della fantasia, ma si tenne sempre</Unicode>
                </TextEquiv>
            </TextLine>
            <TextLine id="r1l19" custom="readingOrder {index:18;}">
                <Coords points="482,938 1413,963 1427,921 482,896"/>
                <Baseline points="488,935 534,936 581,937 627,937 674,938 721,938 767,939 814,939 861,940 907,940 954,941 1001,941 1047,942 1094,943 1141,943 1187,944 1234,945 1281,946 1327,947 1374,948 1421,949"/>
                <TextEquiv>
                    <Unicode>fedele alla vita reale. Anzi Wilkowskl, i1</Unicode>
                </TextEquiv>
            </TextLine>
            <TextLine id="r1l20" custom="readingOrder {index:19;}">
                <Coords points="484,994 1418,1010 1419,964 1359,954 485,956"/>
                <Baseline points="490,981 536,983 582,984 628,985 674,986 720,986 766,987 812,987 858,988 904,988 951,989 997,989 1043,990 1089,990 1135,991 1181,992 1227,993 1273,994 1319,995 1365,997 1412,999"/>
                <TextEquiv>
                    <Unicode>critico che allora aveva voce in capitolo,</Unicode>
                </TextEquiv>
            </TextLine>
            <TextLine id="r1l21" custom="readingOrder {index:20;}">
                <Coords points="476,1032 1415,1050 1384,1002 476,1001"/>
                <Baseline points="482,1031 528,1032 574,1033 621,1034 667,1034 713,1035 760,1035 806,1035 852,1035 899,1035 945,1035 991,1035 1038,1036 1084,1036 1130,1036 1177,1036 1223,1037 1269,1037 1316,1038 1362,1039 1409,1040"/>
                <TextEquiv>
                    <Unicode>disse di Schnitzler: in Jui vivono la mol¬</Unicode>
                </TextEquiv>
            </TextLine>
            <TextLine id="r1l22" custom="readingOrder {index:21;}">
                <Coords points="469,1079 1186,1106 1413,1095 1414,1069 1215,1042 469,1043"/>
                <Baseline points="475,1078 521,1079 568,1080 614,1080 661,1081 708,1081 754,1082 801,1082 847,1082 894,1083 941,1083 987,1083 1034,1084 1080,1084 1127,1085 1174,1085 1220,1086 1267,1087 1313,1088 1360,1089 1407,1090"/>
                <TextEquiv>
                    <Unicode>le e comoda agiatezza della vecchin Vien¬</Unicode>
                </TextEquiv>
            </TextLine>
            <TextLine id="r1l23" custom="readingOrder {index:22;}">
                <Coords points="479,1136 1218,1134 1436,1164 1436,1128 1298,1090 1220,1115 480,1096"/>
                <Baseline points="485,1124 532,1125 579,1126 626,1126 674,1127 721,1127 768,1127 815,1127 863,1127 910,1128 957,1128 1004,1128 1052,1129 1099,1130 1146,1131 1193,1132 1241,1134 1288,1135 1335,1137 1382,1141 1430,1144"/>
                <TextEquiv>
                    <Unicode>nae la Trivolezza della moderna capitalge</Unicode>
                </TextEquiv>
            </TextLine>
            <TextLine id="r1l24" custom="readingOrder {index:23;}">
                <Coords points="517,1190 1413,1185 1413,1164 1248,1142 517,1141"/>
                <Baseline points="523,1170 567,1172 611,1173 655,1174 699,1175 744,1175 788,1175 832,1175 876,1175 920,1175 965,1175 1009,1175 1053,1175 1097,1175 1141,1176 1186,1176 1230,1177 1274,1178 1318,1179 1362,1181 1407,1184"/>
                <TextEquiv>
                    <Unicode>Anche le sue novelle son tutti qua¬</Unicode>
                </TextEquiv>
            </TextLine>
            <TextLine id="r1l25" custom="readingOrder {index:24;}">
                <Coords points="465,1227 1434,1223 1302,1183 466,1192"/>
                <Baseline points="471,1218 518,1219 566,1220 614,1221 662,1222 710,1223 758,1223 805,1224 853,1224 901,1224 949,1225 997,1225 1045,1225 1093,1226 1140,1226 1188,1227 1236,1227 1284,1228 1332,1229 1380,1230 1428,1231"/>
                <TextEquiv>
                    <Unicode>dretti, spesso dialogati, della moderna</Unicode>
                </TextEquiv>
            </TextLine>
            <TextLine id="r1l26" custom="readingOrder {index:25;}">
                <Coords points="476,1276 1420,1282 1420,1249 1351,1235 476,1234"/>
                <Baseline points="482,1267 528,1268 575,1269 621,1270 668,1271 715,1271 761,1272 808,1272 854,1273 901,1273 948,1273 994,1273 1041,1273 1087,1274 1134,1274 1181,1274 1227,1275 1274,1275 1320,1276 1367,1277 1414,1278"/>
                <TextEquiv>
                    <Unicode>vita viennese. Soltanto una volta Schnitz¬</Unicode>
                </TextEquiv>
            </TextLine>
            <TextLine id="r1l27" custom="readingOrder {index:26;}">
                <Coords points="476,1328 1423,1326 1357,1285 1303,1307 760,1275 711,1307 670,1274 477,1276"/>
                <Baseline points="483,1317 529,1318 576,1318 623,1319 669,1319 716,1320 763,1320 809,1321 856,1321 903,1322 950,1322 996,1323 1043,1323 1090,1324 1136,1324 1183,1324 1230,1325 1276,1325 1323,1325 1370,1325 1417,1325"/>
                <TextEquiv>
                    <Unicode>ler tentó iI dramma d’ambiente sto¬</Unicode>
                </TextEquiv>
            </TextLine>
            <TextLine id="r1l28" custom="readingOrder {index:27;}">
                <Coords points="476,1370 937,1395 1000,1367 1421,1376 1421,1345 1220,1329 812,1345 778,1321 713,1354 476,1327"/>
                <Baseline points="482,1366 528,1367 575,1368 621,1369 668,1370 715,1371 761,1371 808,1372 855,1372 901,1372 948,1373 995,1373 1041,1373 1088,1373 1135,1373 1181,1373 1228,1374 1275,1374 1321,1374 1368,1374 1415,1375"/>
                <TextEquiv>
                    <Unicode>rico con „II velo di Beatrice“ e pose</Unicode>
                </TextEquiv>
            </TextLine>
            <TextLine id="r1l29" custom="readingOrder {index:28;}">
                <Coords points="474,1419 1429,1422 1396,1380 1148,1374 1070,1406 833,1370 474,1373"/>
                <Baseline points="479,1415 526,1416 573,1417 620,1418 667,1419 715,1419 762,1419 809,1419 856,1419 903,1420 951,1420 998,1420 1045,1420 1092,1420 1139,1420 1187,1421 1234,1421 1281,1422 1328,1423 1375,1424 1423,1425"/>
                <TextEquiv>
                    <Unicode>Tazione in Italia, come molti illustri</Unicode>
                </TextEquiv>
            </TextLine>
            <TextLine id="r1l30" custom="readingOrder {index:29;}">
                <Coords points="469,1468 691,1451 882,1488 1038,1464 1367,1490 1368,1446 1315,1458 1261,1427 1201,1449 1073,1420 1027,1448 931,1423 470,1432"/>
                <Baseline points="475,1460 519,1461 563,1462 607,1463 652,1463 696,1464 740,1464 785,1465 829,1465 873,1465 918,1465 962,1465 1006,1466 1050,1466 1095,1467 1139,1467 1183,1468 1228,1469 1272,1471 1316,1472 1361,1474"/>
                <TextEquiv>
                    <Unicode>stranieri fecero prima di Jui. Ne „</Unicode>
                </TextEquiv>
            </TextLine>
            <TextLine id="r1l31" custom="readingOrder {index:30;}">
                <Coords points="481,1518 1431,1520 1431,1477 482,1479"/>
                <Baseline points="487,1508 533,1509 580,1510 627,1511 674,1512 721,1513 768,1513 815,1514 862,1514 909,1515 956,1515 1002,1515 1049,1516 1096,1516 1143,1517 1190,1518 1237,1518 1284,1519 1331,1520 1378,1521 1425,1522"/>
                <TextEquiv>
                    <Unicode>velo di Beatrice“ prendendo pretesto</Unicode>
                </TextEquiv>
            </TextLine>
            <TextLine id="r1l32" custom="readingOrder {index:31;}">
                <Coords points="474,1566 1437,1575 1381,1537 1156,1520 1083,1544 817,1517 750,1545 475,1522"/>
                <Baseline points="481,1559 528,1559 576,1559 623,1560 671,1560 718,1561 766,1561 813,1562 861,1562 908,1562 956,1563 1003,1563 1051,1564 1098,1564 1146,1565 1193,1565 1241,1566 1288,1567 1336,1567 1383,1567 1431,1568"/>
                <TextEquiv>
                    <Unicode>del nostro Rinascimento, dipinge unn</Unicode>
                </TextEquiv>
            </TextLine>
            <TextLine id="r1l33" custom="readingOrder {index:32;}">
                <Coords points="468,1610 1426,1617 1391,1570 1203,1596 926,1564 770,1589 678,1567 633,1594 468,1569"/>
                <Baseline points="474,1610 521,1609 568,1609 615,1609 663,1609 710,1610 757,1610 805,1610 852,1611 899,1611 947,1612 994,1612 1041,1613 1088,1613 1136,1614 1183,1614 1230,1614 1278,1615 1325,1615 1372,1615 1420,1614"/>
                <TextEquiv>
                    <Unicode>donna dalla psicologia assal compli:</Unicode>
                </TextEquiv>
            </TextLine>
            <TextLine id="r1l34" custom="readingOrder {index:33;}">
                <Coords points="482,1667 1206,1684 1394,1670 1429,1639 772,1633 642,1603 483,1625"/>
                <Baseline points="488,1655 534,1655 581,1656 628,1656 674,1657 721,1657 768,1658 814,1658 861,1659 908,1659 955,1660 1001,1660 1048,1661 1095,1661 1141,1661 1188,1661 1235,1661 1281,1661 1328,1661 1375,1661 1422,1661"/>
                <TextEquiv>
                    <Unicode>cata: Beatrice dopo essersi fatta sposare</Unicode>
                </TextEquiv>
            </TextLine>
            <TextLine id="r1l35" custom="readingOrder {index:34;}">
                <Coords points="479,1713 1098,1733 1183,1707 1300,1733 1422,1713 1423,1681 479,1667"/>
                <Baseline points="485,1701 531,1702 578,1704 624,1705 671,1705 718,1706 764,1707 811,1707 857,1707 904,1708 951,1708 997,1708 1044,1708 1090,1709 1137,1709 1184,1709 1230,1710 1277,1711 1323,1712 1370,1713 1417,1714"/>
                <TextEquiv>
                    <Unicode>dal vecchio duca Bentivoglio spinge al</Unicode>
                </TextEquiv>
            </TextLine>
            <TextLine id="r1l36" custom="readingOrder {index:35;}">
                <Coords points="474,1753 1127,1774 1192,1748 1372,1777 1430,1773 1431,1745 564,1704 474,1729"/>
                <Baseline points="480,1750 527,1752 574,1754 621,1755 668,1755 716,1756 763,1756 810,1756 857,1756 904,1756 952,1756 999,1756 1046,1756 1093,1756 1140,1756 1188,1757 1235,1757 1282,1758 1329,1759 1376,1761 1424,1763"/>
                <TextEquiv>
                    <Unicode>suicidio un giovane onesto che Tamava.</Unicode>
                </TextEquiv>
            </TextLine>
            <TextLine id="r1l37" custom="readingOrder {index:36;}">
                <Coords points="514,1796 857,1818 1011,1792 1046,1825 1426,1801 1426,1775 1261,1767 515,1766"/>
                <Baseline points="520,1799 565,1800 610,1800 655,1801 700,1801 745,1802 790,1802 835,1803 880,1803 925,1804 970,1804 1015,1805 1060,1805 1105,1805 1150,1806 1195,1806 1240,1807 1285,1807 1330,1808 1375,1808 1420,1809"/>
                <TextEquiv>
                    <Unicode>Questo dramma non fu forse che uno</Unicode>
                </TextEquiv>
            </TextLine>
            <TextLine id="r1l38" custom="readingOrder {index:37;}">
                <Coords points="479,1860 1028,1846 1262,1875 1430,1850 1396,1816 480,1811"/>
                <Baseline points="485,1846 534,1846 583,1847 633,1848 682,1848 732,1849 781,1849 830,1850 880,1850 929,1851 979,1852 1028,1852 1078,1853 1127,1853 1176,1854 1226,1855 1275,1855 1325,1856 1374,1857 1424,1857"/>
                <TextEquiv>
                    <Unicode>scherzo poetico perché subito dopo, nel</Unicode>
                </TextEquiv>
            </TextLine>
            <TextLine id="r1l39" custom="readingOrder {index:38;}">
                <Coords points="475,1899 1429,1928 1430,1860 475,1861"/>
                <Baseline points="481,1895 528,1895 575,1896 622,1896 669,1897 716,1897 763,1898 810,1898 857,1899 904,1899 952,1900 999,1901 1046,1901 1093,1902 1140,1902 1187,1903 1234,1904 1281,1904 1328,1905 1375,1906 1423,1906"/>
                <TextEquiv>
                    <Unicode>1901, Schnitzler licenziava alla stampa i</Unicode>
                </TextEquiv>
            </TextLine>
            <TextLine id="r1l40" custom="readingOrder {index:39;}">
                <Coords points="476,1959 1440,1950 1440,1920 1145,1905 1018,1934 477,1917"/>
                <Baseline points="482,1950 529,1949 577,1949 624,1949 672,1949 720,1949 767,1949 815,1949 862,1949 910,1949 958,1949 1005,1949 1053,1949 1100,1949 1148,1950 1196,1950 1243,1950 1291,1950 1338,1951 1386,1951 1434,1951"/>
                <TextEquiv>
                    <Unicode>suo primo romanzo 6 meglio racconto</Unicode>
                </TextEquiv>
            </TextLine>
            <TextLine id="r1l41" custom="readingOrder {index:40;}">
                <Coords points="477,1997 1428,2011 1428,1968 1384,1952 1335,1976 477,1962"/>
                <Baseline points="483,1997 532,1996 581,1996 631,1995 680,1995 730,1995 779,1995 828,1996 878,1996 927,1996 977,1997 1026,1997 1076,1998 1125,1999 1174,1999 1224,2000 1273,2000 1323,2001 1372,2001 1422,2001"/>
                <TextEquiv>
                    <Unicode>lungo „Fra Berta Garlan“ dove i1</Unicode>
                </TextEquiv>
            </TextLine>
            <TextLine id="r1l42" custom="readingOrder {index:41;}">
                <Coords points="479,2065 928,2060 958,2036 1080,2066 1427,2057 1427,2011 1383,2007 479,2008"/>
                <Baseline points="485,2047 531,2047 578,2046 625,2046 672,2046 719,2045 765,2045 812,2045 859,2046 906,2046 953,2046 999,2046 1046,2047 1093,2047 1140,2047 1187,2048 1233,2048 1280,2048 1327,2048 1374,2048 1421,2049"/>
                <TextEquiv>
                    <Unicode>probiema del sessi é amplamente sol¬</Unicode>
                </TextEquiv>
            </TextLine>
            <TextLine id="r1l43" custom="readingOrder {index:42;}">
                <Coords points="475,2098 1425,2097 1425,2069 1353,2057 475,2064"/>
                <Baseline points="481,2094 527,2094 574,2094 621,2094 668,2094 715,2094 762,2094 809,2094 856,2094 903,2094 950,2094 996,2094 1043,2094 1090,2094 1137,2095 1184,2095 1231,2095 1278,2096 1325,2096 1372,2096 1419,2097"/>
                <TextEquiv>
                    <Unicode>levato e analizzato, attraverso il tormento</Unicode>
                </TextEquiv>
            </TextLine>
            <TextLine id="r1l44" custom="readingOrder {index:43;}">
                <Coords points="475,2146 1100,2141 1249,2168 1403,2158 1426,2117 475,2108"/>
                <Baseline points="481,2142 530,2142 579,2142 629,2141 678,2141 728,2141 777,2141 826,2142 876,2142 925,2142 975,2142 1024,2143 1074,2143 1123,2143 1172,2144 1222,2145 1271,2145 1321,2146 1370,2147 1420,2147"/>
                <TextEquiv>
                    <Unicode>morale- fisiologico della protagonistn.</Unicode>
                </TextEquiv>
            </TextLine>
            <TextLine id="r1l45" custom="readingOrder {index:44;}">
                <Coords points="466,2200 937,2209 1135,2179 1335,2213 1419,2183 1408,2155 467,2157"/>
                <Baseline points="473,2190 522,2189 571,2189 621,2189 670,2189 720,2189 769,2190 818,2190 868,2190 917,2191 967,2191 1016,2192 1066,2192 1115,2193 1164,2193 1214,2194 1263,2194 1313,2194 1362,2195 1412,2195"/>
                <TextEquiv>
                    <Unicode>Lavoro amaro questa analisi di una psi¬</Unicode>
                </TextEquiv>
            </TextLine>
            <TextLine id="r1l46" custom="readingOrder {index:45;}">
                <Coords points="480,2236 1265,2260 1421,2259 1432,2232 1373,2198 480,2209"/>
                <Baseline points="486,2237 535,2238 584,2238 634,2239 683,2239 733,2239 782,2239 831,2239 881,2239 930,2240 980,2240 1029,2240 1079,2240 1128,2240 1177,2241 1227,2241 1276,2242 1326,2243 1375,2243 1425,2244"/>
                <TextEquiv>
                    <Unicode>cologia difficile, di sitnazioni crudeli alle</Unicode>
                </TextEquiv>
            </TextLine>
            <TextLine id="r1l47" custom="readingOrder {index:46;}">
                <Coords points="469,2278 1429,2291 1332,2246 469,2251"/>
                <Baseline points="475,2286 522,2286 569,2286 617,2285 664,2285 712,2285 759,2285 806,2285 854,2285 901,2285 949,2285 996,2286 1043,2286 1091,2287 1138,2287 1186,2288 1233,2289 1280,2289 1328,2290 1375,2291 1423,2292"/>
                <TextEquiv>
                    <Unicode>volte patetiche e soffuse d’orrore. Ma¬</Unicode>
                </TextEquiv>
            </TextLine>
            <TextLine id="r1l48" custom="readingOrder {index:47;}">
                <Coords points="466,2329 924,2359 1421,2333 1421,2307 1343,2296 467,2303"/>
                <Baseline points="473,2334 520,2334 567,2335 614,2335 661,2335 708,2335 755,2336 802,2336 849,2336 896,2336 944,2336 991,2336 1038,2336 1085,2336 1132,2336 1179,2337 1226,2337 1273,2338 1320,2339 1367,2340 1415,2342"/>
                <TextEquiv>
                    <Unicode>teria che diventu agile come la vita im¬</Unicode>
                </TextEquiv>
            </TextLine>
            <TextLine id="r1l49" custom="readingOrder {index:48;}">
                <Coords points="469,2403 652,2378 714,2402 1414,2398 1414,2366 1326,2333 1161,2361 469,2355"/>
                <Baseline points="475,2386 521,2386 568,2385 614,2385 661,2385 708,2385 754,2385 801,2385 847,2385 894,2385 941,2385 987,2385 1034,2385 1080,2385 1127,2385 1174,2386 1220,2386 1267,2386 1313,2386 1360,2387 1407,2387"/>
                <TextEquiv>
                    <Unicode>pastata dalle mani di un artista-scien¬</Unicode>
                </TextEquiv>
            </TextLine>
            <TextLine id="r1l50" custom="readingOrder {index:49;}">
                <Coords points="469,2442 1428,2436 1401,2398 1226,2415 1111,2386 469,2403"/>
                <Baseline points="475,2431 522,2430 569,2429 617,2429 664,2429 711,2429 759,2429 806,2430 853,2430 901,2431 948,2431 995,2432 1043,2432 1090,2433 1137,2433 1185,2434 1232,2434 1279,2434 1327,2434 1374,2433 1422,2433"/>
                <TextEquiv>
                    <Unicode>ziato. Le scene dialogate di „La signora</Unicode>
                </TextEquiv>
            </TextLine>
            <TextLine id="r1l51" custom="readingOrder {index:50;}">
                <Coords points="476,2485 1227,2501 1423,2477 1370,2440 477,2438"/>
                <Baseline points="482,2475 528,2476 575,2477 622,2477 668,2478 715,2479 762,2479 808,2479 855,2480 902,2480 949,2480 995,2480 1042,2481 1089,2481 1135,2481 1182,2481 1229,2482 1275,2482 1322,2482 1369,2483 1416,2483"/>
                <TextEquiv>
                    <Unicode>Berta“ son cosi vive che con pochi ri¬</Unicode>
                </TextEquiv>
            </TextLine>
            <TextLine id="r1l52" custom="readingOrder {index:51;}">
                <Coords points="476,2538 1363,2557 1434,2549 1435,2498 477,2491"/>
                <Baseline points="482,2527 529,2526 576,2526 623,2525 671,2525 718,2525 765,2525 813,2526 860,2526 907,2527 955,2528 1002,2528 1049,2529 1096,2530 1144,2531 1191,2531 1238,2532 1286,2533 1333,2533 1380,2533 1428,2533"/>
                <TextEquiv>
                    <Unicode>tocchi il romanzo potrebbe essere portato</Unicode>
                </TextEquiv>
            </TextLine>
            <TextLine id="r1l53" custom="readingOrder {index:52;}">
                <Coords points="474,2584 924,2579 1115,2612 1164,2574 1227,2600 1420,2588 1420,2542 474,2545"/>
                <Baseline points="480,2575 526,2576 573,2577 620,2577 666,2578 713,2578 760,2578 806,2578 853,2579 900,2579 947,2579 993,2579 1040,2579 1087,2579 1133,2580 1180,2580 1227,2580 1273,2581 1320,2582 1367,2582 1414,2583"/>
                <TextEquiv>
                    <Unicode>cosi com'é, alla ribalta, senza subire mo¬</Unicode>
                </TextEquiv>
            </TextLine>
            <TextLine id="r1l54" custom="readingOrder {index:53;}">
                <Coords points="477,2628 574,2655 652,2628 803,2629 823,2643 905,2625 976,2646 1003,2631 1003,2604 927,2583 809,2596 748,2573 629,2597 478,2582"/>
                <Baseline points="483,2620 508,2620 534,2620 560,2620 585,2620 611,2620 637,2620 662,2620 688,2620 714,2621 740,2621 765,2621 791,2621 817,2622 842,2622 868,2622 894,2623 919,2623 945,2623 971,2624 997,2624"/>
                <TextEquiv>
                    <Unicode>dificazioni d’ intreccio.</Unicode>
                </TextEquiv>
            </TextLine>
            <TextLine id="r1l55" custom="readingOrder {index:54;}">
                <Coords points="506,2698 1416,2699 1416,2667 1326,2638 1203,2669 1072,2644 996,2670 621,2639 506,2661"/>
                <Baseline points="512,2688 556,2689 601,2689 646,2690 691,2690 736,2691 781,2691 826,2692 871,2692 916,2692 961,2693 1005,2693 1050,2693 1095,2694 1140,2694 1185,2694 1230,2695 1275,2695 1320,2696 1365,2696 1410,2697"/>
                <TextEquiv>
                    <Unicode>Altri lavori seguono la storia di Bert,</Unicode>
                </TextEquiv>
            </TextLine>
            <TextLine id="r1l56" custom="readingOrder {index:55;}">
                <Coords points="478,2737 1428,2765 1405,2704 479,2705"/>
                <Baseline points="484,2729 530,2731 577,2733 624,2735 671,2736 718,2737 765,2738 812,2738 859,2739 906,2739 953,2740 999,2740 1046,2740 1093,2741 1140,2742 1187,2742 1234,2744 1281,2745 1328,2747 1375,2749 1422,2752"/>
                <TextEquiv>
                    <Unicode>wartan ma nessüno di essi puo metter</Unicode>
                </TextEquiv>
            </TextLine>
            <TextLine id="r1l57" custom="readingOrder {index:56;}">
                <Coords points="470,2781 827,2804 965,2780 1267,2815 1319,2791 1395,2820 1397,2770 577,2737 471,2766"/>
                <Baseline points="476,2779 521,2779 567,2779 613,2779 658,2780 704,2781 750,2782 795,2782 841,2784 887,2785 933,2786 978,2788 1024,2789 1070,2790 1115,2792 1161,2793 1207,2794 1252,2796 1298,2797 1344,2798 1390,2799"/>
                <TextEquiv>
                    <Unicode>al livello di questo racconto. Non „K</Unicode>
                </TextEquiv>
            </TextLine>
            <TextLine id="r1l58" custom="readingOrder {index:57;}">
                <Coords points="466,2842 739,2817 806,2844 846,2822 929,2850 1345,2856 1415,2847 1416,2813 467,2799"/>
                <Baseline points="472,2835 518,2832 565,2830 612,2829 659,2829 706,2829 753,2829 800,2830 847,2831 894,2832 941,2834 987,2836 1034,2838 1081,2840 1128,2841 1175,2842 1222,2843 1269,2844 1316,2844 1363,2844 1410,2843"/>
                <TextEquiv>
                    <Unicode>girotondo“ del 1904 che é una serik</Unicode>
                </TextEquiv>
            </TextLine>
            <TextLine id="r1l59" custom="readingOrder {index:58;}">
                <Coords points="468,2882 1022,2907 1369,2902 1411,2872 622,2835 468,2862"/>
                <Baseline points="474,2881 520,2880 567,2879 613,2879 660,2879 706,2880 753,2880 799,2881 846,2882 892,2883 939,2885 985,2886 1032,2888 1078,2888 1125,2889 1171,2890 1218,2891 1264,2891 1311,2891 1357,2890 1404,2890"/>
                <TextEquiv>
                    <Unicode>ch dodiei dialoghiche, per quanto si vo¬</Unicode>
                </TextEquiv>
            </TextLine>
            <TextLine id="r1l60" custom="readingOrder {index:59;}">
                <Coords points="469,2929 1281,2953 1384,2945 1423,2903 470,2895"/>
                <Baseline points="475,2931 522,2930 569,2929 616,2929 663,2928 710,2929 757,2929 804,2929 851,2930 898,2931 945,2932 992,2933 1039,2934 1086,2935 1133,2936 1180,2937 1227,2938 1274,2939 1321,2940 1368,2940 1416,2941"/>
                <TextEquiv>
                    <Unicode>glia dire il contrario, rasentano I' erotismos</Unicode>
                </TextEquiv>
            </TextLine>
            <TextLine id="r1l61" custom="readingOrder {index:60;}">
                <Coords points="477,2972 1300,3006 1415,2985 1351,2946 478,2945"/>
                <Baseline points="483,2977 529,2977 575,2976 621,2976 668,2976 714,2976 760,2977 807,2977 853,2978 899,2978 946,2979 992,2980 1038,2981 1084,2982 1131,2983 1177,2984 1223,2985 1270,2986 1316,2987 1362,2988 1409,2988"/>
                <TextEquiv>
                    <Unicode>tanto sono brutali nella loro efficaciat</Unicode>
                </TextEquiv>
            </TextLine>
            <TextLine id="r1l62" custom="readingOrder {index:61;}">
                <Coords points="471,3024 570,3043 802,3030 858,3047 955,3024 955,2992 818,3002 666,2981 601,3011 550,2986 471,2996"/>
                <Baseline points="477,3023 503,3024 529,3025 555,3025 581,3026 607,3026 634,3026 660,3026 686,3026 712,3026 738,3026 764,3026 791,3025 817,3025 843,3025 869,3025 895,3025 921,3025 948,3025"/>
                <TextEquiv>
                    <Unicode>non „L’ Intermezzo“</Unicode>
                </TextEquiv>
            </TextLine>
            <TextLine id="r1l63" custom="readingOrder {index:62;}">
                <Coords points="989,3031 1023,3050 1059,3036 1125,3047 1174,3023 1203,3044 1286,3031 1313,3054 1327,3041 1419,3061 1420,2985 1361,3004 1320,2996 1294,3013 1196,2987 1152,3014 1078,2980 989,3002"/>
                <Baseline points="994,3029 1020,3030 1046,3030 1072,3031 1099,3032 1125,3032 1151,3033 1177,3034 1204,3034 1230,3035 1256,3035 1282,3035 1309,3035 1335,3035 1361,3035 1387,3035 1414,3034"/>
                <TextEquiv>
                    <Unicode>(1905) che puré</Unicode>
                </TextEquiv>
            </TextLine>
            <TextLine id="r1l64" custom="readingOrder {index:63;}">
                <Coords points="469,3060 533,3089 1179,3075 1280,3101 1428,3072 1195,3037 469,3038"/>
                <Baseline points="475,3070 522,3071 569,3071 617,3072 664,3072 711,3073 759,3074 806,3074 853,3075 901,3076 948,3076 995,3077 1043,3078 1090,3079 1137,3080 1185,3081 1232,3081 1279,3082 1327,3083 1374,3085 1422,3086"/>
                <TextEquiv>
                    <Unicode>riportó un successo favoloso al Burgthea¬</Unicode>
                </TextEquiv>
            </TextLine>
            <TextLine id="r1l65" custom="readingOrder {index:64;}">
                <Coords points="466,3118 1429,3140 1429,3103 1344,3085 466,3099"/>
                <Baseline points="472,3123 519,3123 567,3123 614,3122 662,3123 709,3123 757,3123 804,3124 852,3124 899,3125 947,3125 995,3126 1042,3127 1090,3128 1137,3128 1185,3129 1232,3130 1280,3131 1327,3132 1375,3132 1423,3133"/>
                <TextEquiv>
                    <Unicode>ter. Ma il tempo é sempre il migliort</Unicode>
                </TextEquiv>
            </TextLine>
            <TextLine id="r1l66" custom="readingOrder {index:65;}">
                <Coords points="476,3191 662,3168 1296,3195 1423,3188 1424,3151 663,3147 597,3120 477,3149"/>
                <Baseline points="482,3172 528,3172 575,3172 622,3172 669,3173 716,3173 762,3173 809,3174 856,3175 903,3175 950,3176 996,3176 1043,3177 1090,3177 1137,3178 1184,3179 1230,3179 1277,3180 1324,3180 1371,3181 1418,3181"/>
                <TextEquiv>
                    <Unicode>giudice. A proposito dell' Intermezzo lat</Unicode>
                </TextEquiv>
            </TextLine>
            <TextLine id="r1l67" custom="readingOrder {index:66;}">
                <Coords points="468,3204 620,3238 1428,3240 1428,3197 1270,3185 468,3191"/>
                <Baseline points="474,3215 521,3216 568,3217 616,3218 663,3219 711,3220 758,3221 805,3222 853,3223 900,3224 948,3224 995,3225 1042,3226 1090,3226 1137,3227 1185,3227 1232,3227 1279,3228 1327,3228 1374,3228 1422,3228"/>
                <TextEquiv>
                    <Unicode>critica fece il nome di lbsen poiché come</Unicode>
                </TextEquiv>
            </TextLine>
            <TextLine id="r1l68" custom="readingOrder {index:67;}">
                <Coords points="465,3263 552,3289 965,3281 1003,3256 1424,3288 1405,3235 466,3244"/>
                <Baseline points="471,3265 518,3266 565,3266 613,3267 660,3267 708,3268 755,3269 802,3270 850,3270 897,3271 945,3272 992,3272 1039,3273 1087,3274 1134,3275 1182,3275 1229,3276 1276,3276 1324,3277 1371,3277 1419,3278"/>
                <TextEquiv>
                    <Unicode>in „Casa di Bambola“ i due coniugi si</Unicode>
                </TextEquiv>
            </TextLine>
            <TextLine id="r1l69" custom="readingOrder {index:68;}">
                <Coords points="466,3310 850,3343 1424,3328 1346,3281 467,3277"/>
                <Baseline points="472,3313 519,3314 566,3315 613,3316 661,3317 708,3317 755,3318 803,3318 850,3319 897,3319 945,3320 992,3320 1039,3320 1086,3320 1134,3321 1181,3321 1228,3321 1276,3322 1323,3322 1370,3323 1418,3323"/>
                <TextEquiv>
                    <Unicode>separano. In seguito lo Schnitzler modi¬</Unicode>
                </TextEquiv>
            </TextLine>
            <TextLine id="r1l70" custom="readingOrder {index:69;}">
                <Coords points="472,3366 948,3388 1071,3361 1156,3392 1424,3367 1414,3329 906,3324 864,3354 759,3322 631,3348 472,3322"/>
                <Baseline points="478,3363 525,3364 572,3365 619,3366 666,3366 713,3366 760,3367 807,3367 854,3367 901,3367 948,3367 995,3367 1042,3368 1089,3368 1136,3368 1183,3369 1230,3369 1277,3370 1324,3371 1371,3372 1418,3374"/>
                <TextEquiv>
                    <Unicode>ficó la soluzione, facendo rappacificare 1</Unicode>
                </TextEquiv>
            </TextLine>
            <TextLine id="r1l71" custom="readingOrder {index:70;}">
                <Coords points="479,3423 1424,3426 1341,3375 480,3389"/>
                <Baseline points="485,3413 531,3413 578,3413 624,3414 671,3414 718,3414 764,3415 811,3415 858,3415 904,3416 951,3416 998,3417 1044,3417 1091,3418 1138,3418 1184,3419 1231,3419 1278,3420 1324,3420 1371,3420 1418,3421"/>
                <TextEquiv>
                    <Unicode>due coniugi sulla scena. Ebbe torto, l’o.</Unicode>
                </TextEquiv>
            </TextLine>
            <TextLine id="r1l72" custom="readingOrder {index:71;}">
                <Coords points="468,3472 1432,3471 1432,3444 1262,3423 1222,3447 1154,3422 1113,3446 468,3425"/>
                <Baseline points="474,3460 521,3460 569,3460 616,3460 664,3460 712,3461 759,3461 807,3461 854,3462 902,3462 950,3463 997,3464 1045,3464 1092,3465 1140,3465 1188,3466 1235,3466 1283,3467 1330,3467 1378,3468 1426,3468"/>
                <TextEquiv>
                    <Unicode>riginalità é andata perduta, Piu sincera,</Unicode>
                </TextEquiv>
            </TextLine>
            <TextLine id="r1l73" custom="readingOrder {index:72;}">
                <Coords points="475,3508 769,3507 804,3532 1211,3508 1353,3535 1418,3508 1389,3478 1284,3472 954,3471 903,3496 843,3466 782,3494 475,3474"/>
                <Baseline points="480,3504 526,3506 573,3508 619,3509 666,3510 713,3511 759,3511 806,3512 852,3512 899,3512 946,3513 992,3513 1039,3513 1085,3513 1132,3513 1179,3514 1225,3514 1272,3515 1318,3516 1365,3517 1412,3518"/>
                <TextEquiv>
                    <Unicode>invece, era „La via solitaria“ dell'an¬</Unicode>
                </TextEquiv>
            </TextLine>
            <TextLine id="r1l74" custom="readingOrder {index:73;}">
                <Coords points="462,3558 1421,3579 1422,3533 1337,3523 463,3517"/>
                <Baseline points="468,3554 515,3555 562,3555 610,3556 657,3556 704,3556 752,3557 799,3558 846,3558 894,3559 941,3559 988,3560 1036,3560 1083,3561 1130,3561 1178,3562 1225,3562 1272,3563 1320,3563 1367,3563 1415,3564"/>
                <TextEquiv>
                    <Unicode>no precedente, per quanto P’esito fos¬</Unicode>
                </TextEquiv>
            </TextLine>
            <TextLine id="r1l75" custom="readingOrder {index:74;}">
                <Coords points="468,3610 1429,3621 1429,3580 1245,3568 469,3580"/>
                <Baseline points="474,3604 521,3605 568,3606 616,3606 663,3607 711,3607 758,3607 806,3608 853,3608 901,3608 948,3608 995,3609 1043,3609 1090,3609 1138,3610 1185,3610 1233,3611 1280,3611 1328,3612 1375,3613 1423,3614"/>
                <TextEquiv>
                    <Unicode>se stato meno clamoroso. Un dramma</Unicode>
                </TextEquiv>
            </TextLine>
            <TextLine id="r1l76" custom="readingOrder {index:75;}">
                <Coords points="470,3657 1308,3677 1420,3669 1421,3630 836,3630 709,3602 659,3629 470,3626"/>
                <Baseline points="476,3653 522,3653 569,3654 616,3654 663,3655 710,3656 757,3656 804,3657 851,3657 898,3658 945,3658 991,3659 1038,3659 1085,3660 1132,3660 1179,3660 1226,3661 1273,3661 1320,3661 1367,3662 1414,3662"/>
                <TextEquiv>
                    <Unicode>umano: Fichter, scapolo impenitente, in¬</Unicode>
                </TextEquiv>
            </TextLine>
            <TextLine id="r1l77" custom="readingOrder {index:76;}">
                <Coords points="472,3702 841,3718 919,3694 1342,3729 1422,3702 1252,3662 473,3677"/>
                <Baseline points="478,3703 524,3703 571,3703 618,3703 665,3703 712,3704 759,3704 806,3704 853,3705 900,3705 947,3706 993,3706 1040,3706 1087,3707 1134,3707 1181,3708 1228,3708 1275,3708 1322,3708 1369,3708 1416,3708"/>
                <TextEquiv>
                    <Unicode>vecchiandosi sente il desiderio di avere</Unicode>
                </TextEquiv>
            </TextLine>
            <TextLine id="r1l78" custom="readingOrder {index:77;}">
                <Coords points="475,3760 1420,3766 1420,3728 1379,3721 475,3723"/>
                <Baseline points="481,3751 527,3749 574,3749 620,3748 667,3748 714,3748 760,3748 807,3749 854,3749 900,3750 947,3751 994,3752 1040,3753 1087,3754 1134,3754 1180,3755 1227,3755 1274,3756 1320,3756 1367,3755 1414,3755"/>
                <TextEquiv>
                    <Unicode>accanto 11 figlio nato da un suo amorazzo</Unicode>
                </TextEquiv>
            </TextLine>
            <TextLine id="r1l79" custom="readingOrder {index:78;}">
                <Coords points="468,3803 1418,3817 1419,3766 468,3771"/>
                <Baseline points="474,3795 520,3795 567,3795 614,3795 661,3796 708,3796 755,3797 802,3797 849,3798 896,3798 943,3799 989,3799 1036,3800 1083,3800 1130,3801 1177,3802 1224,3802 1271,3803 1318,3803 1365,3804 1412,3804"/>
                <TextEquiv>
                    <Unicode>di gioventu eche P'umante ha allevato</Unicode>
                </TextEquiv>
            </TextLine>
            <TextLine id="r1l80" custom="readingOrder {index:79;}">
                <Coords points="463,3851 1211,3869 1395,3859 1420,3815 616,3799 463,3832"/>
                <Baseline points="469,3845 516,3845 563,3845 610,3845 657,3845 705,3846 752,3846 799,3846 846,3847 893,3847 941,3848 988,3848 1035,3848 1082,3849 1129,3849 1177,3850 1224,3850 1271,3851 1318,3851 1365,3851 1413,3852"/>
                <TextEquiv>
                    <Unicode>con il marito, II figlio che prova molta</Unicode>
                </TextEquiv>
            </TextLine>
            <TextLine id="r1l81" custom="readingOrder {index:80;}">
                <Coords points="462,3891 1198,3916 1260,3888 1303,3920 1421,3894 1385,3857 463,3870"/>
                <Baseline points="469,3895 516,3894 563,3893 610,3893 658,3893 705,3893 752,3893 800,3894 847,3894 894,3895 942,3896 989,3896 1036,3897 1083,3897 1131,3898 1178,3898 1225,3898 1273,3898 1320,3898 1367,3898 1415,3897"/>
                <TextEquiv>
                    <Unicode>simpatia per Fichter quando sa che é</Unicode>
                </TextEquiv>
            </TextLine>
            <TextLine id="r1l82" custom="readingOrder {index:81;}">
                <Coords points="467,3936 1415,3955 1415,3912 1381,3904 468,3903"/>
                <Baseline points="473,3943 519,3942 566,3941 613,3941 660,3941 707,3940 753,3940 800,3940 847,3941 894,3941 941,3941 987,3942 1034,3942 1081,3942 1128,3943 1175,3943 1221,3944 1268,3944 1315,3945 1362,3945 1409,3946"/>
                <TextEquiv>
                    <Unicode>suo padre si rifinta energicamente di</Unicode>
                </TextEquiv>
            </TextLine>
            <TextLine id="r1l83" custom="readingOrder {index:82;}">
                <Coords points="459,3998 1422,4004 1396,3953 460,3960"/>
                <Baseline points="465,3988 512,3988 560,3988 607,3988 655,3988 702,3988 750,3988 797,3989 845,3989 892,3990 940,3990 988,3991 1035,3991 1083,3992 1130,3993 1178,3993 1225,3994 1273,3994 1320,3995 1368,3995 1416,3995"/>
                <TextEquiv>
                    <Unicode>soddisfare i1 suo egoistico desiderio, si</Unicode>
                </TextEquiv>
            </TextLine>
            <TextLine id="r1l84" custom="readingOrder {index:83;}">
                <Coords points="466,4047 1290,4063 1409,4041 1323,4000 467,4011"/>
                <Baseline points="473,4036 519,4036 566,4035 612,4036 659,4036 705,4037 752,4037 798,4038 845,4039 891,4040 938,4040 984,4041 1031,4042 1077,4043 1124,4043 1170,4043 1217,4044 1263,4044 1310,4043 1356,4043 1403,4042"/>
                <TextEquiv>
                    <Unicode>allontana da lni maggiormente ricono¬</Unicode>
                </TextEquiv>
            </TextLine>
            <TextLine id="r1l85" custom="readingOrder {index:84;}">
                <Coords points="474,4089 1357,4109 1417,4092 1418,4059 474,4059"/>
                <Baseline points="480,4083 526,4084 573,4085 619,4086 666,4086 713,4087 759,4087 806,4088 852,4088 899,4089 946,4089 992,4089 1039,4090 1085,4090 1132,4090 1179,4091 1225,4091 1272,4092 1318,4093 1365,4094 1412,4094"/>
                <TextEquiv>
                    <Unicode>scente per l’uomo che l'ha allevato come</Unicode>
                </TextEquiv>
            </TextLine>
            <TextLine id="r1l86" custom="readingOrder {index:85;}">
                <Coords points="459,4141 474,4133 539,4159 603,4137 635,4150 729,4147 730,4120 679,4105 631,4102 615,4112 554,4091 518,4096 459,4085"/>
                <Baseline points="465,4134 490,4135 516,4136 542,4137 568,4137 594,4137 620,4137 646,4137 672,4136 698,4136 724,4135"/>
                <TextEquiv>
                    <Unicode>figlio suo.</Unicode>
                </TextEquiv>
            </TextLine>
            <TextEquiv>
                <Unicode>1
T
e
sehtare 1 diverst momenti della vita di
und scapestrato gaudente, in „Liebelei“
era una la commedia perfettamente com:
pinta. Niente scatti selvaggi, mu senti¬
menti interiori, semplicemente 6 veraen¬
mente rappresentati, II soggetto poi ern
di quelli che lo serittore prediligeva, un
piccolo dramma di vita borghese. La
Cristina di „Liebelei“ non é un’ eroina
ma una piccola donna come tutti ne co¬
noscono, dalla mentalità comune e le idee
limitate.
Anche in seguito, Schnitzler non cerce.
mai di esulare nel campo, sovente tradi¬
tore, della fantasia, ma si tenne sempre
fedele alla vita reale. Anzi Wilkowskl, i1
critico che allora aveva voce in capitolo,
disse di Schnitzler: in Jui vivono la mol¬
le e comoda agiatezza della vecchin Vien¬
nae la Trivolezza della moderna capitalge
Anche le sue novelle son tutti qua¬
dretti, spesso dialogati, della moderna
vita viennese. Soltanto una volta Schnitz¬
ler tentó iI dramma d’ambiente sto¬
rico con „II velo di Beatrice“ e pose
Tazione in Italia, come molti illustri
stranieri fecero prima di Jui. Ne „
velo di Beatrice“ prendendo pretesto
del nostro Rinascimento, dipinge unn
donna dalla psicologia assal compli:
cata: Beatrice dopo essersi fatta sposare
dal vecchio duca Bentivoglio spinge al
suicidio un giovane onesto che Tamava.
Questo dramma non fu forse che uno
scherzo poetico perché subito dopo, nel
1901, Schnitzler licenziava alla stampa i
suo primo romanzo 6 meglio racconto
lungo „Fra Berta Garlan“ dove i1
probiema del sessi é amplamente sol¬
levato e analizzato, attraverso il tormento
morale- fisiologico della protagonistn.
Lavoro amaro questa analisi di una psi¬
cologia difficile, di sitnazioni crudeli alle
volte patetiche e soffuse d’orrore. Ma¬
teria che diventu agile come la vita im¬
pastata dalle mani di un artista-scien¬
ziato. Le scene dialogate di „La signora
Berta“ son cosi vive che con pochi ri¬
tocchi il romanzo potrebbe essere portato
cosi com'é, alla ribalta, senza subire mo¬
dificazioni d’ intreccio.
Altri lavori seguono la storia di Bert,
wartan ma nessüno di essi puo metter
al livello di questo racconto. Non „K
girotondo“ del 1904 che é una serik
ch dodiei dialoghiche, per quanto si vo¬
glia dire il contrario, rasentano I' erotismos
tanto sono brutali nella loro efficaciat
non „L’ Intermezzo“
(1905) che puré
riportó un successo favoloso al Burgthea¬
ter. Ma il tempo é sempre il migliort
giudice. A proposito dell' Intermezzo lat
critica fece il nome di lbsen poiché come
in „Casa di Bambola“ i due coniugi si
separano. In seguito lo Schnitzler modi¬
ficó la soluzione, facendo rappacificare 1
due coniugi sulla scena. Ebbe torto, l’o.
riginalità é andata perduta, Piu sincera,
invece, era „La via solitaria“ dell'an¬
no precedente, per quanto P’esito fos¬
se stato meno clamoroso. Un dramma
umano: Fichter, scapolo impenitente, in¬
vecchiandosi sente il desiderio di avere
accanto 11 figlio nato da un suo amorazzo
di gioventu eche P'umante ha allevato
con il marito, II figlio che prova molta
simpatia per Fichter quando sa che é
suo padre si rifinta energicamente di
soddisfare i1 suo egoistico desiderio, si
allontana da lni maggiormente ricono¬
scente per l’uomo che l'ha allevato come
figlio suo.</Unicode>
            </TextEquiv>
        </TextRegion>
        <TextRegion orientation="0.0" id="r2" custom="readingOrder {index:1;}">
            <Coords points="1447,166 1447,1199 2412,1199 2412,166"/>
            <TextLine id="r2l1" custom="readingOrder {index:0;}">
                <Coords points="1464,211 1635,195 1793,209 1861,198 1862,183 1795,169 1775,151 1738,153 1691,116 1659,138 1578,154 1517,116 1464,127"/>
                <Baseline points="1470,193 1495,192 1521,191 1547,190 1572,190 1598,189 1624,189 1650,189 1675,189 1701,189 1727,190 1753,190 1778,191 1804,192 1830,193 1856,194"/>
                <TextEquiv>
                    <Unicode>S</Unicode>
                </TextEquiv>
            </TextLine>
            <TextLine id="r2l2" custom="readingOrder {index:1;}">
                <Coords points="1516,259 2398,263 2359,217 1516,203"/>
                <Baseline points="1522,248 1565,249 1609,250 1652,251 1696,251 1739,251 1783,252 1826,252 1870,252 1913,252 1957,253 2000,253 2044,253 2087,254 2131,254 2174,255 2218,256 2261,257 2305,258 2348,259 2392,261"/>
                <TextEquiv>
                    <Unicode>Questo „Professor Bernardhi“ interesso</Unicode>
                </TextEquiv>
            </TextLine>
            <TextLine id="r2l3" custom="readingOrder {index:2;}">
                <Coords points="1450,292 2126,324 2392,299 2301,265 1450,270"/>
                <Baseline points="1456,297 1502,298 1549,299 1595,299 1642,300 1688,300 1735,301 1781,301 1828,301 1874,301 1921,301 1967,301 2014,301 2060,302 2107,302 2153,302 2200,302 2246,303 2293,303 2339,304 2386,305"/>
                <TextEquiv>
                    <Unicode>anche in governo che rimase perpiesso se</Unicode>
                </TextEquiv>
            </TextLine>
            <TextLine id="r2l4" custom="readingOrder {index:3;}">
                <Coords points="1456,346 2322,367 2399,332 1456,308"/>
                <Baseline points="1462,344 1508,345 1555,345 1601,346 1648,346 1694,347 1741,347 1787,347 1834,348 1880,348 1927,349 1973,349 2020,350 2066,350 2113,351 2159,352 2206,352 2252,353 2299,354 2345,354 2392,355"/>
                <TextEquiv>
                    <Unicode>condannare 0 no, Arturo Schnitzler, serit¬</Unicode>
                </TextEquiv>
            </TextLine>
            <TextLine id="r2l5" custom="readingOrder {index:4;}">
                <Coords points="1441,391 2356,419 2407,381 1760,344 1699,374 1442,358"/>
                <Baseline points="1447,392 1494,393 1542,393 1589,394 1637,394 1685,394 1732,395 1780,395 1828,395 1875,396 1923,396 1971,396 2018,397 2066,397 2114,398 2161,399 2209,399 2257,401 2304,402 2352,403 2400,404"/>
                <TextEquiv>
                    <Unicode>tore ebreo. Sebbene lo Schnitzler fosse</Unicode>
                </TextEquiv>
            </TextLine>
            <TextLine id="r2l6" custom="readingOrder {index:5;}">
                <Coords points="1451,447 1778,432 1817,461 2265,444 2389,469 2403,436 2290,406 2242,433 2022,400 1984,423 1945,400 1451,409"/>
                <Baseline points="1456,440 1503,441 1550,442 1597,443 1644,443 1691,444 1738,444 1785,445 1832,445 1879,445 1926,445 1973,445 2020,445 2067,445 2114,445 2161,446 2208,446 2255,447 2302,448 2349,449 2396,450"/>
                <TextEquiv>
                    <Unicode>membro del cenncolo letterario della</Unicode>
                </TextEquiv>
            </TextLine>
            <TextLine id="r2l7" custom="readingOrder {index:6;}">
                <Coords points="1454,504 1579,510 1634,481 2314,516 2389,497 2390,463 1657,446 1609,470 1528,445 1454,471"/>
                <Baseline points="1460,491 1506,490 1552,489 1598,489 1644,488 1691,488 1737,489 1783,489 1829,490 1875,490 1922,491 1968,492 2014,492 2060,493 2106,494 2153,495 2199,496 2245,497 2291,497 2337,498 2384,499"/>
                <TextEquiv>
                    <Unicode>„Jung Wien“ poteva considerarsl apo¬</Unicode>
                </TextEquiv>
            </TextLine>
            <TextLine id="r2l8" custom="readingOrder {index:7;}">
                <Coords points="1450,550 2269,561 2400,532 2344,501 1450,500"/>
                <Baseline points="1456,532 1502,534 1549,536 1596,538 1643,539 1690,541 1737,541 1784,542 1831,542 1878,543 1925,543 1971,543 2018,544 2065,544 2112,544 2159,545 2206,546 2253,546 2300,547 2347,548 2394,550"/>
                <TextEquiv>
                    <Unicode>litico che poca parte prese alle vicende</Unicode>
                </TextEquiv>
            </TextLine>
            <TextLine id="r2l9" custom="readingOrder {index:8;}">
                <Coords points="1444,593 1712,589 1793,614 1900,589 2034,613 2066,604 2067,569 1922,544 1639,556 1596,534 1444,551"/>
                <Baseline points="1450,577 1480,579 1511,580 1541,582 1572,583 1602,583 1633,584 1663,585 1694,585 1724,586 1755,586 1785,586 1816,586 1846,587 1877,587 1907,587 1938,587 1968,588 1999,588 2029,588 2060,589"/>
                <TextEquiv>
                    <Unicode>dell Austria repubblicana.</Unicode>
                </TextEquiv>
            </TextLine>
            <TextLine id="r2l10" custom="readingOrder {index:9;}">
                <Coords points="1496,652 2404,662 2404,613 2304,595 1497,609"/>
                <Baseline points="1502,638 1546,639 1591,639 1636,640 1681,641 1726,642 1770,643 1815,643 1860,644 1905,645 1950,646 1994,646 2039,647 2084,648 2129,648 2174,649 2218,649 2263,649 2308,650 2353,650 2398,650"/>
                <TextEquiv>
                    <Unicode>Colla scomparsa di Schnitzler I’ Austria</Unicode>
                </TextEquiv>
            </TextLine>
            <TextLine id="r2l11" custom="readingOrder {index:10;}">
                <Coords points="1448,704 2392,711 2384,664 1897,681 1449,649"/>
                <Baseline points="1454,690 1500,691 1547,691 1593,691 1640,692 1687,693 1733,693 1780,693 1826,694 1873,694 1920,695 1966,695 2013,696 2059,696 2106,696 2153,697 2199,697 2246,697 2292,697 2339,697 2386,697"/>
                <TextEquiv>
                    <Unicode>ha perduto il suo massimo serittore e</Unicode>
                </TextEquiv>
            </TextLine>
            <TextLine id="r2l12" custom="readingOrder {index:11;}">
                <Coords points="1459,755 2399,750 2339,708 1459,712"/>
                <Baseline points="1465,738 1511,738 1557,737 1604,737 1650,737 1697,738 1743,738 1789,739 1836,739 1882,740 1929,740 1975,741 2021,742 2068,742 2114,743 2161,744 2207,744 2253,745 2300,745 2346,746 2393,746"/>
                <TextEquiv>
                    <Unicode>stilista. La mole dell’opera sua non conta</Unicode>
                </TextEquiv>
            </TextLine>
            <TextLine id="r2l13" custom="readingOrder {index:12;}">
                <Coords points="1450,793 2399,794 2399,765 2283,750 1450,760"/>
                <Baseline points="1456,786 1502,786 1549,785 1596,785 1643,786 1690,786 1736,786 1783,787 1830,788 1877,788 1924,789 1970,790 2017,790 2064,791 2111,792 2158,793 2204,793 2251,794 2298,795 2345,795 2392,795"/>
                <TextEquiv>
                    <Unicode>quello che vale é che nella sun opera egli</Unicode>
                </TextEquiv>
            </TextLine>
            <TextLine id="r2l14" custom="readingOrder {index:13;}">
                <Coords points="1448,850 2416,853 2348,804 1449,802"/>
                <Baseline points="1454,834 1501,835 1549,836 1597,837 1645,837 1693,837 1740,838 1788,838 1836,838 1884,838 1932,838 1979,838 2027,839 2075,839 2123,840 2171,841 2218,842 2266,843 2314,846 2362,848 2410,851"/>
                <TextEquiv>
                    <Unicode>ha messo tutta la sua anima di pocta,</Unicode>
                </TextEquiv>
            </TextLine>
            <TextLine id="r2l15" custom="readingOrder {index:14;}">
                <Coords points="1448,888 1514,905 1570,886 1597,896 1660,884 1820,907 1856,893 1881,908 1917,902 1917,867 1846,848 1734,845 1703,863 1649,842 1448,850"/>
                <Baseline points="1454,883 1479,884 1504,884 1530,884 1555,884 1580,884 1606,883 1631,883 1657,883 1682,882 1707,882 1733,882 1758,881 1784,882 1809,882 1834,882 1860,883 1885,884 1911,886"/>
                <TextEquiv>
                    <Unicode>sensibile e delicata.</Unicode>
                </TextEquiv>
            </TextLine>
            <TextLine id="r2l16" custom="readingOrder {index:15;}">
                <Coords points="1900,963 2062,960 2088,976 2149,960 2224,978 2358,964 2359,923 2306,911 2289,924 2209,918 2136,934 2109,912 1901,912"/>
                <Baseline points="1906,952 1932,953 1958,954 1984,954 2010,955 2037,956 2063,958 2089,958 2115,959 2142,960 2168,961 2194,961 2220,962 2247,962 2273,962 2299,962 2325,962 2352,961"/>
                <TextEquiv>
                    <Unicode>GIUSEPPE RIGOTTI</Unicode>
                </TextEquiv>
            </TextLine>
            <TextLine id="r2l17" custom="readingOrder {index:16;}">
                <Coords points="1640,1130 1890,1146 2031,1116 2055,1138 2158,1122 2281,1146 2418,1116 2375,1075 2336,1094 2241,1066 2163,1098 2088,1066 1640,1079"/>
                <Baseline points="1646,1121 1684,1123 1722,1124 1760,1125 1799,1126 1837,1127 1875,1127 1914,1127 1952,1126 1990,1126 2029,1126 2067,1125 2105,1125 2143,1125 2182,1125 2220,1125 2258,1126 2297,1126 2335,1128 2373,1130 2412,1132"/>
                <TextEquiv>
                    <Unicode>— Preghiamo gli Editori</Unicode>
                </TextEquiv>
            </TextLine>
            <TextLine id="r2l18" custom="readingOrder {index:17;}">
                <Coords points="2242,1184 2269,1190 2274,1186 2288,1195 2303,1188 2344,1188 2353,1197 2357,1193 2365,1199 2374,1193 2401,1203 2403,1162 2382,1171 2362,1169 2333,1144 2323,1148 2316,1141 2288,1157 2271,1139 2245,1137"/>
                <Baseline points="2248,1179 2277,1180 2306,1182 2336,1185 2365,1187 2395,1188"/>
                <TextEquiv>
                    <Unicode>1</Unicode>
                </TextEquiv>
            </TextLine>
            <TextEquiv>
                <Unicode>S
Questo „Professor Bernardhi“ interesso
anche in governo che rimase perpiesso se
condannare 0 no, Arturo Schnitzler, serit¬
tore ebreo. Sebbene lo Schnitzler fosse
membro del cenncolo letterario della
„Jung Wien“ poteva considerarsl apo¬
litico che poca parte prese alle vicende
dell Austria repubblicana.
Colla scomparsa di Schnitzler I’ Austria
ha perduto il suo massimo serittore e
stilista. La mole dell’opera sua non conta
quello che vale é che nella sun opera egli
ha messo tutta la sua anima di pocta,
sensibile e delicata.
GIUSEPPE RIGOTTI
— Preghiamo gli Editori
1</Unicode>
            </TextEquiv>
        </TextRegion>
    </Page>
</PcGts>
