3392 4320
892 164 1385 250 POLITIK. WIRTSCHAFT
869 210 1096 274 KULTUR
885 265 1175 343 VERLAG
878 332 1345 403 BuKUM A. G.
883 390 1095 454 WIEN I,
868 433 1337 506 BAUERNMARKT 3
871 489 1314 568 Tel. U-21-4-79 U-27-3-64
607 541 1374 631 Acmnemmmmmnnummnimmmmmmmmmimmmmmmtn
588 591 1392 692 Wichtigstes Informations- und
588 653 1388 749 Insertionsorgan für die Wirt¬
588 712 1245 810 schaft der Donaustaaten
585 783 1375 861 innsummmmninummnenmnimunnmmmmmmmmmmmmmmmmmn
586 824 790 899 ——
594 925 784 989 Seite 4
555 1036 1453 1109 Bialik ein großartiger Sprecher und Redner,
543 1072 1379 1147 ein ungemein fesselnder Vortragender.
587 1107 1447 1184 Außerhalb Palästinas sprach er jiddisch.
545 1172 1459 1249 Der Meister der hebräischen Sprache prunkte
553 1225 1443 1284 nicht mit diesem Kleinod im Ringe der hi¬
545 1275 1447 1335 storischen Kette. In der Galuth-Sprache des
556 1306 1460 1390 Volkes sprach er zum Volke. Nicht be¬
551 1357 1455 1440 wundert wollte er werden, nur verstanden.
542 1411 1452 1482 Aber welch hohe Geistigkeit, welch Gedan¬
558 1462 1455 1518 kenreichtum erfüllten, welch wunderbare
541 1508 1456 1568 Bilder und Gleichnisse durchzogen den Fluß
542 1554 1457 1626 seiner Rede! Der Born, aus dem Bialik
555 1600 1453 1677 schöpfte, war die alte Kultur der Vergan¬
553 1637 1458 1730 genheit seines Volkes, sein eigenes Schaffen
548 1702 1465 1775 und Wirken, dem nun der Tod ein viel zu
553 1734 1453 1820 frühes Ende gesetzt, Mitweben an Gegen¬
561 1805 967 1879 wart und Zukunkt.
717 1901 1306 2008 Dor jaiom
603 1992 1468 2061 Wir sind ein armes und verwaistes Volk)
560 2016 1458 2094 geworden. Nicht mehr weilt unter uns der
554 2078 1463 2169 Seher und Worner der vielleicht als Ein¬
567 2118 1461 2194 ziger in unserer Zeit das tiefere Sein des
558 2174 1466 2256 Judentums begriffen und erschaut hat. Wie
567 2229 1461 2302 ein einsumer Fets ragte er über uns, über
560 2270 1458 2326 das Geschlecht der Zwerge, dus Großes und
563 2306 1459 2395 Heiliges in den Kot zerrt, blutlosen Schemen
561 2356 1466 2442 aber nachjagt. Nie mehr werden wir die
569 2405 1468 2477 warnende Stimme unseres jüdischen Volks¬
558 2460 1467 2539 gewissens zu hören vermeinen, ienn die so
562 2490 1466 2577 hochaufsteigenden Wogen des Bruderhasses!
565 2545 1468 2637 und der Verblendung unsere Augen trüb
558 2590 1466 2668 und unser Herz vers ockt machen werden.
556 2652 1475 2720 Wir werden es nicht mehr nötig haben, von
557 2693 1472 2772 Zeit zu Zeit aufzuhorchen und beschämt
563 2743 1470 2807 eine Welle innezuhalten, wenn von Bialiks
567 2785 1463 2862 Munde herbe Worte fallen, Worte aus
555 2835 1463 2910 großem Schmers und großer Liebe zugleich
560 2896 1469 2962 geboren. Jetzt kann in der jüdischen Gasse
561 2917 1474 2999 ungestraft und ungehindert der schaurige
564 2958 1476 3065 Tanz aller bösen Geister fortgeführt wer¬
558 3030 1475 3089 den. Giftige Federn können nun weiter!
564 3070 1483 3143 käßliche Galle gegen andersdenkende Brü¬
563 3128 1471 3191 der spriizen. Kleinliche Rachesucht, eng¬
570 3161 1472 3231 stinige Demagogie, Mangel an Reife und
563 3212 1467 3286 Verantwortung werden zügellos auf unseren
570 3261 1468 3333 Versammlungen und Tagungen weiter
561 3304 1473 3387 toben und walten. Nur munter weiter zer¬
558 3355 1470 3440 setzen, spalien und sprengen, nur munter
562 3419 1474 3492 weiter verfälschen und verwässern unser
562 3447 1461 3519 zionistisches Ideal! Wer wird denn heute
573 3492 1471 3584 noch der Reinheit und Ganzheit unserer Be¬
573 3537 1468 3607 strebungen ein Wort zu sprechen wagen?
561 3589 1480 3658 Die Verknöcherten von links, die Propheten
569 3641 1478 3710 der „Abrechnung“ von rechts, etwa die
574 3678 1472 3752 Zaghaften und Unschlüssigen aus den übri¬
572 3739 1482 3807 gen Lagern? Verstummt ist Bialik, ver¬
571 3771 1483 3849 stummt sind die Lippen, die zu trösten und
569 3822 1469 3899 aufzurichten, aber auch unbarmherzig zu
574 3874 1477 3947 geißeln wußten. Dor jatom. Ein Gefühl der
581 3907 1476 3981 Verlassenheit und der Verwaisung über¬
578 3968 1476 4040 kommt uns. Wir besitzen keine zentrale’ Per¬
580 4022 1473 4071 sönlichkeit mehr, keinen ungekrönten
572 4063 1458 4127 Führer, der allen Volksteilen gleich teuer,
578 4118 1459 4175 von allen gleich anerkannt wäre. Was soll
2167 906 2357 982 Die STIN
1486 1069 2148 1153 Chaim Nachmann Bialiks:
1938 1077 2714 1258 An das Vöglein!
2860 1157 3135 1260 El Hastper“)
2309 1238 3138 1308 Die ich pflanzte die Blumen, sag’, sind
1490 1239 2306 1312 Sei gegrüßt mir am Fenster, lieb Vöglein
2780 1292 3141 1357 sie schon werk,
2214 1282 2326 1383 6u,
2302 1328 3100 1415 Wie ich selbst, ach, welkend verbfüht?
1494 1339 2216 1410 Wieder heim au. sonnigem Land.
1504 1405 3140 1472 Wie bangt ich nach deiner Stimme süß, (Noch denk ich's, da ich gleick ihnen
2972 1438 3141 1514 spraß,
1488 1452 2252 1527 Da Winters mit dir sie entschuind!
2301 1457 3052 1567 Doch jetzt bin ich greise unc mück.
1486 1498 2292 1583 Teures Vöglein, sing und sage mir an,
1502 1573 2292 1632 Von den Wundern des Landes 80 weit,
2307 1555 3204 1666 Was flüstert geheim von Strauck zu
1498 1612 2304 1683 Ob auch dort im schönen, im sonnigen
2940 1628 3140 1710 Strauch
2175 1669 2311 1747 Land
2312 1650 3067 1747 Und was raunen die Blätter dir zu?
1500 1711 2163 1797 Sich häufen Unglück und Leid!
2315 1725 3142 1810 Sag’, künden sie Trest und karren sie
3199 1758 3326 1819 wurde.
3004 1776 3146 1847 auch
1514 1766 2325 1869 Sag’, bringst von den Brüdern, so jerne,
3159 1807 3315 1869 der
2135 1796 2899 1909 30 nak. Der Erfüllung, Vögelein du?
3200 1858 3247 1917 H
1501 1880 2138 1950 Aus Zion du Gruß übers Meer?
1500 1924 3131 1999 Die Glücklichen, ach, sie wissen icht Weine Brüder, die Ihr in Trünen gesät,
2165 1969 3023 2043 kaum, Sollt ernten die Garben voll Lust.
1494 2005 3134 2108 Was mich drückt, ach, drückt an Be-[Gebt Schwingen mir, in mein Land ##
2964 2058 3151 2131 Rien'n
2130 2081 2327 2158 schwer!
2322 2091 3057 2201 Zu der Mandeln, der Palmen Brust:
3185 2157 3255 2209 90
1505 2133 2317 2234 Sag', wissen sie, wie der Beschldigter
3194 2199 3261 2251 tio
2196 2191 3168 2287 Zorn Und was sag' ich dir, lieb Vögelein du
3190 2248 3283 2304 der
1497 2256 3003 2310 Mich in steigenden Flammen umsprüht? Was hoffst du zu hören von mir?
3183 2296 3295 2363 sank
1503 2285 3115 2371 Sing', Vöglein, Wunder mir; sing' von Nicht Lieder tönen aus eisigem Land,
3183 2348 3252 2414 no
2075 2353 2954 2406 dem Land, Nur Klagen und Seufzer kier.
2327 2389 3154 2481 Soll vom Leid ich erzählen, das längst
1496 2396 2149 2485 Wo eiriger Frühling uns blüht!
3175 2442 3243 2504 b4
2864 2452 3148 2515 dir bekannt,
3181 2487 3248 2557 26
1499 2469 2998 2559 Sag', bringt dein Gesang mir Grüße vom Da das Leben mich herverweht,
3284 2489 3335 2587 7
2169 2553 3160 2633 Land,IVon dem Leid, ohne Zahl, das mich jüh
3183 2576 3350 2653 für de
1504 2573 2254 2649 Aus dem Tal, von den Bergen herabt
2877 2573 3158 2672 übermannt,
3181 2626 3349 2705 des K
1504 2625 2292 2695 Hat Gott sich Zions tröstend erbarmt,
2325 2622 3054 2728 Vom Leid, das da kommt und gehtt
3194 2671 3339 2751 schon
1514 2678 2332 2768 Liegt verlassen es noch wie ein Grab?
3188 2726 3316 2794 sind
2328 2723 3106 2800 Fort, Vöglein, fliek’ deinen Bergen zu,
3188 2765 3316 2838 punkt
1506 2733 2339 2858 Wächst in Sc ons Tal und am Weik¬
2100 2790 3098 2883 rauchberg Wohl dir, läßt mein Zelt du zurück!
3202 2819 3257 2876 de
2319 2830 3158 2912 Denn bliebest du hier, auch Singvöglein
3191 2875 3234 2934 4
1509 2849 2307 2932 Noch der Murrhen, der Narden Pracht?
1509 2923 2287 2992 Ist der Wälder Greis, Vater Libanon,
2315 2929 3056 2995 Beweintest gor keiß mein Geschick.
1507 2968 2264 3051 Aus dem tiefen Schlummer erwacht?
2338 2975 3165 3063 Doch nicht Weinen und Tränen machen
2954 3030 3161 3098 gesund,
1503 3031 2326 3139 Und auf Hermon herab fällt wie Perien
2330 3070 3021 3149 Nicht heilen sie meinen Schmerz,
2129 3094 2318 3159 der Tau
2338 3118 3160 3208 Mein Aug’ ist schon trüb und der Tränen
1504 3125 2289 3222 Oder füllt er gleich Tränen zugrund?
3015 3173 3162 3240 satt,
1511 3190 2322 3285 Und wie steht’s mit des Jordans lauterem
2332 3210 3072 3308 Gleich Gras ist zertreten mein Herz.
2194 3248 2328 3309 Nap,
1512 3280 2307 3382 Mit den Bergen, den Hügeln im Rund?
2326 3307 3164 3408 Jede Träne versiegt, Prophezelung ver¬
2952 3369 3160 3446 stummt,
1503 3374 2328 3448 Entwich von kinnen das dichte Gewölk
3177 3386 3252 3469 410
2329 3401 3060 3474 Meinem Leid kein Ende man sieht.
1521 3434 2164 3495 Und der finstere Nebel zerstob?
2342 3453 3153 3552 Sei gegrüßt, daß du heimkehrst, lieb
1517 3483 2330 3555 Sing', Vöglein, vom Land, das den
3185 3487 3236 3538 D
2864 3508 3160 3596 Vögelein du,
2054 3523 2329 3605 Vätern mein,
2329 3538 3017 3651 Du, singe schmetternd dein Lied!
1521 3546 2082 3652 So Leben wie Sterben wob.
1582 3620 3075 3731 (Aus dem Hebrdischen übersetst von Dr. E. M. Zweig, Jerusalem.)
3182 3724 3333 3785 dung
3202 3753 3351 3828 versche
3189 3814 3347 3880 Man
1549 3792 3136 3931 Grundsteinlegung von Kirjat Bialik
3192 3865 3356 3928 wird
3197 3914 3352 3970 neue
1935 3887 2709 3996 Von unserem Spezialberichterstatter.
3203 3956 3356 4018 jemeth
1491 3987 3192 4059 Auf der Riesenfläche, welche der Keren Stelle des erkrankten Gründers und Vor¬
1468 4008 3364 4107 Kajemeth zwischen Haifa und Akko vor stehers der Siedlung Herrn Kurt Ruppin 1500
1470 4054 3354 4150 Jahren fürsorglich erworben hat, wurde be-und verkündete den Beschluß, die Siedlung Sierung
1731 4102 3364 4186 von Süd nach Nord fort-I nach dem verewigten Volksdichter Kirjat Direkto
1467 4145 1687 4215 kanntlich
