3392 4320
3061 115 3172 197 e
433 116 1316 190 een en eenenn en en e
1302 152 3068 220 Hella Harwaj. Erna Baldim, Lill Core, Marietta Schön. Erna Ernelli
3059 178 3224 242 über A
416 170 1320 238 Doch Schnitzler ist dieser Zeit abhanden
3071 221 3158 276 die
420 227 1321 303 gekommen, er liegt außerhalb ihrer
2395 209 2958 363 Ha-de-L
2237 277 2371 369 im
1293 288 1712 377 Von 9 Uhr abends
1283 333 1650 403 bis 4 Uhr frühl
2301 335 3044 415 Stadttheatergebäude, VIII. Daungasse
929 512 1028 601 3
800 471 905 623 K
3067 573 3123 619 ni
1350 523 2326 653 Die unbekannte
2331 503 3025 662 Universität
3063 602 3254 670 Ubrigen
3070 659 3239 718 faches
1323 637 3069 730 Mayer und Fuchs heißen zumeist die großenghatte, gibt übrigens ihrer Vermutung Aus¬
3065 699 3245 754 allen A
1299 712 3069 768 Unbekannten, auf die sich Rechtsbrecher in druck, daß der Herr Doktor ihren benomme¬
3072 740 3255 807 Allerdi
1293 762 2197 822 ihrer Verantwortung berufen; man sucht nach
2200 762 3072 815 nen Zustand nicht ausschließlich zu medizi¬
3069 786 3246 861 findung
1296 808 2193 875 den Entlastungszeugen und muß schließlich
2196 808 3079 879 nischen Zwecken herbeigerührt hätte. Beweise
3098 831 3198 886 Der
1293 853 2204 908 feststellen, daß ein Mayer und ein Fuchs in
2202 854 3071 914 konnte sie nicht liefern, so daß die Staats¬
3064 864 3144 928 Ka
1306 900 2203 973 Wien unauffindbar sind. Die Akten des Lan¬
2200 903 3080 963 anwaltschaft diesbezüglich das gegen Peßler
1309 953 2196 1020 desgerichtes über die „großen Unbekannten“
2194 957 3056 1025 eingeleitete Strafverfahren einstellen mußte.
2224 985 3079 1059 Eines Tages kam man darauf, daß Dr. Peß¬
1292 991 2203 1065 haben nun eine Bereicherung um eine sehr
3080 869 3215 1057 dn0
3076 1042 3256 1102 Schrän
1292 1047 3083 1114 geheimnisvolle Institution bekommen: um die ilers Doktordiplom gefälscht sein müsse, denn
3074 1092 3240 1152 mit Sei
2198 1094 3071 1154 weder an der Wiener, noch an einer anderen
1307 1078 2194 1172 unbekannte Universität, die man nirgends
3077 1132 3257 1198 der Sch
1304 1142 1530 1214 findet
2182 1155 3079 1208 deutschen Universität hat man einen Herrn
2196 1197 3083 1257 Ivo Peßler zum Doktor der Medizin promo¬
1328 1186 2201 1263 Vor dem Schöffensenat Dr. Seiter steht
3076 1212 3205 1285 0%
758 1217 871 1299 K
2200 1246 3087 1299 viert. Peßler, zum Nachweis seines akademi¬
1285 1249 2196 1301 Theute unter Anklage des Betruges und
2200 1291 3028 1359 schen Titels aufgefordert, erklärte, er sei
1303 1300 2197 1357 der Kurpfuscherei: Herr Ivo Peßler
406 1287 1306 1357 Wünsche und Interessen, ihrer Forderungen
2219 1344 3070 1411 an einer Universität, die er nicht nennen
1315 1343 2209 1410 aus Linz, 49 Jahre alt, Doktor der Universi¬
411 1349 1308 1403 und Stürme, Arthur Schnitzler zählt zu den
410 1386 1307 1449 liebwertesten Menschen von gestern. Seine
1312 1392 2209 1459 tät X. Die Anklage vertritt Staatsanwalt Dr.
2579 1391 2711 1456 will,
416 1436 1310 1497 Menschen, wie er sie geliebt und geschrie¬
1304 1443 2198 1508 Sabaditsch, der Angeklagte wird von
2199 1435 3100 1523 zum Doktor promoviert worden; das Diplom
407 1477 1312 1530 ben, sind grau geworden. Aus einer anderen
1306 1490 2018 1561 Dr. Clementine Bloch verteidigt.
2194 1504 3095 1553 wollte er nicht vorweisen. Bei der Anmeldung
411 1523 1319 1591 Zeit kommen sie manchmal in diese heutige
1336 1541 2202 1608 Peßler übte die ärztliche Praxis in seiner
2199 1545 3082 1605 seiner Praxis hatte er Abschriften dieses an¬
3072 1546 3274 1633 Klepu#
408 1557 1317 1624 und sie gehen hier ein wenig fremd umher,
1314 1578 2201 1649 Wiener Wohnung aus und war auch Hospitant
2200 1593 3083 1660 geblichen Diploms der Universität X vor¬
405 1610 1310 1680 mit großen und verwunderten Augen,
1314 1647 2190 1707 im Sophienspital und im Wilhelminenspital
2201 1633 3091 1717 gewiesen und die nunmehr gegen ihn erhobene
409 1660 1307 1710 denn die Zeit ihrer Abendstunden, ihrer
1307 1695 2205 1746 sowie in Vertretung erkrankter Arzte in Kor¬
2192 1697 3086 1753 Anklage besagt: Peßler hat der niederöster¬
407 1696 1312 1756 zärtlichen Gespräche, ihrer Art, Frauen zu
1308 1740 2195 1810 neuburg und in Schönau an der Triestin tätig.
2190 1735 3102 1805 reichischen Arztekammer sowie der Bezirks¬
413 1740 1308 1801 erkennen und zu rufen, ihres Eine-Liebe¬
415 1791 1239 1850 beginnen und sie beenden, sind vorbei
1307 1792 2127 1855 Seine Spezialität waren Narkotisierungen.
2180 1779 3088 1852 hauptmannschaft Baden zweifellos ein ge¬
444 1814 1321 1892 Dahin. Verweht. Das waren Lisblings¬
1336 1836 2867 1893 Eine Frau, die er in der Narkose behandelt fälschtes Dokument vorgewiesen.
417 1877 1318 1927 worte Arthur Schnitzlers, der bis in seine
415 1913 1323 1972 letzten Jahre Vergangenheitsmenschen
416 1967 1317 2022 zeichnete, weil er keine anderen kannte
412 2001 1324 2061 und keine anderen kennen wollte. Er lebte
417 2049 1322 2120 in der müden Sphäre eines glücklichen Vor¬
1316 1957 3097 2129 Clrartig Gaudriôt kam, spielte und siegtel
413 2090 1325 2173 kriegs-Österreich, das sein dichterisches
417 2142 1311 2198 Reich gewesen. Noch sieht man seinen
1318 2134 2356 2226 Abende voll Stimmung und Begeisterung im
415 2183 1323 2241 nachdenklich-feschen Leutnant Gustl auf
2604 2200 3016 2295 PALMHO
2298 2157 2507 2295 HAU
414 2224 1330 2291 der Praterbank sitzen, aus dem Volksgarten
2281 2275 3098 2345 XV., MARIAHILFERSTRASSE 135
413 2261 1339 2345 kommt die Christine und die Schlager Mizzi
403 2313 1322 2367 spaziert durch die Winkelgassen der Josef¬
418 2358 1330 2434 stadt, um irgendwo bei einem netten Nacht¬
404 2399 862 2466 mahl dabei zu sein.
466 2444 1318 2502 Wie weit ist das alles von der Sachlich
1305 2414 3103 2555 Das Geheimnis um den Wunderschlüssel
412 2487 1317 2554 keit und Schärfe des Radio und Flugzeug¬
416 2541 1325 2592 Heute, in dem die Anatol-Empfindsamkeit,
1336 2550 3113 2631 Im Bankhaus Gebrüder Kanitz wurde, prüfung ablegen und vor drei Jahren sein
413 2584 1324 2641 Liebelei und Liebe von Schnitzlers Abge¬
1318 2619 2205 2668 wie berichtet, ein Einbruch verübt. Man
2199 2617 3097 2689 Patent anmelden konnte. Seither aber ar¬
409 2621 1328 2694 sandten nach vergilbten Seidenbänlern
2197 2660 3112 2726 beitet er am Ausbau seines Sperrsystems,
414 2649 2219 2722 riechen. Die Beziehungen der Menschen vermutet, daß ein Schränker mit dem
2199 2695 3107 2763 durchaus nicht zur Freude verschiedener
406 2709 2204 2768 haben sich verändert, Leidenschaft findet „Wunderschlüssel“ die Türen und das Prä¬
2200 2749 3105 2818 Unternehmer die behaupten, Bierhaus habe
407 2746 2202 2824 andere Deutungen, seit mehr getan und zisionsschloß des Safes geöffnet hat. Dieser
2193 2793 3097 2838 durch seine Erfindung der Schlosserei mehr
419 2790 2207 2863 weniger gedacht wird, der ganze Zärtlich- Schlüssel, der alle Schlösser sperrt und von
2192 2835 3100 2910 geschadet als genützt, denn er habe das
1310 2842 2204 2896 dem man nun zum zweiten Male in der Kri¬
415 2856 1323 2904 keitsbetrieb der Schnitzler-Welt ist ins
3076 2859 3201 2924 Der
2200 2869 2984 2949 „Vertrauen zum Schloß“ erschüttert.
1316 2893 2203 2944 minalgeschichte hört, ist die Konstruktion
415 2883 1310 2949 Wanken geraten, keine Komödic der Worte
3083 2908 3281 2971 Künstler
2238 2907 3083 2981 Tatsächlich kann man manchem Schloß
1318 2930 2204 2987 eines jungen Wiener Schlossermeisters, der
410 2938 1315 2996 mehr, kein Spiel der Sinne, keine melan¬
3084 2953 3281 3027 spiel an
1339 2976 2138 3022 — österreichisches Erfinderschicksal
2202 2971 3092 3028 kaum mehr trauen, wenn man sieht, wie der
412 2986 1313 3050 cholisch geflüsterten Sätze an Straßenecken
2198 3018 3089 3077 Mann mit ein paar unscheirbaren Silber¬
1317 3013 2211 3073 draußen an der Grenze von Hernals und
416 3025 1321 3086 im fallenden Schnee. Nur Unruhe, Haß,
2200 3057 3101 3117 stahlstiften komplizierte, erst vor wenigen
3080 3035 3268 3124 Vortrag
1313 3062 2207 3116 Ottakring in seiner bescheidenen Werkstätte
412 3074 1335 3128 mörderischer Lebenskampf, Stimmungen und
2211 3091 3091 3155 Wochen unter vielen Versprechungen erwor¬
3109 3103 3244 3159 Im R
1307 3101 2211 3161 seit Jahren einen oft vergeblichen Kampf
409 3117 1314 3190 Tatsachen, denen Schnitzlers Werk fern
3079 3143 3276 3201 der Wen
1318 3144 3088 3220 um die Anerkennung seiner Erfindung führt.bene Schlösser in wenigen Sekunden auf¬
408 3160 726 3234 geblieben ist.
3087 3183 3277 3250 Dr. Ke
2205 3191 3089 3248 schließt und erzählt, daß er das Werkzeug,
1342 3177 2218 3254 Die Fachleute, die Schlosser und Schloß¬
464 3193 1337 3269 Er ist der Dichter sanfter Deutungen in
3079 3213 3266 3273 an der
2209 3217 3086 3287 seinen patentierten „Sperrapparat“ an 800
1315 3228 2209 3290 fabrikanten allerdings, kennen Josef Bier¬
414 3247 1315 3304 Menschenkreisen um Neunzehnhundert, er
3083 3252 3274 3317 Galileiga
2205 3277 3088 3323 Schlosser verkauft hat, die nun ebenso
1314 3276 2212 3350 haus und seinen „Aufsperrdienst“ der sich
415 3301 1320 3365 hat eine Reihe unvergeßlicher österreichi¬
3092 3291 3279 3361 Welewirt
2202 3311 3089 3388 leicht versperrte Lokale öfnen und jede
1315 3313 2202 3382 im Fachregister des Telephonbuches rühmt,
3082 3336 3276 3406 hörern
417 3347 1322 3404 scher Menschen gedichtet, kleine und große,
2973 3363 3090 3418 Die
2204 3348 2967 3425 sichtbare Spur wieder schließen.
1319 3373 2209 3426 sämtliche Patentschlösser zu öffnen. Auch
428 3384 1322 3440 Gelehrte, Kapellmeister, Fürsten, Arzte,
3088 3389 3265 3459 Vortrag
2203 3382 3094 3471 neuesten Vervollkommnungen seiner Werk¬
1316 3419 2206 3471 bei der Polizei und bei den Gerichten weiß
414 3415 1323 3489 Schriftsteller. Mit besonderer Vorliebe gei¬
3099 3442 3268 3508 Morgen
2207 3440 2890 3514 zeuge allerdings hält er geheim.
1315 3461 2212 3521 man von dem Schlosser, der schon zu Vor¬
409 3465 1314 3528 stige Berufe, denn sie konnte er die echten
3090 3466 3259 3536 Otto M
1323 3494 2217 3568 trägen eingeladen und zu wichtigen Amts¬
425 3514 1319 3568 Schnitzler-Sätze sprechen lassen, diese schö¬
3093 3514 3276 3574 Wien-Vo
2340 3507 2946 3599 Die drei Schloßarten
1323 3552 1897 3616 handlungen gerufen wurde.
423 3557 1321 3630 nen, elegischen Nachdenklichkeiten, die
3085 3563 3279 3619 Gehirnes
2239 3577 3080 3653 Bierhaus erkennt allerdings an, daß es
3082 3593 3279 3660 bis S 1.
427 3598 1338 3665 immer zwischen Tod und Leben standen,
1378 3602 2159 3688 Eine abenteuerliche Karriere
3078 3635 3279 3705 XVI., Li
2203 3644 3089 3693 moderne Schlösser gibt, die auch seiner
421 3646 1340 3715 voll Schwermut und im Glanz der österrei¬
1356 3669 2204 3732 Vosef Bierhaus hat sich trotz seiner
2200 3683 3090 3735 Meisterschaft widerstehen. Aber die Mehr¬
420 3689 780 3758 chischen Natur.
3076 3686 3282 3769 „Geldkrig
2211 3727 3094 3784 zahl der Verschlüsse kann sein Werkzeug
461 3714 2211 3774 Diese Natur hat Arthur Schnitzler ge- Jügend, er ist kaum dreißig Jahre alt, schon
3113 3742 3276 3804 ein Vo
2200 3766 2542 3841 mühelos öffnen.
1330 3765 2210 3825 in einer Reihe von Berufen betätigt.
433 3767 1324 3840 liebt mit einer stärkeren Neigung als mancher
3076 3778 3267 3841 ler a. D
2236 3799 3084 3870 Er unterscheidet drei Kategorier von
1323 3813 2217 3866 Schlosserlehrling, Bassinaufseher am Gänse¬
3084 3819 3267 3876 nerstag
430 3820 1331 3891 derer, die pathetisch Berg. Wiese und Halm
2211 3848 3087 3908 Schlössern: Tosische- Doppelbart- und
1322 3857 2198 3914 bäufel, Lokomotivheizer und manches andere
3089 3855 3280 3918 Mittlerend
430 3856 1338 3934 lyrisch bekränzen. Der Sommerhaidenweg
422 3903 3272 3963 wurde ihm zur schmerzlich-einsamen Land-Tist er gewesen, ehe er mit finanzieller Unter- Zylinderschlösser. Für jedes hat er sein be-allen Ze
433 3930 3273 4030 schaft des Spaziergängers, der aus gesell-Istützung der Handelskammer s##ne Moister- stimmtes Werkzeug, aber auch die vierte ihre Urs
