3392 4320
480 447 1758 502 Blick, mit dem Schnitzler seine Gestalten betrachtet, verrät den
491 492 1759 540 Mediziner und Psychologen. Spricht man mit ihm selbst über
488 538 1758 603 sie, dann hat man weniger den Eindruck, ihrem Schöpfer gegen¬
486 600 1751 655 überzusitzen als ihrem hausarzt, der ihr Leben bis in die ge¬
487 639 1768 693 heimsten Einzelheiten ihrer Konstitution kennt, ihr Seelisches
493 701 1760 753 „perkutiert“ und ihren Daseinsäußerungen mit all ihren
490 749 1771 804 Krisen und ihren Gefühlserkrankungen mit um so viel
485 800 1758 849 größerem Interesse folgt, je eigenwilliger, oft durchaus gegen
494 852 1760 899 die ursprüngliche Intention des Dichters, sie sich ihre beson¬
489 904 1769 944 dere Existenz erzwungen haben ... und ihrer eigenen Knamnese
484 939 1769 1006 scheint er sehr mißtrauisch gegenüberzustehen. Und nicht zuletzt
483 999 1772 1047 spricht für Schnitzlers Liebe und Zugehörigkeit zum Krztestand
490 1036 1760 1091 und für sein eindringendes Verständnis für all die verschie¬
478 1082 1761 1135 denen Typen und Abwandlungen innerhalb dieser Berufs¬
483 1128 1764 1194 erscheinungen die erlesene Galerie von Doktorenköpfen in
495 1183 1761 1246 seinen Dramen und Novellen. Wobei von dem eigentlichen
494 1234 1764 1302 ärzte- und Meisterstück, dem „Drofessor Bernhardi“ gar nicht
489 1295 1759 1349 gesprochen werden soll, das nur ein Angehöriger dieses Standes
492 1343 1754 1402 zu schreiben vermochte: in seiner Gesinnung und dem Hoch¬
494 1391 1762 1450 halten der wahren Uission, der Pflichten und der verant¬
494 1432 1763 1488 wortungsvollen Menschlichkeit des echten Arztes ebenso wie
483 1481 1764 1524 in der köstlichen Darstellung einer ganzen Uenagerie von so¬
494 1532 1774 1595 genannten heilkünstlern, die innerlich nicht das mindeste Be¬
486 1581 1763 1628 rufensein fühlen und mit dem „geborenen“ Arzt nicht das ge¬
496 1639 1764 1688 ringste gemein haben: aber gegen diese geschlossene Reihe von
483 1689 1766 1736 Ignorantentum, von Neid und Borniertheit, von Protektions¬
485 1739 1766 1786 wesen und politischem Konjunkturrittertum, von geschäftiger
494 1782 1774 1840 Titels- und Ordensjägerei, von Strebertum und von egoistisch
485 1831 1776 1891 irregeleiteter, wirklicher Begabung, der sich schließlich noch der
489 1874 1773 1927 drollig-erbärmliche Typus der „selbstlosen Gemeinheit“ gesellt,
487 1934 1773 1982 heben sich die Erscheinungen edler ärztlicher Geistigkeit, auch
497 1986 1775 2031 die schrullenhaften und orthodox gelehrten unter ihnen, um so
489 2026 1777 2077 heller ab. Ist schon diese prachtvolle Komödie in ihrer haltung
492 2084 1776 2131 und Denkungsart ein zwingender Beweis für die unlösbare
490 2125 1769 2178 Verbindung von Arzt und Dichter in Schnitzlers Wesen, so ist
484 2167 1769 2220 vielleicht die Sympathie und die tiefblickende Erkenntnis ein
495 2227 1768 2282 noch stärkerer, mit der er die vielen ärztegestalten in seinen
496 2263 1784 2337 Stücken hingestellt hat. Fast in jedem tritt ein Arzt auf, nicht
497 2316 1763 2374 immer in Ausübung seines Berufs, aber fast immer als wohl¬
498 2364 1771 2436 tätiger seelischer Berater und als ein innerlich reinlicher, jedes
491 2420 1764 2476 guten Gefühls der Freundschaft und Liebe, aber auch des ehr¬
495 2473 1770 2525 lichen Verzichts fähiger, pflichtvoller Mensch. Die erste Gestalt
499 2522 1772 2572 dieser Art, die Schnitzler geschaffen hat, der Dr. Wellner im
497 2571 1769 2630 „Freiwild“ ist noch ein wenig indifferent und die nächste, der
493 2614 1767 2681 Dr. Ferdinand Schmidt im „Dermächtnis“ ist sogar ein gründ¬
498 2673 1770 2725 lich unangenehmer herr, subaltern, parvenühaft, lieblos und
498 2713 1770 2764 beschränkt (sehr im Gegensatz zu seinem anonymen Kollegen
487 2777 1773 2832 im 1. Akt des Stücks); aber so treffsicher er nach dem Leben
497 2812 1775 2865 gezeichnet sein mag — er bleibt eine Ausnahme in des Dichters
498 2862 1778 2924 Gesamtwerk. Uan denke an Erscheinungen wie den Dr. Reu¬
498 2906 1778 2973 mann im „Einsamen Weg“ — dieser einzig schönen Elegie vom
496 2959 1776 3020 Altern und vom unfruchtbaren Leben des artistisch Selbst¬
497 3010 1774 3069 süchtigen und den Dr. Mauer im „weiten Land“, die
497 3057 1775 3126 geradezu die Repräsentanten der vornehmen Empfindung und
501 3108 1771 3168 feiner Rechtschaffenheit sind; an die menschliche Uoblesse des
499 3159 1768 3219 Professors in der „Gefährtin“ (freilich auch an den Opportunis¬
497 3212 1781 3272 mus, die Schäbigkeit und die moralische Minderwertigkeit der
500 3256 1775 3321 drei anderen Mediziner in diesem Einakter); denke an die an¬
499 3318 1769 3367 ziehenden beiden jüdischen ärzte in dem Roman „Der Weg ins
486 3358 1777 3400 Freie“ an den bei aller geistigen Enge famosen Dr. Tann¬
494 3406 1771 3466 schlöger in „Die letzten Masken“, den phantastisch skurrilen
491 3448 1782 3524 Dr. Büdinger und den schmiegsam gescheiten, bei aller behut¬
502 3516 1772 3569 samen Diplomatie doch teilnehmend fürsorglichen herzoglichen
487 3570 1775 3614 Leibarzt Assalagny in der wundervollsten Legende des Wiener¬
494 3600 1780 3665 tums, dem „jungen Uedardus“ vor allem aber, neben einer
502 3647 1781 3730 stattlichen Anzahl anderer, wie z. B. dem großen Paracelsus
504 3715 1774 3766 und seinem possierlich-ärgerlichen Widerspiel, dem dünkelhaften
502 3749 1776 3802 und aufgeblasenen Stadtarzt Copus, an die unendlich liebreiche
501 3812 1784 3865 und stille, allem Menschlichen verstehend bereite, kluge und
502 3977 623 4057 14
2156 124 2295 177 —
1778 441 3059 501 ernste Arztensgestalt im „Ruf des Lebens“ der ergreifenden
1781 489 3062 546 Romanze vom mißverstandenen Dasein. Sie alle leben und
1779 533 3058 591 atmen. Weil sie von einem Wissenden und Liebenden geformt
1780 588 3059 638 und ans Licht gerufen worden sind, der es immer wieder ein¬
1790 631 3052 695 bekannt hat, daß er im herzen seines herzens niemals auf¬
1789 688 2343 747 gehört habe, Arzt zu sein.
1815 724 3063 776 Uur der Arzt seiner Zeit hat Arthur Schnitzler nie sein
1786 791 3056 846 wollen, ich sagte es schon. Lieber als den zufälligen Fieber¬
1780 825 3053 887 erscheinungen einer vorübergehenden Epoche hat er sich in
1783 873 3045 934 seiner anmutvoll leisen und vergeistigenden, schmerzlich lächeln¬
1785 931 3063 980 den, niemals heftigen, aggressiven, grimmig zuschlagenden oder
1789 979 3061 1033 gar brutal lärmenden Art den ewigen Fragen der Uenschheit,
1779 1019 3061 1080 der Liebe und dem Tode, der Unsicherheit aller Beziehungen,
1787 1071 3056 1129 den Droblemen der Derantwortung und der Zusammenhänge
1785 1123 3064 1182 des Daseins hingegeben. keiner hat die Verzweiflungen des
1780 1188 3063 1228 Alterns, die Magie des Traums (noch vor Sigmund Freud),
1779 1220 3061 1269 des spielerisch fälschenden Worts und der Abgründigkeiten der
1782 1279 3060 1331 Liebe, keiner die Unbeständigkeiten aller Gemeinschaft, die
1778 1313 3066 1369 Komödien der Eitelkeit, den Humor der Sexualtierchen, das Er¬
1780 1365 3059 1413 bitternde und Erheiternde aller menschlichen Erbärmlichkeit,
1792 1415 3072 1475 das ganze Karussell der konventionellen Verlogenheiten mit
1790 1474 3073 1533 solcher faszinierender Uleisterschaft, so verführerisch schwerelos
1789 1515 3072 1568 und in schimmernder Gedankenfülle dargestellt und in die reiz¬
1790 1584 3065 1628 voll glitzernden Schleier einer berückenden Wortkunst gehüllt.
1782 1632 3063 1670 Darüber hinaus bleibt die „Liebelei“ das rührendste Dolkslied
1796 1673 3076 1732 von junger Frauenliebe und männlicher Ahnungslosigkeit, der
1787 1724 3062 1773 „Reigen“ einfach ein Ewigkeitswerk in seiner tiefsinnigen
1792 1773 3063 1829 Komik, in der einzigartigen Kraft, mit der das Belustigende
1794 1808 3069 1869 und dabei Deprimierende des bloßen Geschlechtssports geradezu
1793 1859 3064 1916 erschütternd in all seinen erheiternd animalischen, gefühls¬
1791 1916 3074 1973 leeren Darianten abgewandelt und in die höchste Humorsphäre
1791 1960 3065 2035 gehoben wird; der „Leutnant Gustl“ ein unvergängliches Denk¬
1795 2009 3069 2077 mal eines verstorbenen Militarismus und seines unmensch¬
1795 2067 3078 2122 lichen Ehrenkodex ... und wer von Ueisterstücken wie dem
1800 2105 3072 2172 „blinden Geronimo“ oder „Casanovas Heimfahrt" oder „Fräu¬
1795 2153 3063 2219 lein Else“ oder der vorhin in anderem Zusammenhang ge¬
1801 2196 3073 2267 nannten Standardwerke zurückblickt bis zum „Anatol“ mit
1796 2259 3066 2318 dem er jahrelang etikettiert worden ist und dessen Figur nebst
1785 2299 3072 2364 der des „süßen“ Mädels man immer wieder von ihm verlangt
1793 2363 3076 2409 hat, und zu den Schilderungen der Wiener Gesellschaft (oder
1796 2399 3074 2455 richtiger: eines bestimmten Segments dieser Sphäre), dann
1796 2447 3068 2504 wird man sich dessen bewußt, daß auch sie geistig weit über ihre
1794 2500 3078 2568 Stofflichkeit einer engen, reizvoll erbitternden Sport- und
1790 2559 3070 2608 Flirtmenschheit hinaus in absonderliche Gedankenreiche
1799 2597 3062 2664 dringen. Wie hoch und in welche Fernen, spürt man am deut¬
1797 2647 3070 2703 lichsten, wenn man sein tiefgreifendes, einfallsreich unter¬
1798 2695 3073 2760 haltsames „Buch der Sprüche und Bedenken“ durchblättert: es
1798 2744 3076 2804 enthält die Weisheit eines ganzen Lebens, ist Resultat und
1801 2803 2373 2857 Ausblick ins Freie zugleich.
1836 2825 3071 2914 In seinen letzten Werken ist Arthur Schnitzler anders. Er
1797 2909 3080 2959 ist reif und illusionslos geworden. Alles wird ihm zum schönen
1794 2957 3071 3009 oder tragikomischen Spiel; er entblättert die ererbten pathe¬
1791 2995 3075 3050 tischen Begriffe, vor allem die der Treue und der Überzeugung,
1798 3046 3069 3107 ihrer falschen Bedeutsamkeit. Er erkennt die Gewichtlosigkeit
1794 3085 3068 3146 der vermeintlichen Wichtigkeiten, löst mit ruhiger hand eine
1793 3150 3070 3201 Maske der Gesittung nach der anderen, in leise spöttischer Ver¬
1800 3184 3075 3258 achtung ohne haß, in der bewunderungswürdigen haltung
1801 3248 3084 3303 eines uneitlen, vom Ruhm nicht verdorbenen, gegen sich selbst
1795 3301 3081 3352 und sein Schaffen schonungslosen, durch keine Lockung und kein
1799 3339 3076 3395 Modeschlagwort zu verwirrenden, unbeirrbaren Meisters, der
1800 3386 3072 3455 eben darin allen Späteren zum Dorbild geworden ist und für
1798 3454 3065 3502 den alles Leben und Menschenschicksal die Schwere verloren hat.
1796 3484 3072 3561 Er ist selber zu einem Duppenspieler geworden ... wenn auch
1795 3544 3068 3607 zu einem anderen, dem letzten Sinn näheren, gütiger und
1797 3585 3071 3646 reicher der Welt aufgeschlossenen als der seines beziehungs¬
1791 3640 3072 3698 vollen, von dunkler und heller Erfahrung überwölkten Ein¬
1793 3698 3078 3747 akters. Und immer noch ist alles, was er schafft, voller Ge¬
1788 3740 3085 3805 stalt: mit dem Blick des Arztes geschaut, von der hand des
1782 3796 2170 3862 Dichters geformt.
