3392 4320
1022 102 1122 169 —
440 160 1327 218 wie hütten sie diesmal tanzen können? Wie
426 200 1172 280 hätten sie diesmal singen können? —
3103 251 3344 335 Nachdruck
1475 251 2135 344 Dr. Jakob Rosenthal:
1324 262 1459 360 5
470 285 1314 358 Wie ein Blitz war zehn Tage zuvor die
412 344 1317 406 Schreckensmeldung von Bialiks Tod auf das
418 397 1327 451 Eleine Land am Jordan niedergezuckt. Der
2301 335 2476 485 it
2481 327 3300 484 Chaim Nachn
2068 366 2220 503 19
1476 347 1942 502 Begegn
421 442 1316 509 Himmel schien blasser, die Welt teerer, der
1307 489 1452 557 M.
422 487 1309 545 kräftigste Baum gefällt. Seit Jahrhunderten
429 528 1324 607 hatte die Judennot nicht solch einen Sän¬
1459 548 3060 631 Der Wiener Aufenthalt Chaim Nachman Bialiks im Jahre 1932 wurde für alle. die
3044 562 3367 645 keine Arbeit h
417 588 757 652 ger gefunden.
1430 606 3064 682 mit dem Dichter in Berührung kamen, zum unvergeßlichen Erlebnis. In Gesprächen
3056 627 3366 703 „wohin mich
465 628 1323 692 Der Dickter war aller Freund geiesen.
1432 648 3055 718 und in Vorträgen offenbarte sich der starke Zauber dieser ungewöhnlichen Dicnter¬
3051 676 3361 730 der Aufschrei
424 685 1329 746 Es gab keinen, für den er nicht ein gutes
1430 700 1754 782 persönlichkeit.
3051 716 3362 784 hin?“ Für die
1466 716 3053 801 Die damals in Genf abgehaltene Abrüstungskonferenz nahm unser Redakteur wahr,
417 733 1329 801 Wort und klugen Rat hatte. Wo irgendio
3036 765 3361 837 gebiete erschl#
1424 783 2387 820 um den Dichter über diesen Punkt zu befragen.
426 776 1331 838 ein Zweifel war, hieß es: Fragt Biolik! Am
1472 799 3058 865 Die bei diesem Gespräch geäußerten Gedanken des Dichters seien, wiewohl der un¬
3049 811 3356 883 droht gerade
421 820 1334 900 Tag vor seiner Fahrt nach Wien erschien
1432 852 3054 911 mittelbare Anlaß hiezu fehlt, wegen ihres hohen pazifistischen Gehaltes, der großen
3046 858 3371 926 daß die unge
414 880 1330 941 er auf der Stadtverwaltung und bat, daß
1428 889 3062 954 geistigen Klarheit und jener Ethik, die Bialik so auszeichneten, hier noch einmal
3040 900 3365 979 gien in Verbit
1438 927 1864 1006 wiedergegeben. Red.
410 907 1340 997 Moses Levy aus Hejschischek die Lizenz
3037 942 3373 1028 Vergiftung de
412 965 1335 1044 bekomme, auf der Straße Eis verkaufen zu
2139 987 3365 1079 als Redner aufgetreten war, das Problem sich ziehen w#
410 1007 682 1099 dürfen
1448 1015 2137 1116 Bialik-Tage in Wien
2166 1055 3363 1123 der geistigen Krise des Judentums vonigend anbetrifft
1329 1103 3359 1177 Der Wiener Besuch Chaim Nachman heute in erschöpfender Weise bereits be-Teiner konstrul
454 1110 1316 1205 Nun sah man überall sein Bild, dieses
3048 1142 3376 1214 Lande gegeder
1309 1143 3054 1218 Bialiks war zu Ende und der Dichter handelt hatte, galt meine erste Frage den
415 1169 1305 1240 breite, gefurchte, gutartige Bauerngesicht.
3041 1203 3373 1265 fuhr der Dicht
1308 1197 3061 1262 nach Palästina abgereist. Dieselbe großelallgemeinen Eindrücken, die er von
412 1229 1307 1296 Nun las man überall seine Bücher, zum
3051 1240 3376 1310 unserem Paläst
1297 1234 3050 1320 Liebe und Verehrung, mit der Millio-Ider heutigen geistigen Situation Europas
418 1278 1305 1350 fünften- zum zehntenmal. Die Zeitungen er¬
3021 1272 3375 1366 streifen an der
1302 1292 2424 1359 nen Herzen überall dem Sänger ihrer Sehn-Imitnimmt.
421 1324 1311 1401 schienen mit Trauerrand. Man besuchte
1304 1339 2199 1416 sucht, dem Kämpfer um ihre Erfüllung ent¬
2220 1312 3345 1405 „Meiner bescheidenen Meinung nach“, be- Mceres, wird
409 1371 1304 1430 Trauerfeiern. Und es fragten die Kinder:
1302 1396 2189 1453 gegenschlugen, wurden ihm auch von dem
2174 1380 3375 1464 gann der Dichter, „bereiten sich in Europa arbeit gemacht
419 1424 1306 1479 „Jetzt wird es keine neuen Gedichte von
3048 1420 3354 1500 schichte des
1300 1426 2187 1494 Wiener Judentum entgegengebracht. In der
2188 1453 3054 1507 schor für die nächsten Monate mannigfache
408 1465 1306 1533 Uhm geben?“ Esther, Ori und Chansah sagten
3046 1463 3371 1539 schieht es, daß
1301 1485 2196 1548 Stadt Herzls und Chajes’ wurde Bialik
2181 1496 3057 1564 Anderungen politischer und wirtschaftlicher
417 1522 1308 1565 die hebrdischen Verslein auf, die ihnen so
3055 1528 3373 1593 friedlicher Arb
1301 1539 2185 1592 von allen Schichten des jüdischen
2184 1544 3057 1616 Natur vor. Denn die geistige, politische und
414 1564 1301 1637 geläufig sind wie dem deutschen Kind dus
1297 1571 2202 1653 Wien gefeiert, wie nur ein Volk seinen
2179 1574 3376 1649 ökonomische Situation Europas, wie sie ge-Existenz ringe
414 1610 854 1693 Backebackekuchen.
1277 1611 3372 1708 Dichter feiern kann. Und je länger er in genwärtig ist, dieses heillose Durcheinander, Palästina volh
1291 1675 3372 1747 seiner Mitte weilte, je öfter man das Glück das Europa beherrscht und es aus den Fu- Zwang eines à#
455 1713 3372 1775 Man überführt den Sarg von Wien nach lhatte, ihn zu sprechen und sprechen zu hö-Igen zu bringen droht, kann ohne nachhalti- neuen wirtscha
403 1770 1308 1831 Triest, von Triest übers Meer. In Cypern
1296 1778 2190 1831 ren, um so mehr offenbarte sich der Zauber
2178 1774 3372 1834 gen Schaden für seine Kultur unmöglich die Ausfluß ko
1296 1819 2190 1895 dieser ungewöhnlichen Dichterpersönlichkeit.
414 1820 1290 1881 besteigen Delegierte aus Erez Israel die
2181 1812 3368 1888 fortgesetzt werden. Vielleicht werden sich beruhen keine
3053 1859 3378 1928 außen kommen
415 1867 1306 1929 „Italia“, und in Jaffa entbietet die Jugend
1326 1868 2192 1928 Empfänge und Bankette, pädagogische
2175 1865 3065 1934 politische Anderungen schon im Gefolge der
3058 1905 3372 1985 schließlich Pie
415 1920 1302 1967 des Lundes ersten Gruß: Pfadfinder holen
1302 1900 3054 1977 Konferenzen und Vorträge, Propagandaver-jetzt beginnenden großen Abrüstungskonfe¬
412 1960 1292 2023 den Schrein vom Schiff. Das Motorboot
1298 1968 3079 2026 sammlungen für das hebräische Buch undirenz ergeben. Auch die Juden müssen für
3072 1949 3383 2051 Vielleicht wi
404 2002 1298 2071 prasselt ans Lond, die jüdische Fahne weht
1300 1998 3383 2074 Meetings für die Jugend, in deren Mittel-diesen Tag vorbereitet sein, um im gegebe-Weltgeschichte,
417 2062 1307 2120 vom Heck. Am Hafentor salutiert eine Ab¬
1292 2070 3059 2127 punkt Chaim Nachman Bialik stand, lösteninen Augenblick ihre Frage, die ihre Be¬
3047 2060 3368 2137 boren wurde,
404 2100 1306 2174 teilung der Polizei von Tel-Aviv. Bei der
1301 2103 3060 2174 einander in bunter Reihenfolge in diesen deutung als Weltfrage auch heute noch nicht
3055 2102 3380 2182 das Muster und
404 2155 1298 2216 Fahrt durch die jüdische Stadt grüßt jeder
1299 2165 3383 2236 acht Tagen ab. All diese Kundgebungen eingebüßt hat, vor das Forum der WeltWelt und für
415 2204 1313 2265 Verkehrsposten das schwarzumküllte Ge¬
1305 2210 3382 2282 ware erfüllt von jenem tiefen Ernst, der bringen zu können. Sonst könnte leicht Deni von Zion
415 2249 1302 2318 fährt. Dann gibt er Signal: Bahn frei für
1291 2255 3382 2328 heute die geistige und materielle Situation diese historische Stunde ungenützt vorüber-das Wort Gott
413 2296 605 2368 Biolik!
1288 2305 3375 2372 des Judentums kennzeichnet, sie waren aber gehen. Es ist aber notwendig, die allge-werden unsere
1292 2355 3376 2414 gleichzeitig ein flammendes Bekenntnis der meine Aufmerksamkeit auf die Verschlech-durch die en
2179 2403 3387 2461 terung der jüdischen Situation im gesamten Lande nicht nu
441 2383 2201 2478 In der Ohel-Schem-Halle, der Stätte derWiener Judenheit zu der Geistesgröße Bia¬
1288 2446 2182 2514 liks, zu dem Weg, den ihnen der Dichter ge¬
2182 2440 3386 2525 Weltbild in ökonomischer und politischer Be-vorsieht, geförd
413 2468 1308 2537 von Bialik eingeführten Volksfeiern des
1293 2497 1477 2567 wiesen.
2154 2477 3358 2557 lziehung zu lenken. Freilich, um die Ab-ihre Indolenz
414 2518 1311 2584 „Oneg Schabbath“, wird der Sarg für
2172 2538 3358 2628 rüstungskonferenz, die für das Sein oder auch gestört.“
417 2555 1322 2627 einige Stunden aufgestellt. Zu beiden Seiten
2172 2590 3063 2656 Nichtsein Europas von größter Bedeutung
1371 2561 2128 2668 Gespräch mit dem Dichter
414 2617 1320 2686 eine Ehrenwache der Jugend. Silberner
2180 2640 3057 2694 sein kann, zu einer machtvollen Tat wer¬
1323 2647 2181 2708 In vornehmer Stille liegt die zu beiden
416 2657 1311 2722 Leuchter goldne Augen künden: Ein Großer
2174 2677 3061 2760 den zu lassen, bedarf es der Vereinigung
1294 2705 2184 2767 Seiten von Villengärten umrandete Krotten¬
3079 2690 3371 2766 In seinem WI
408 2705 1306 2785 starb in Israel. In Riesensilberlettern glänzt
2183 2741 2840 2808 aller geistigen Menschen.
1293 2752 2176 2811 bachstraße im Döblinger Cottage. Nur sel¬
3042 2744 3380 2813 assimilierte Jud
412 2761 1303 2814 auf dem Bühnenvorhang seines Gedichtes
1292 2795 2208 2852 ten wird hier die Ruhe durch das Hupen
2201 2797 3383 2860 Die Abrüstungskonferenz muß ein reales klagt, daß es i
418 2807 1294 2865 Wort: „Und seines Lebens Lied ward plötz¬
1304 2838 3384 2907 einzelner Privatautomobile unterbrochen. Resultat zeitigen. Ihre Arbeiten müssen un-bräischen Sprac
410 2852 1308 2918 lich unterbrochen“. Tausende defilieren
1296 2898 2173 2954 Die letzten acht Tage freilich ging es in der
2180 2902 3377 2960 ter dem Druck aller moralischen Kräfte, Aufgehens in
404 2899 1302 2971 vorbei, bedrückt, betroffen. Niemand spricht.
1294 2927 2189 3009 stillen Straße ettvas lebhafter zu, denn in
2178 2950 3379 3004 über die die Welt heute noch verfügt, ste-Ischen sich und
455 2951 1303 3005 Vor der Bühne sind auf schwarzem Samt¬
3040 2991 3376 3058 seines Volkes
1303 2992 2179 3053 einer der reizenden Villen, die hier stehen,
2172 2979 3063 3053 Ihen. Gelehrte und Forscher, Entdecker und
416 2992 1304 3072 grund Bialiks Bücher aufgeschichet. Bunt
1298 3042 2182 3096 wohnte während seines Wiener Aufenthal¬
2178 3044 3390 3113 Erfinder müssen ihre Proteststimmen da-Ihabe. Ich lenk
406 3044 1308 3119 ist dieses Lebens Werk: dichterisch, erziche¬
1296 3081 2180 3143 tes der große hebräische Dichter Chaim
3045 3089 3380 3154 dieses Thema 8
2174 3082 3064 3155 gegen erheben, daß Produkte ihres schöpfe¬
400 3093 1302 3159 risch, generationsbeglückend. Ein Sonnen¬
1297 3135 2180 3194 Nachman Bialik, betreut und umgeben von
2180 3128 3045 3214 rischen Geistes, ihre Erfindung für Kriegs¬
3047 3135 3379 3200 Frage, ob denn
416 3132 1318 3213 streif fällt durch die dicht verhängten)
2165 3172 2782 3263 zwecke ausgenützt werden.
412 3186 2186 3251 Fenster, wandert langsam über den pa-Ider liebevollen Gastfreundschaft seines lang¬
3035 3182 3382 3252 Judentums sch
412 3220 2189 3309 pierenen Bery, gleitet zur Erde und auf die jährigen treuen Freundes, des bekannten
3052 3224 3381 3303 schen Geister
2205 3224 3049 3322 Man muß es den herrschenden Faktoren
1303 3278 2187 3333 Wiener Großindustriellen Max Delfiner,
3054 3270 3383 3345 betrachten seien
414 3286 1295 3362 staubigen Schuhe, die endlos, endlos über
2183 3295 3060 3363 begreiflich und verständlich machen, daß
1284 3319 2175 3395 der ihm die Villa bereitwilligst zur Ver¬
3055 3325 3380 3401 Literatur Euro
411 3340 978 3416 die Steinfliesen schlurfen.
2187 3345 3049 3403 die Milliarden, die heute von allen Staaten
1283 3370 2181 3448 fügung gestellt hatte. Hier empfing mich
3041 3378 3384 3442 schöpferischen
2185 3388 3061 3460 der Welt für Kriegszwecke verausgabt wer¬
1297 3408 2191 3489 der Dichter. Eine noch jugendliche Gestalt
3043 3423 3383 3490 der, da ihre We
2172 3444 3052 3501 den, wirtschaftlichen Zwecken zugeführt,
3044 3469 3380 3536 standen, wurden
456 3456 2184 3528 Um zwei Uhr mittags gellen Sirenen. Die von gedrungenem und kräftigem Bau, das
2170 3497 3046 3563 das heute herrschende Elend von Millionen
1297 3509 2184 3574 Antlitz eines russischen Waldjuden, helle,
3042 3519 3374 3587 Juden, sondern
402 3520 1304 3588 fleißige Stadt klagt ihr Leid in die Luft.
2174 3548 3054 3598 Menschen, die von der Geisel der Arbeits¬
1296 3562 2184 3623 kluge Augen, in denen es bisweilen schalk¬
418 3569 1305 3635 Alle Arbeit wird bendet. Geschäfte und
2177 3557 3382 3641 losigkeit heimgesuckt werden, mit einem deren Sprache
1306 3611 2187 3676 haft aufblitzte, kennzeichneten die äußere
416 3620 1303 3683 Gaststätten schließen. Wie man den Sarg
2178 3613 3379 3701 Schlage beseitigen könnten. Es gibt genü-hier nur an N
1292 3659 2175 3716 Erscheinung, kluge Einfachheit und sym¬
3046 3659 3382 3727 Wasserman
416 3665 1307 3732 der Halle entträgt, folgt ihm ein kilometer¬
2182 3668 3065 3750 gend Sümpfe, die trockengelegt, noch ge¬
1301 3700 2178 3784 pathische Bescheidenheit das Wesen des
416 3716 1296 3782 langer Zug: Vertreter der nationalen Insti¬
2155 3710 3382 3814 nügend Wüsten, die urbar gemacht, genü. Werfel erinne
1295 3751 1664 3822 Dichters Bialik.
412 3760 1296 3822 tutionen, der Universität, zahlloser Vereini¬
2167 3757 3390 3854 gend Landstrecken, die der Erschließung her auch bemüh
1330 3772 2182 3871 Unser Gespräch kam rasch in Fluß. Da
3049 3797 3392 3876 in denen sich de
417 3812 1305 3889 gungen; Kinder aus allen Schulen und Klas¬
2181 3822 3057 3884 menschlicher Arbeit und Fleißes harren. Die
1292 3842 2187 3925 der Dichter bei all den Gelegenheiten, da er
3042 3853 3378 3920 durch klassisch
404 3863 1313 3923 sen; Delegierte aller größeren Betriebe des
2162 3870 3057 3942 ganze Natur bietet noch unendlich viele Ar¬
3040 3900 3380 3982 bräischen Schrif
2163 3922 2949 3997 (beitsgelegenheiten für die Menschen.
1362 3959 2192 4041 PALXSTINA, AEGYPTEN,
2193 3969 3059 4048 Als eines der brennendsten Probleme un¬
415 4010 1897 4107 MIITELMEEK-KEIDE CRIECHENLANE
2170 4036 3064 4098 serer Gegenwart ist das Problem der Ju¬
3067 4062 3385 4137 Im Gegensatz
2170 4072 3061 4145 gend, der heranwachsenden Generation, zu
420 4082 1549 4149 Ablahrt# 2# beptember worgens mit der „ROMAK (36.0004).—
846 4090 2159 4184 Preis für die Schifahrt: Neapel-Neepel, aufwärts von 8 J•12—
3033 4127 3405 4183 und Denkern, des
2149 4126 3054 4191 bezeiehnen, um dessen Lösung sich die
