3392 4320
3119 155 3280 236 vom:
947 209 1413 313 box 38/3
194 222 819 339 2. Cuttings
506 456 1057 545 Nr. 365°— 3. August 1934
2076 464 2381 544 DIE STMME
1398 639 1692 856 er
2013 631 2249 861 ch
1845 766 1963 858 S
2501 629 2921 872 sch
863 758 1155 863 EIT
399 765 674 883 N
477 864 3093 982 Erammmnememammenansemncrenaneanmammenamenenennnnmennmeenenmnneneemeenmremnmesmnensenamasensenenenseumensennnnsnanen
3099 956 3352 1044 im Lürm
1342 966 3111 1054 Landes und der Siedlungen; selbst Sama-Viraltung selbst. Zehntausende säumen den
540 992 1313 1095 Abschied von Bialik
3110 1022 3369 1105 Stille des 1
2220 1025 3112 1088 Weg. Kein Dach, kein Fenster, kein Gerüst
1365 1041 1948 1118 ritaner vom Berge Gerizim.
2222 1078 3121 1156 ist frei. Kaum fällt ein Wort, getaltige Stille!
635 1070 1230 1160 Von Erich Goitgetreu.
3140 1106 3354 1187 Auf dem
1399 1112 2234 1201 Langsam bewegt sich der Zug durch die
2232 1121 3115 1189 grüßt den Tod. Und was kein Ereignis der
514 1132 1371 1227 Kommandos schullten. Schiffsglocken
3110 1163 3369 1234 wird des U
1373 1156 3109 1246 Straßen. Kurz hält er zu Andacht und Ge-Iletzten Juhre zuwege brachte, bewirkt die
458 1190 1364 1262 läuteten. Ankerketten rasselten und versan¬
3097 1215 3354 1292 gegeben —
1364 1232 2244 1299 bet vor der großen Synagoge in der Rohow
2231 1229 3111 1284 große Trauer: aller Parteienhuß wird unter¬
475 1252 1355 1313 ken im Meer. Jaffa! Das war der Augen¬
1369 1276 3345 1339 Allenby, vor dem Haus eines Schriftsteller-Idrückt, und sichtbar an diesem Tag die Ein- Arlosoroff.
467 1302 1359 1357 blick, an dem an Deck der Einwanderer¬
1356 1319 3361 1384 kameraden, vor der Ehrenwohnung, die die lheit des jüdischen Volkes. Armer wurden wir, Isich über d
463 1348 1365 1409 schiffe die Chaluzim stets die Horrah tanz¬
1356 1375 3358 1446 Stadt ihm schenkte, und vor der Stadtver-aber dieses ist erschütternd schön. VergeßtEinsamkeit.
472 1387 1368 1455 ten und Lieder des Glückes sangen. Doch
465 1423 1377 1504 wie hütten sie diesmal tanzen können? Wie
473 1494 1249 1546 hätten sie diesmal singen können? —
1359 1498 1495 1578 mum
3158 1535 3376 1630 Nachdruc
1359 1569 1438 1615 a
1388 1546 2177 1651 = Dr. Jakob Rosenthal:
503 1569 1363 1650 Wie ein Blitz war zehn Tage zuvor die
1367 1614 1478 1672 22
462 1638 1361 1693 Schreckensmeldung von Bialiks Tod auf das
1365 1648 1501 1709 222
461 1694 1354 1743 kleine Land am Jordan niedergezuckt. Der
2986 1607 3291 1785 Nach
1355 1687 1529 1769 —
1515 1608 2848 1794 Begegnung mit Chalt
462 1736 1358 1798 Himmel schien blasser, die Welt leerer, der
469 1783 1365 1835 kräftigste Baum gefällt. Seit Jahrhunderten
458 1822 1364 1906 hatte die Judennot nicht soich einen Sän¬
461 1876 799 1946 ger gefunden.
3109 1865 3372 1938 keine Arbeit
1514 1853 3099 1930 Der Wiener Aufenthalt Chaim Nachman Bialiks im Jahre 1932 wurde für alle, die
1475 1920 3108 1968 mit dem Dichter in Berührung kamen, zum unvergeßlichen Erlebnis. In Gesprächen
3108 1926 3377 1988 „wohin mich
497 1908 1367 2000 Der Dichter wor aller Freund gewesen.
1485 1960 3102 2022 und in Vorträgen offenbarte sich der starke Zauber dieser ungewöhnlicher Dichter¬
3101 1975 3376 2037 der Aufschre
455 1976 1377 2045 Es gab keinen, für den er nicht ein gutes
1480 2005 1800 2073 persönlichkeit.
455 2028 1371 2107 Wort und klugen Rat hatte. Wo irgendwo
1508 2009 3371 2082 Die damals in Genf abgehaltene Abrüstungskonferenz nahm unser Redakteur wahr. hin?“ Für d
3072 2060 3381 2137 gebiete ersch
1479 2068 2404 2127 um den Dichter über diesen Punkt zu befragen.
466 2075 1361 2137 ein Zweifel war, hieß es: Fragt Bialik! Am
1513 2089 3379 2172 Die bei diesem Gespräch geäußerten Gedanken des Dichters seien, wiewohl der un-droht gerad
457 2124 1376 2189 Tag vor seiner Fahrt nach Wien erschien
1475 2133 3102 2213 mittelbare Anlaß hiezu fehlt, wegen ihres hohen pazifistischen Gehaltes, der großen
3093 2150 3372 2224 daß die ung
462 2173 1374 2238 er auf der Stadtverwaltung und bat, daß
1479 2191 3105 2239 geistigen Klarheit und jener Ethik, die Bialik so auszeichneten, hier noch einmaal
3088 2211 3370 2281 gien in Verh
456 2220 1374 2301 Moses Levy aus Hejschischek die Lizenz
1491 2232 1912 2302 wiedergegeben. Red.
3093 2252 3343 2324 Vergiftung
460 2266 1363 2351 bekomme, auf der Straße Eis verkaufen zu
3099 2297 3361 2368 sich ziehen
2193 2283 3105 2373 lals Redner aufgetreten war, das Problem
462 2313 714 2394 dürfen
1497 2307 2092 2416 Bialik-Tage in Wien
2206 2345 3377 2423 der geistigen Krise des Judentums vongend anbetri
1383 2398 3379 2471 Der Wiener Besuch Chaim Nachman heute in erschöpfender Weise bereits be-einer konsti
492 2405 1366 2506 Nun sah man überall sein Bild, dieses
3094 2449 3379 2520 Lande gegeb
1341 2456 3094 2518 Bialiks war zu Ende und der Dichter lhandelt hatte, galt meine erste Frage den
453 2485 1346 2552 breite, gefurchte, gutartige Bauerngesicht.
1345 2488 3376 2556 nach Palästina abgereist. Dieselbe großelallgemeinen Eindrücken, die er von fuhr der Dic
462 2535 1355 2597 Nun las man überall seine Bücher, zum
1355 2533 3377 2609 Liebe und Verehrung, mit der Millio-Ider heutigen geistigen Situation Europasl unserem Pal#
455 2564 1344 2647 fünften- zum zehntenmal. Die Zeitungen er¬
3093 2587 3371 2661 streifen an
2214 2600 2464 2673 mitnimmt.
1344 2589 2224 2654 nen Herzen überall dem Sänger ihrer Sehn¬
452 2623 1342 2694 schienen mit Trauerrand. Man besuchte
3098 2643 3373 2708 Meeres, wird
1353 2650 2236 2716 sucht, dem Kämpfer um ihre Erfüllung ent¬
2258 2625 3102 2717 „Meiner bescheidenen Meinung nach“, be¬
444 2665 1347 2740 Trauerfeiern. Und es fragten die Kinder:
3096 2683 3382 2759 arbeit gemach
1350 2694 2220 2755 gegenschlugen, wurden ihm auch von dem
2222 2701 3099 2762 gann der Dichter, „bereiten sich in Europa
459 2726 1352 2785 „Jetzt wird es keine neuen Gedichte von
3095 2738 3389 2803 schichte des
1342 2755 3098 2817 Wiener Judentum entgegengebracht. In der Ischon für die nächsten Monate mannigfache
444 2771 1346 2829 Uhm geben?“ Esther, Ori und Chansah sagten
3102 2770 3377 2844 schieht es, de
1344 2794 2226 2855 Stadt Herzls und Chajes’ wurde Bialik
2225 2801 3086 2849 Anderungen politischer und wirtschaftlicher
452 2821 1345 2878 die hebräischen Verslein auf, die ihnen so
3100 2831 3375 2896 friedlicher A
1349 2842 2220 2901 von allen Schichten des jüdischen
2224 2846 3101 2914 Natur vor. Denn die geistige, politische und
455 2864 1348 2932 geläußig sind wie dem deutschen Kind dus
3095 2876 3374 2948 Existenz ring
1354 2891 2227 2946 Wien gefeiert, wie nur sin Volk seinen
2219 2897 3092 2953 ökonomische Situation Europas, wie sie ge¬
455 2908 892 2989 Backebackekuchen.
3093 2930 3378 2993 Palästina v
1324 2909 3096 3006 Dichter feiern kann. Und je länger er in genwärtig ist, dieses heillose Durcheinander,
3093 2968 3384 3046 Zwang eines
1324 2982 3109 3058 seiner Mitte weilte, je öfter man das Glück das Europa beherrscht und es aus den Fu¬
3100 3019 3382 3087 neuen wirtsch
489 3003 1346 3080 Man überführt den Sarg von Wien nach
1330 3022 3099 3107 hatte, ihn zu sprechen und sprechen zu hö-Igen zu bringen droht, kann ohne nachhalti¬
3099 3072 3384 3128 die Ausfluß
438 3076 1350 3125 Triest, von Triest übers Meer. In Cypern
1340 3082 2229 3132 ren, um so mehr offenbarte sich der Zauber
2215 3086 3101 3148 gen Schaden für seine Kultur unmöglich
3095 3117 3392 3179 beruhen kein
446 3114 1345 3179 besteigen Delegierte aus Erez Israel die
1342 3131 2225 3196 dieser ungewöhnlichen Dichterpersönlichkeit.
2227 3131 3104 3197 fortgesetzt werden. Vielleicht werden sich
3098 3158 3383 3224 außen komme
452 3165 1355 3230 „Italia“, und in Jaffa entbietet die Jugend
1378 3178 2225 3229 Empfänge und Bankette, pädagogische
2226 3178 3103 3240 politische Anderungen schon im Gefolge der
3091 3201 3386 3285 schließlich P
451 3220 1343 3278 des Landes ersten Gruß: Pfadfinder holen
1338 3203 2214 3290 Konferenzen und Vorträge, Propagandaver¬
2211 3227 3104 3288 jetzt beginnenden großen Abrüstungskonfe¬
450 3264 1339 3316 den Schrein vom Schiff. Das Motorboot
1343 3268 2223 3330 sammlungen für das hebräische Buch und
2223 3270 3103 3327 renz ergeben. Auch die Juden müssen für
3114 3263 3379 3337 Vielleicht
452 3316 1339 3385 prasselt ans Land, die jüdische Fahne weht
1347 3325 3097 3384 Meetings für die Jugend, in deren Mittel-diesen Tag vorbereitet sein, um im gegebe¬
3093 3319 3387 3388 Weltgeschicht
443 3344 1349 3418 vom Heck. Am Hofentor salutiert eine Ab¬
1336 3365 3092 3433 punkt Chaim Nachman Bialik stand, lösten inen Augenblick ihre Frage, die ihre Be¬
3090 3361 3398 3439 boren wurde
446 3405 1345 3475 teilung der Polizei von Tel-Aviv. Bei der
1336 3407 3092 3465 einander in bunter Reihenfolge in diesen deutung als Weltfrage auch heute noch nicht
3094 3417 3380 3484 das Muster
441 3450 1344 3524 Fahrt durch die jüdische Stadt grüßt jeder
1345 3460 3101 3522 acht Tagen ab. All diese Kundgebungen eingebüßt hat, vor das Forum der Welt
3103 3469 3404 3531 Welt und für
457 3505 1340 3562 Verkehrsposten das schwarzumhüllte Ge¬
1348 3493 2221 3568 waren erfüllt von jenem tiefen Ernst, der
2206 3504 3106 3567 bringen zu können. Sonst könnte leicht
3085 3518 3406 3585 Denn von Zic
442 3553 1339 3621 fährt. Dann gibt er Signal: Bahn frei für
1347 3551 2221 3612 heute die geistige und materielle Situation
2216 3566 3106 3623 diese historische Stunde ungenützt vorüber¬
3089 3559 3400 3627 das Wort G
451 3602 635 3670 Bialik!
1331 3603 2214 3655 des Judentums kennzeichnet, sie waren aber
2222 3598 3089 3671 gehen. Es ist aber notwendig, die allge¬
3094 3605 3392 3677 werden unser
1335 3653 2212 3720 gleichzeitig ein flammendes Bekenntnis der
2217 3656 3090 3717 meine Aufmerksamkeit auf die Verschlech¬
3081 3657 3372 3722 durch die
1336 3696 2222 3755 Wiener Judenheit zu der Geistesgröße Bia¬
2211 3701 3094 3758 terung der jüdischen Situation im gesamten
3083 3706 3378 3768 Lande nicht
496 3692 1340 3778 In der Ohel-Schem-Halle, der Stätte der
1351 3749 2214 3814 liks, zu dem Weg, den ihnen der Dichter ge¬
2218 3749 3085 3812 Weltbild in ökonomischer und politischer Be¬
3093 3742 3394 3815 vorsieht, gefö
454 3758 1347 3839 von Bialik eingeführten Volksfeiern des
1351 3800 1513 3868 wiesen.
2213 3804 3404 3866 ziehung zu lenken, Freilich, um die Ab-lihre Indolenz
444 3819 1350 3885 „Oneg Schabbath“, wird der Sarg für
2214 3844 3097 3903 rüstungskonferenz, die für das Sein oder
3086 3853 3390 3924 auch gestört.“
446 3855 1352 3939 einige Stunden aufgestellt. Zu beiden Seiten
2197 3880 3103 3961 Nichtsein Europas von größter Bedeutung
1403 3856 2160 3971 Gespräch mit dem Dichter
447 3912 1362 3971 eine Ehrenwache der Jugend. Silberner
2221 3939 3105 3994 sein kann, zu einer machtvollen Tat wer¬
1360 3945 2217 4016 In vornehmer Stille liegt die zu beiden
445 3940 1360 4028 Leuchter goldne Augen künden: Ein Großer
2214 3979 3097 4058 den zu lassen, bedarf es der Vereinigung
1344 3992 2208 4060 Seiten von Villengärten umrandete Krotten¬
3116 3992 3375 4067 In seinem
455 4008 1345 4078 starb in Israel. In Riesensilberlettern glänzt
2212 4039 2843 4109 aller geistigen Menschen.
1336 4044 2215 4109 bachstraße im Döblinger Cottage. Nur sel¬
3084 4026 3399 4112 assimilierte J
448 4058 1344 4115 auf dem Bühnenvorhang seines Gedichtes
1337 4091 2223 4156 ten wird hier die Ruhe durch das Hupen
2234 4085 3095 4148 Die Abrüstungskonferenz muß ein reales
3088 4105 3386 4154 klagt, daß es
456 4105 1339 4171 Wort: „Und seines Lebens Lied ward plötz¬
