3392 4320
172 197 760 299 2. Cuttings
928 190 1376 271 box 38/3
2289 182 2838 283 „OBSERVEN
2285 271 2846 346 Erstes österreichisches be¬
2300 333 2861 387 hördlich konzessioniertes
2299 384 2620 441 Unternehmen
2297 426 2865 494 für Zeitungsausschnitte
2067 485 2356 560 WIEN, I.,
2079 545 2863 620 Wollzeile 11 : Telephon R 23-0-43
2087 693 2434 759 Ausschnitt aus
2172 753 2889 877 Thablo Vork- Times NeuVork
2096 851 2211 899 vom
2536 857 2829 947 107.—
2368 909 2587 976 **
2171 940 2829 1017 Qulte different is the situation
2135 1001 2809 1052 withthe Kleines Haus, about a
2139 1044 2813 1102 block off the Great White Way of
2133 1084 2824 1155 Berlin'’s West. Last year, the State
2138 1141 2809 1184 theatre took over this intimate
2139 1165 2814 1223 house in addition to its more expan¬
2150 1208 2849 1259 sive one in the city center which, —
2146 1247 2813 1307 since then, has been almost entire¬
2135 1288 2822 1369 Iy devoted to a program of classics
2144 1326 2823 1392 and earnest plays, designating the#
2137 1377 2812 1422 Kleines exclusively to do homage
2136 1409 2826 1460 to Thalia. Today these two houses
2138 1454 2824 1507 so nearly monopolize what must be
2138 1494 2823 1554 cor.sidered Berlin’s and, for that
2150 1550 2840 1592 matter, Germany's topnotch thea¬
2150 1575 2827 1634 tre, that not until the first pre¬
2147 1606 2823 1685 mière in either one of them can the
2141 1662 2812 1719 (season be said to have really begun.
2171 1688 2823 1750 This time the prerogative was
2156 1736 2823 1798 given to the west end, and the
2158 1780 2822 1841 Kleines started off with an allur¬
2149 1816 2825 1885 ling production of a venerable im¬
2154 1861 2832 1923 ponderability, Die gefesselte Phan¬
2160 1906 2818 1964 tasie“ ("Imagination in Fetters''),
2153 1945 2826 2015 by Ferdinand Raimund, the State
2157 1987 2825 2049 theatre's contribution to the cen¬
2158 2020 2837 2080 Itenary of this Viennese author’s,
2157 2074 2306 2131 death.
2182 2077 2841 2168 The comedian-playwright, Rai¬
2170 2143 2834 2206 mund, is, like his contemporary,
2157 2175 2843 2259 Nestroy, unmistakably the fore¬
2165 2235 2839 2301 father of. Schnitzler and Bahr.
2169 2274 2828 2340 Viennese melanchöly, served with a
2170 2322 2839 2378 light-hearted charm and scoffed at
2177 2359 2844 2421 with the gentlest of irony, marks
2164 2401 2833 2461 this allegoric fable about the island
2159 2432 2836 2509 Jof Flora, its beautiful Princess Her¬
2157 2481 2835 2544 mione who loves Amphio, the poet¬
2171 2510 2846 2590 shepherd, and the witches, Vipria
2165 2574 2849 2628 land Arrogantia, who manacle Imag-
2161 2611 2848 2686 ination so that she cannot inspire;
2165 2653 2843 2717 Amphio to the poem which is to win
2161 2685 2842 2749 the Princess’s hand for him. From
2164 2728 2851 2802 a Vienna beerhouse the witches im¬
2172 2780 2842 2835 port the harpist, Nightingale, a
2174 2818 2842 2886 lovable toper who, as a couplet
2170 2861 2838 2917 singer, needs no imagination. The
2165 2900 2847 2974 Princess is to marry him. Aroused!
2173 2919 2892 3002 by this to a godiy wrath, Zeus
2175 2986 2883 3056 breaks Imagination’s fetters amid #
2181 3031 2842 3097 thunder and lightning and just in
2175 3073 2840 3133 time for her to inspire Amphio to
2194 3113 2846 3177 the prize poem. For the apotheosis
2189 3158 2851 3224 the cloud scrim lifts and discloses
2187 3199 2839 3272 the Olympian Apollo on high,
2191 3228 2854 3306 draped in Roman style, sitting in a
2185 3286 2833 3351 rococo library, sounding the lyre.
2204 3335 2853 3385 Played in wings and flies, de¬
2181 3372 2853 3428 signed by the imaginative Rochus
2181 3405 2858 3471 Gliese, and in the costumes and
2193 3461 2855 3502 scenic draperies of the baroque Bie¬
2185 3497 2856 3546 dermeier stage in Raimund’s time,
2193 3542 2858 3601 this fairy tale, superbly played, rose
2188 3582 2861 3638 to onc of the most amusing traves¬
2193 3622 2870 3682 ties. Under Jueigen Fehling’s face¬
2200 3662 2867 3718 tious direction It quips and quirks
2205 3698 2854 3751 sparkle merrily and occasionally
2199 3744 2864 3800 even dart out with pointed sharp¬
2193 3786 2860 3855 ness. Kaethe Gold’s alluring Imag¬
2191 3829 2872 3888 ination, in pink tights and ballet
2194 3875 2870 3917 skirt, bounded leaps ahead of the
2193 3910 2869 3968 others. She had fairy music in her
2203 3950 2856 3996 voice and an eerie charm in her
2566 3993 2837 4043 CLAIRE TRASK.
2204 4002 2373 4045 manner.
2441 4075 2540 4140 —
