3392 4320
696 78 1394 109 diale, benevola, sorridente. sboc¬
693 95 1392 145 cia un sano umorismo che gli con¬
693 140 1398 183 sentirà il successo delle folle e che
686 173 1395 230 caratterizzerà in lui il pittore della
688 213 1401 259 sua Vienna gaia ed epicurea di
685 253 1398 296 fronte alla Parigi sentimentale e
688 291 1394 335 romantica. Le donne di Schnitzler
681 330 1398 372 non sono né Mimi né Musette, ma
680 365 1396 411 sfaccettature della süse Mädel, la
687 407 1398 455 dolce ragazza viennese, intelligente
689 445 1447 498 senz’ombra di vanità, allegra senza
686 482 1403 527 sguaiatezza. donna nei cuore e nei
682 524 1400 579 sensi, marsenza cinismo e nel con¬
693 560 1394 605 tempo senza fedeltä. La süse Mädel
677 598 1396 654 rappresenta l’amoré sottolle piü di¬
688 638 1401 690 verse forme; e solo all’amore cede:
680 685 1398 728 per dedizione sensuale (senza
691 708 1404 767 scampoe con ogni attenuante), per
679 751 1399 803 passione (fatalismo e dedizione ad
687 797 1397 840 uno solo), per malia (attrazione e
691 831 1439 887 delusione dopo la caduta). Lin-
683 879 1450 934 certezza delle relazioni umane, so¬
688 912 1451 966 stenuta nella Komoedie der Worte
693 946 1395 998 (& Commedia delle paroles) porta
677 987 1392 1037 lo scrittore a provare che solo l’a¬
678 1027 1403 1080 more rende interessante e meno
689 1069 1402 1109 dura la vita: perfino la verità &
678 1108 1405 1161 forza se é sorreta dall'amore, come
682 1144 1397 1187 dimostra in Der einsame Weg (e La
687 1183 1406 1241 strada solitaria H. Tuttavia egli
682 1220 1403 1270 non é mai schiavo — né lo potreb¬
684 1261 1397 1312 be essere per indole e per convin¬
684 1300 1394 1352 zione — di una tesi, anche quando
684 1341 1396 1387 si schiera contro lo stolto conven¬
674 1379 1400 1435 zionalismo del duello (Freiwild,
686 1420 1406 1465 * Libera caccias) o contro gli in¬
688 1452 1396 1508 triganti di ogni partito e d’ogni
676 1490 1404 1551 fede (Professor Bernhardi). Dice
685 1531 1404 1599 il verso finale di un dramma: c La
678 1576 1397 1629 vita é intensità, non durata); e
677 1623 1401 1678 come tale deve essere intesä e vis¬
684 1663 836 1709 suta.
731 1685 1392 1740 Con queste idee, Schnitzler sem¬
689 1734 1405 1781 bra derivare da Dostoiewski e da
688 1770 1396 1818 Tolstoi, come, stilisticamente, da
689 1809 1398 1873 Maupassant; ma egli deriva da
688 1851 1416 1905 questi tanto quanto D’Annunzig.
688 1887 1410 1945 per esempio, deriva da Nretzsche.
683 1927 1408 1981 Ogni derivazione sbiadisce quando
688 1976 1392 2019 si consideri la sua opera nei com¬
683 2006 1400 2052 plesso e nei particolari: si scorge,
688 2044 1425 2093 allora, se si vuol parlare di deriva¬
679 2081 1406 2146 zioni, che soltanto un nome pud
693 2134 1411 2170 esser rlcordato: Ibsen. Infatti, 11
683 2160 1414 2208 problema della vita portato sul
686 2199 1405 2245 teatro dal grande norvegese si di¬
700 2235 1411 2293 vide nelle successive realizzazioni!
687 2280 1401 2329 in diversi rami che portano. al sim¬
695 2320 1414 2365 bolismo flabesco (Hauptmann), ai
692 2362 1406 2411 drammi ad effetto (Sudermanr),
689 2398 1413 2442 alla bonaria psicologia (Schnitzler)
684 2449 1398 2489 Nato nello stesso anno di Haupt¬
682 2475 1414 2523 mann (1862) e portato al successo
697 2519 1420 2571 nel momento in cui si schludeva i!
683 2552 1407 2609 naturalismo tedesco (1889), Schnit¬
689 2591 1417 2657 zler rappresenta l’innovatore #fine
691 2632 1416 2690 di secolos; ma, rimasto tale per
695 2683 1410 2727 oltre un ventennio, si trovo poi ad
699 2721 1396 2765 un tratto sorpassato dal moderni¬
692 2729 1419 2812 smo postbellico. Tuttavia, poiche
693 2791 1420 2844 eterne sono le passioni anche se
698 2824 1409 2882 mutano le circostanze e gli am¬
702 2870 1414 2928 bienti, egli arrivo fino alla morte
707 2909 1434 2970 (1931) col favore del pubblico, i1
695 2950 1426 2995 quale vedeva in lui un narratore e
696 2977 1427 3044 un drammaturgo sempre attuale.
696 3027 1417 3082 E pur oggi — e sempre piu — egli
691 3066 1415 3115 rimane attuale, meritando fra noi
701 3105 1425 3170 una conoscenza ben piu vasta di
693 3152 1214 3211 quella avuta in passato.
735 3185 1476 3239 Come artista, Schnitzler ci si##
699 3224 1413 3287 presenta sotto due diversi e quasi
697 3257 1459 3327 contrastanti aspetti: nel dramma
696 3299 1438 3351 e nella novella dialogata, con tu¬
696 3343 1416 3390 multo d’azione, specchio diretto e
696 3384 1429 3443 fedele della vita; nei romanzo, con
697 3416 1433 3479 pacato raccoglimento, che mostra
701 3457 1418 3509 il letterato e lo stilista. II dialogo
693 3500 1424 3555 ha sempre un valore dimostrativo
698 3535 1411 3589 del pensiero che nasce, si sviluppa,
697 3576 1427 3629 muta, ritorna, si infrange contro il
709 3612 1421 3669 minimo contrasto, sorpassa i pro¬
706 3664 1420 3704 blemi o si adagia in una sfumatu¬
697 3696 1420 3749 ra: lo stesso dialogo mette di fron¬
710 3728 1424 3785 te un epicurece uno scettico (Ana¬
703 3774 1429 3835 tol); il mondano Federicoe la sen¬
712 3807 1436 3868 timentale Cristina (Libelei,  Amo¬
715 3850 1420 3906 reggiamentos) dieci uomini ab¬
717 3894 1417 3955 brutiti dall’erotismo bestiale (Rei¬
705 3920 1429 3984 gen, & Ridda*); i personaggi di un
716 3974 1440 4029 sintetico quadro della Rivoluzione
2188 4072 2361 4131 Gpr
