3392 4320
198 229 779 338 2. Guttings
909 220 1396 312 box 38/3
2065 234 2789 339 Schnihter siehn.
2127 311 2691 404 Schwanengesang Alt=Wiers.
1906 388 3028 448 Vielleicht hat die latente Wirtschaftskrise Amerika ein
1792 446 3014 505 Gutes gebracht, seine Wandlung vom Geld= zum Geistesstaat.
1804 483 3026 547 Europäische Künstler, die drüben konzertierten, wissen bereits
1809 543 3026 597 zu erzählen, daß sich die Abkehr der Amerikaner vom Snobis¬
1798 589 3023 641 mus immer stäker bemerkbar macht. Man kauft nicht mehr nur
1799 643 3027 697 Namen und Stars allein, sondern verlangt auch ein künstlerisch
1794 685 3032 729 hochstehendes Programm. Man entdeckte drüben weiters, daß
1797 722 3033 789 Europa nicht nur Musiker, sondern auch Dichter besitze und
1800 776 3030 839 begann seit einiger Zeit seine fremdsprachige Literatur zu lesen.
1801 820 3028 886 Deutsche Bücher sind gegenwärtig in Amerika große Mode,
1795 879 3021 924 wobei Oesterreich zum Exponenten dieser Literatur geworden
1796 921 3029 977 ist. Und so ist es nur selbstverständlich, daß sich ein Literatur¬
1792 976 3033 1030 historiker fand, der die Biographie des repräsentativen öster¬
1794 1024 3029 1086 reichischen Dichters der Vorkriegsgeneration, Artur Schnitzlers,
1800 1080 3019 1148 verfaßte, um diesen österreichischen Schriftsteller seinen Lands¬
1804 1114 2264 1186 leuten näherzubringen.
1915 1167 3018 1231 Sol Liptzin ist der Name des Autors, der das Buch
1805 1223 3024 1286 „Artur Schnitzler“(Prentice=Hall=Verlag, New=York) schrieb.
1802 1267 3028 1314 Liptzin ist Professor am City College von New=York und hat
1800 1320 3028 1378 sich als Lehrfach die moderne deutsche Literatur erwählt. Aus
1794 1363 3034 1421 seiner Feder stammt unter anderem das Buch „Shelley in
1796 1414 3032 1455 Deutschland“. In einem anderen Werk behandelt er die lyrischen
1788 1446 3033 1526 Vorkämpfer im modernen Deutschland. Als Historiker ist er
1799 1510 3039 1573 der Autor einer Literaturgeschichte, die die Zeit von Novalis
1787 1563 3031 1628 bis Nietzsche umfaßt. Sehr bekannt ist auch seine Heine¬
1793 1591 2050 1666 Biographie.
1899 1653 3030 1717 Das vorliegende Werk ist nicht eine Biographie Schnitzlers
1790 1704 3024 1769 schlechthin, mit trockenen Angaben von Daten aus seiner
1787 1748 3026 1814 Lebensgeschichte, sondern vielmehr eine psychologische Studie,
1789 1802 3027 1853 in der er die einzelnen Werke nach ihrer Einstellung zur Um¬
1793 1841 3023 1910 welt beurteilt. Schon die Ueberschriften der Kapitel deuten an,
1793 1898 3031 1959 worauf seine Analyse hinausstrebt. Das Buch beginnt mit dem
1802 1936 3023 2011 Aufsatz „Totentanz“. „Als am 31. Oktober 1931 Artur Schnitzler
1801 1980 3021 2057 starb, war er gerade damit beschäftigt, die Umarbeitung seines
1789 2024 3030 2107 Dramas „Der Ruf des Lebens“ vorzunehmen, das aus Anlaß
1790 2084 3027 2153 seines siebzigsten Geburtstages am 15. Mai 1932 als Festaufführung
1798 2134 3034 2182 in Szene gehen sollte.“ Die Antithese Tod und Leben bildete
1793 2173 3022 2246 den Grundstock von Schnitzlers Schaffen. Das Motiv des
1798 2231 3031 2276 Sterbens findet seinen stärksten Ausdruck in der „Liebelei“. Hat
1789 2272 3017 2346 das Duell seine Berechtigung? Würde nicht ein Mensch, der
1792 2318 3025 2383 bereits den Tod unmittelbar vor sich gesehen hat und
1793 2367 3023 2431 unerwarteterweise zum Leben zurückfand, in anderer Art
1796 2422 3022 2490 Genugtnung fordern? In knapper, aber eindringlicher Form er¬
1791 2459 3028 2528 klärt Liptzin den amerikanischen Lesern diese Probleme. Der
1795 2506 3016 2588 Autor hatte vor einigen Jahren in Wien geweilt und gehörte
1801 2565 3019 2634 zum engsten Freundeskreis Schnitzlers. Er erfuhr also vom
1803 2612 2909 2681 Dichter selbst die authentische Darlegung seiner Gedanken.
1893 2660 3021 2740 Der „Reigen“, die „Krankheiten der Ehe“ die „Fragen
1795 2704 3017 2767 der neuen Moral“ sind die folgenden Kapitel. Ein Aufsatz „Das
1793 2763 3008 2829 Panorama der Seelen“ ist Leunant Gustl und Fräulein Else
1795 2806 3014 2864 gewidmet. Das Judenproblem, wie es Schnitzler im „Weg ins
1796 2853 3018 2904 Freie“ aufrollt, wird eingehend erörtert. „Traum und Wirklich¬
1792 2907 3014 2956 keit“ beleuchtet des Dichters Werk. Und zum Schluß klingt das
1794 2946 3015 3035 Buch mit dem „Sang der Resignation“ aus. Liptzin schildert
1781 2999 3005 3064 den Dichter, der das Leben genossen und gekannt hat: „Im
1781 3040 3018 3119 Leben Schnitzlers gab es vier Saiten: Leben, Tod, Liebe und
1784 3098 3008 3141 Geschick. Gleich einem Violinvirtuosen wußte er aus diesen vier
1785 3136 3008 3196 Saiten die schönsten Melodien zu ziehen und erzielte dadurch
1791 3194 3009 3260 mehr Wirkung, als andere Menschen, die glauben, auf einem
1781 3228 3004 3308 ganzen Orchester musizieren zu können. Wenn man seinen
1791 3287 3006 3359 Namen hört, erfaßt einen die Sehnsucht nach der Jugend und
1783 3333 2766 3398 Liebe, nach sorglosen Tagen und frivolen Nächten.
1889 3376 3007 3438 Schnitzler sang den Schwanengesang des alten Wien. In
1790 3423 2998 3499 seiner begnadeten Hand fing er den letzten goldenen Schimmer
1786 3480 2999 3530 ihrer Größe ein und wandelte ihn in Kunst um. Zwei Städte
1788 3526 2999 3581 symbolisieren heute Deutschlands Hoffnung und Deutschlands
1778 3567 3003 3635 Verzweiflung, Berlin und Wien. Die energische Hauptstadt
1781 3662 3002 3723 Preußens und die liebliche Metropole an der Donau. Wien ist
1781 3708 3004 3779 die Stadt der Träume und der Süßigkeit, durchzogen von Musik
1786 3771 2994 3814 und melancholischem Tanz. Die Stadt der glorreichen Ver¬
1792 3817 3008 3869 gangenheit und der weniger schönen Gegenwart. Wien scheint
1791 3836 3004 3918 sich verloren zu haben, daher fühlt man hier den gewissen
1787 3902 3000 3970 melancholischen Unierton. Dieses Aroma der Stadt spiegelt sich
1785 3954 3007 4006 in Schnitzlers Werken, und wenn auch dieser Wiener Arzt tot
1784 3991 3011 4057 ist, so bleiben doch seine Dramen und Erzählungen lebendig
1782 4034 3019 4128 und werden weitergehört werden, im überall die Herzen zu
1776 4095 2031 4159 erschüttern.
2758 4115 3044 4191 R
2435 4115 2547 4198 —.—
