<?xml version="1.0" encoding="UTF-8" standalone="yes"?>
<PcGts xmlns="http://schema.primaresearch.org/PAGE/gts/pagecontent/2013-07-15" xmlns:xsi="http://www.w3.org/2001/XMLSchema-instance" xsi:schemaLocation="http://schema.primaresearch.org/PAGE/gts/pagecontent/2013-07-15 http://schema.primaresearch.org/PAGE/gts/pagecontent/2013-07-15/pagecontent.xsd">
    <Metadata>
        <Creator>prov=University of Rostock/Institute of Mathematics/CITlab/Gundram Leifert/gundram.leifert@uni-rostock.de:name=ONB_Newseye_GT_M1+(htr_id=10810)::::v=2.4.2
prov=University of Rostock/Institute of Mathematics/CITlab/Tobias Gruening/tobias.gruening@uni-rostock.de:name=de.uros.citlab.module.baseline2polygon.B2PSeamMultiOriented:v=2.4.2
prov=University of Rostock/Institute of Mathematics/CITlab/Tobias Gruening/tobias.gruening@uni-rostock.de:name=/mnt/transkribus/LA/DEA/URO/LA_news_onb_att.pb:de.uros.citlab.segmentation.CITlab_LA_ML:v=2.4.2
Transkribus</Creator>
        <Created>2019-10-07T15:18:54.631+02:00</Created>
        <LastChange>2019-10-09T01:15:45.858+02:00</LastChange>
        <TranskribusMetadata docId="224263" pageId="9516233" pageNr="51" tsid="16618321" status="IN_PROGRESS" userId="40391" imgUrl="https://files.transkribus.eu/Get?id=SKOLOOSZCJELDHKMOYOWKZNR&amp;fileType=view" xmlUrl="https://files.transkribus.eu/Get?id=TIKZDMRKCEOMUHLJVWISJKRB" imageId="6204294"/>
    </Metadata>
    <Page imageFilename="224263_0051.jpeg" imageWidth="3392" imageHeight="4320">
        <ReadingOrder>
            <OrderedGroup id="ro_1711443149401" caption="Regions reading order">
                <RegionRefIndexed index="0" regionRef="r1"/>
                <RegionRefIndexed index="1" regionRef="r2"/>
                <RegionRefIndexed index="2" regionRef="r3"/>
            </OrderedGroup>
        </ReadingOrder>
        <TextRegion orientation="0.0" id="r1" custom="readingOrder {index:0;}">
            <Coords points="146,127 146,3538 2322,3538 2322,127"/>
            <TextLine id="r1l1" custom="readingOrder {index:0;}">
                <Coords points="1688,185 1996,173 2223,190 2250,168 2333,171 2333,127 2302,117 2265,139 2187,122 2075,144 2025,126 1831,140 1688,124"/>
                <Baseline points="1700,162 1731,161 1762,161 1793,161 1824,160 1855,160 1886,160 1917,160 1948,159 1979,159 2011,159 2042,159 2073,159 2104,158 2135,158 2166,157 2197,157 2228,156 2259,155 2290,154 2322,153"/>
                <TextEquiv>
                    <Unicode></Unicode>
                </TextEquiv>
            </TextLine>
            <TextLine id="r1l2" custom="readingOrder {index:1;}">
                <Coords points="1415,181 1426,181 1431,176 1444,185 1457,176 1464,176 1479,187 1488,183 1510,185 1510,145 1486,143 1477,147 1468,145 1459,136 1451,139 1446,136 1440,141 1426,132 1415,132"/>
                <Baseline points="1426,167 1462,167 1498,167"/>
                <TextEquiv>
                    <Unicode></Unicode>
                </TextEquiv>
            </TextLine>
            <TextLine id="r1l3" custom="readingOrder {index:2;}">
                <Coords points="880,257 953,287 1046,284 1094,258 1154,286 1231,287 1257,270 1284,291 1329,258 1354,258 1353,236 1239,197 1003,228 935,208 880,228"/>
                <Baseline points="891,265 916,264 941,263 966,263 991,263 1016,263 1041,263 1066,263 1091,263 1117,263 1142,264 1167,264 1192,264 1217,263 1242,263 1267,262 1292,260 1317,259 1343,257"/>
                <TextEquiv>
                    <Unicode>box 38/3</Unicode>
                </TextEquiv>
            </TextLine>
            <TextLine id="r1l4" custom="readingOrder {index:3;}">
                <Coords points="135,287 208,299 250,284 377,316 432,297 562,317 732,307 733,228 601,208 555,229 485,214 456,233 434,215 379,234 344,216 281,250 183,217 136,229"/>
                <Baseline points="146,268 174,273 203,277 232,280 261,283 290,285 318,287 347,288 376,288 405,289 434,289 462,289 491,289 520,289 549,288 578,288 606,287 635,287 664,286 693,286 722,286"/>
                <TextEquiv>
                    <Unicode>2. Cuttings</Unicode>
                </TextEquiv>
            </TextLine>
            <TextLine id="r1l5" custom="readingOrder {index:4;}">
                <Coords points="1073,976 1187,973 1242,1000 1299,973 1526,994 1685,964 1684,929 1629,903 1596,921 1455,904 1427,926 1330,904 1308,920 1114,906 1072,928"/>
                <Baseline points="1084,964 1113,964 1142,965 1172,965 1201,965 1231,965 1260,965 1290,965 1319,965 1349,965 1378,965 1407,965 1437,965 1466,965 1496,964 1525,964 1555,963 1584,963 1614,962 1643,961 1673,961"/>
                <TextEquiv>
                    <Unicode>HERMANN BROCH</Unicode>
                </TextEquiv>
            </TextLine>
            <TextLine id="r1l6" custom="readingOrder {index:5;}">
                <Coords points="2154,970 2187,973 2206,983 2213,981 2217,986 2236,970 2262,976 2267,915 2222,916 2193,900 2181,904 2159,900"/>
                <Baseline points="2165,962 2194,962 2223,966 2252,967"/>
                <TextEquiv>
                    <Unicode>67</Unicode>
                </TextEquiv>
            </TextLine>
            <TextLine id="r1l7" custom="readingOrder {index:6;}">
                <Coords points="495,1052 1941,1071 2225,1056 2256,1005 495,1022"/>
                <Baseline points="506,1041 592,1043 679,1045 766,1047 853,1048 940,1049 1027,1050 1114,1050 1201,1051 1288,1051 1375,1051 1461,1051 1548,1050 1635,1050 1722,1049 1809,1049 1896,1048 1983,1047 2070,1046 2157,1045 2244,1044"/>
                <TextEquiv>
                    <Unicode>serve in“ Ulysses?’ as a vessel for enclosing the fate of one man—the</Unicode>
                </TextEquiv>
            </TextLine>
            <TextLine id="r1l8" custom="readingOrder {index:7;}">
                <Coords points="498,1104 2266,1094 2156,1046 499,1065"/>
                <Baseline points="510,1094 597,1097 684,1100 771,1102 859,1103 946,1105 1033,1106 1121,1107 1208,1107 1295,1107 1383,1107 1470,1107 1557,1107 1644,1107 1732,1106 1819,1106 1906,1105 1994,1105 2081,1104 2168,1104 2256,1104"/>
                <TextEquiv>
                    <Unicode>man—were by no means blindly adopted by Broch. His third novel,</Unicode>
                </TextEquiv>
            </TextLine>
            <TextLine id="r1l9" custom="readingOrder {index:8;}">
                <Coords points="502,1156 2265,1153 2045,1109 502,1118"/>
                <Baseline points="513,1154 600,1155 687,1157 774,1158 861,1158 948,1159 1035,1159 1122,1160 1209,1160 1296,1160 1383,1160 1470,1160 1557,1159 1644,1159 1731,1158 1818,1158 1905,1158 1992,1157 2079,1157 2166,1156 2254,1156"/>
                <TextEquiv>
                    <Unicode>as already stated, contains a great variety of actions, of which some are</Unicode>
                </TextEquiv>
            </TextLine>
            <TextLine id="r1l10" custom="readingOrder {index:9;}">
                <Coords points="493,1208 2210,1233 2258,1178 493,1193"/>
                <Baseline points="505,1210 592,1211 679,1211 766,1211 853,1212 940,1212 1027,1212 1115,1212 1202,1211 1289,1211 1376,1211 1463,1211 1550,1211 1637,1211 1725,1211 1812,1211 1899,1211 1986,1211 2073,1211 2160,1212 2248,1212"/>
                <TextEquiv>
                    <Unicode>combined to form a first group, while the“ Story of the Salvation Army</Unicode>
                </TextEquiv>
            </TextLine>
            <TextLine id="r1l11" custom="readingOrder {index:10;}">
                <Coords points="498,1274 2259,1285 2259,1213 498,1217"/>
                <Baseline points="509,1268 595,1267 682,1267 769,1266 856,1266 943,1266 1030,1266 1117,1267 1204,1267 1291,1267 1378,1267 1464,1267 1551,1268 1638,1268 1725,1268 1812,1268 1899,1267 1986,1267 2073,1266 2160,1265 2247,1264"/>
                <TextEquiv>
                    <Unicode>girl in Berlin (that is to say, a second action) visibly goes its own way</Unicode>
                </TextEquiv>
            </TextLine>
            <TextLine id="r1l12" custom="readingOrder {index:11;}">
                <Coords points="495,1327 2047,1345 2236,1336 2258,1286 495,1301"/>
                <Baseline points="507,1324 594,1323 681,1322 768,1322 855,1321 942,1321 1029,1321 1116,1321 1203,1322 1290,1322 1377,1322 1464,1322 1551,1323 1638,1323 1725,1323 1812,1323 1899,1323 1986,1323 2073,1322 2160,1321 2248,1320"/>
                <TextEquiv>
                    <Unicode>(indicated by titles and numbered consecutively). A closer study of the</Unicode>
                </TextEquiv>
            </TextLine>
            <TextLine id="r1l13" custom="readingOrder {index:12;}">
                <Coords points="498,1376 2263,1355 498,1356"/>
                <Baseline points="509,1377 596,1377 683,1377 770,1377 857,1376 945,1376 1032,1376 1119,1376 1206,1375 1293,1375 1381,1375 1468,1375 1555,1374 1642,1374 1729,1374 1817,1375 1904,1375 1991,1376 2078,1377 2165,1378 2253,1379"/>
                <TextEquiv>
                    <Unicode>connections which must doubtless exist between the main action and this</Unicode>
                </TextEquiv>
            </TextLine>
            <TextLine id="r1l14" custom="readingOrder {index:13;}">
                <Coords points="503,1436 2092,1453 2270,1435 2270,1378 503,1406"/>
                <Baseline points="513,1429 600,1430 687,1430 774,1431 862,1431 949,1431 1036,1432 1124,1432 1211,1432 1298,1432 1386,1432 1473,1431 1560,1431 1647,1431 1735,1430 1822,1430 1909,1429 1997,1428 2084,1427 2171,1427 2259,1426"/>
                <TextEquiv>
                    <Unicode>second story reveals that the latter repeats the main action on a mystical</Unicode>
                </TextEquiv>
            </TextLine>
            <TextLine id="r1l15" custom="readingOrder {index:14;}">
                <Coords points="501,1502 2266,1486 2224,1436 501,1444"/>
                <Baseline points="511,1488 598,1488 685,1488 772,1488 859,1488 947,1488 1034,1488 1121,1487 1208,1487 1295,1487 1383,1487 1470,1486 1557,1486 1644,1486 1731,1485 1819,1485 1906,1484 1993,1483 2080,1483 2167,1482 2255,1481"/>
                <TextEquiv>
                    <Unicode>plane as it were, thus removing the flavour of unsavoury realism that</Unicode>
                </TextEquiv>
            </TextLine>
            <TextLine id="r1l16" custom="readingOrder {index:15;}">
                <Coords points="503,1549 2260,1556 2239,1486 503,1501"/>
                <Baseline points="513,1539 599,1541 686,1542 773,1543 860,1544 947,1544 1033,1544 1120,1543 1207,1543 1294,1542 1381,1541 1467,1540 1554,1539 1641,1539 1728,1538 1815,1537 1901,1536 1988,1536 2075,1536 2162,1536 2249,1536"/>
                <TextEquiv>
                    <Unicode>might otherwise cling to it. That this is indeed so is seen from the third</Unicode>
                </TextEquiv>
            </TextLine>
            <TextLine id="r1l17" custom="readingOrder {index:16;}">
                <Coords points="503,1610 516,1608 517,1605 522,1605 524,1602 537,1600 528,1544 517,1545 513,1550 508,1547 505,1552 494,1554"/>
                <Baseline points="508,1573 522,1571"/>
                <TextEquiv>
                    <Unicode>1</Unicode>
                </TextEquiv>
            </TextLine>
            <TextLine id="r1l18" custom="readingOrder {index:17;}">
                <Coords points="540,1610 2262,1582 2125,1540 540,1550"/>
                <Baseline points="552,1589 636,1592 721,1594 806,1596 891,1597 976,1598 1061,1598 1146,1598 1231,1598 1316,1597 1401,1597 1485,1596 1570,1595 1655,1594 1740,1593 1825,1592 1910,1591 1995,1590 2080,1590 2165,1590 2250,1591"/>
                <TextEquiv>
                    <Unicode>action'’ which only takes place in the abstract, in the brain of the</Unicode>
                </TextEquiv>
            </TextLine>
            <TextLine id="r1l19" custom="readingOrder {index:18;}">
                <Coords points="493,1639 2274,1654 2232,1599 493,1612"/>
                <Baseline points="503,1647 591,1649 679,1651 767,1652 855,1653 943,1654 1031,1654 1119,1654 1207,1653 1295,1653 1383,1652 1471,1651 1559,1650 1647,1650 1735,1649 1823,1648 1911,1648 1999,1648 2087,1648 2175,1648 2263,1649"/>
                <TextEquiv>
                    <Unicode>author of these novels, is successively entitled“ Decay of Values, and</Unicode>
                </TextEquiv>
            </TextLine>
            <TextLine id="r1l20" custom="readingOrder {index:19;}">
                <Coords points="491,1706 1746,1730 1854,1719 1891,1661 491,1667"/>
                <Baseline points="501,1705 569,1706 638,1707 707,1708 776,1709 845,1709 914,1709 983,1709 1052,1709 1121,1709 1190,1708 1258,1708 1327,1707 1396,1706 1465,1706 1534,1705 1603,1704 1672,1704 1741,1703 1810,1703 1879,1702"/>
                <TextEquiv>
                    <Unicode>purports to be a philosophical interpretation of our time.</Unicode>
                </TextEquiv>
            </TextLine>
            <TextLine id="r1l21" custom="readingOrder {index:20;}">
                <Coords points="555,1874 2155,1892 2265,1874 2265,1824 554,1823"/>
                <Baseline points="566,1870 650,1871 734,1872 819,1872 903,1873 988,1873 1072,1873 1157,1873 1241,1873 1326,1873 1410,1873 1494,1872 1579,1872 1663,1871 1748,1871 1832,1870 1917,1869 2001,1868 2086,1867 2170,1866 2255,1865"/>
                <TextEquiv>
                    <Unicode>This is not too ambitious a word. It is true, of course, that the thoughts</Unicode>
                </TextEquiv>
            </TextLine>
            <TextLine id="r1l22" custom="readingOrder {index:21;}">
                <Coords points="495,1926 2267,1931 2177,1875 495,1880"/>
                <Baseline points="507,1924 594,1927 681,1929 769,1930 856,1931 944,1931 1031,1931 1118,1931 1206,1930 1293,1929 1381,1929 1468,1927 1555,1926 1643,1925 1730,1924 1818,1924 1905,1923 1992,1923 2080,1923 2167,1924 2255,1925"/>
                <TextEquiv>
                    <Unicode>of every really great artist issue from an individual, comprehensive</Unicode>
                </TextEquiv>
            </TextLine>
            <TextLine id="r1l23" custom="readingOrder {index:22;}">
                <Coords points="507,1990 2209,2001 2266,1944 507,1948"/>
                <Baseline points="519,1983 605,1984 692,1984 779,1985 866,1985 953,1985 1039,1985 1126,1985 1213,1984 1300,1984 1387,1983 1473,1983 1560,1982 1647,1982 1734,1981 1821,1981 1907,1980 1994,1980 2081,1979 2168,1979 2255,1978"/>
                <TextEquiv>
                    <Unicode>world picture, even where he only delineates figures and events, and not</Unicode>
                </TextEquiv>
            </TextLine>
            <TextLine id="r1l24" custom="readingOrder {index:23;}">
                <Coords points="504,2073 834,2024 2113,2052 2267,1992 504,2000"/>
                <Baseline points="515,2038 602,2038 689,2038 776,2038 863,2037 950,2037 1037,2037 1124,2037 1211,2037 1298,2037 1386,2037 1473,2037 1560,2037 1647,2037 1734,2037 1821,2037 1908,2037 1995,2037 2082,2036 2169,2036 2257,2035"/>
                <TextEquiv>
                    <Unicode>philosophy: in the case of Hamsun, for example, or Gide, Conrad or</Unicode>
                </TextEquiv>
            </TextLine>
            <TextLine id="r1l25" custom="readingOrder {index:24;}">
                <Coords points="505,2095 2216,2109 2271,2063 505,2075"/>
                <Baseline points="517,2090 604,2091 691,2091 778,2091 865,2092 952,2092 1039,2091 1127,2091 1214,2091 1301,2091 1388,2090 1475,2090 1562,2090 1649,2089 1737,2089 1824,2089 1911,2089 1998,2089 2085,2089 2172,2089 2260,2090"/>
                <TextEquiv>
                    <Unicode>Thomas Mann, this picture could be readily abstracted from the action</Unicode>
                </TextEquiv>
            </TextLine>
            <TextLine id="r1l26" custom="readingOrder {index:25;}">
                <Coords points="505,2154 2186,2168 2265,2108 504,2117"/>
                <Baseline points="516,2149 607,2147 699,2146 790,2145 882,2145 973,2144 1065,2144 1156,2144 1248,2144 1339,2144 1431,2144 1522,2144 1614,2144 1705,2144 1797,2144 1888,2145 1980,2145 2071,2144 2163,2144 2255,2144"/>
                <TextEquiv>
                    <Unicode>and presented as a critical study. In the case of Broch this is unnecessary:</Unicode>
                </TextEquiv>
            </TextLine>
            <TextLine id="r1l27" custom="readingOrder {index:26;}">
                <Coords points="498,2207 2138,2221 2265,2161 498,2163"/>
                <Baseline points="508,2206 595,2204 682,2202 770,2201 857,2200 944,2199 1032,2199 1119,2198 1206,2198 1294,2198 1381,2198 1468,2198 1556,2198 1643,2198 1730,2198 1818,2199 1905,2199 1992,2199 2080,2199 2167,2199 2255,2199"/>
                <TextEquiv>
                    <Unicode>he is an author who has proved elsewhere that he is capable ofthinking out</Unicode>
                </TextEquiv>
            </TextLine>
            <TextLine id="r1l28" custom="readingOrder {index:27;}">
                <Coords points="502,2275 2085,2272 2274,2223 502,2227"/>
                <Baseline points="514,2260 601,2259 688,2257 776,2257 863,2256 951,2255 1038,2255 1126,2255 1213,2255 1301,2254 1388,2255 1475,2255 1563,2255 1650,2255 1738,2255 1825,2255 1913,2255 2000,2255 2088,2254 2175,2254 2263,2253"/>
                <TextEquiv>
                    <Unicode>philosophical treatise. And here also he himself transposes his symbols</Unicode>
                </TextEquiv>
            </TextLine>
            <TextLine id="r1l29" custom="readingOrder {index:28;}">
                <Coords points="492,2310 2066,2329 2266,2277 492,2292"/>
                <Baseline points="504,2313 591,2313 679,2312 766,2312 854,2311 941,2310 1029,2310 1116,2309 1204,2308 1291,2308 1379,2307 1467,2306 1554,2306 1642,2306 1729,2306 1817,2306 1904,2306 1992,2307 2079,2308 2167,2309 2255,2310"/>
                <TextEquiv>
                    <Unicode>on to an abstract plane: he describes a woman arranging her house, a</Unicode>
                </TextEquiv>
            </TextLine>
            <TextLine id="r1l30" custom="readingOrder {index:29;}">
                <Coords points="490,2366 2022,2386 2266,2370 2266,2308 490,2327"/>
                <Baseline points="501,2368 588,2367 676,2367 764,2366 851,2366 939,2365 1027,2365 1114,2364 1202,2364 1290,2363 1378,2363 1465,2362 1553,2362 1641,2361 1728,2361 1816,2361 1904,2361 1991,2361 2079,2361 2167,2361 2255,2361"/>
                <TextEquiv>
                    <Unicode>man arranging his life, and immediately after, in a following chapter</Unicode>
                </TextEquiv>
            </TextLine>
            <TextLine id="r1l31" custom="readingOrder {index:30;}">
                <Coords points="497,2422 2272,2413 2192,2367 497,2387"/>
                <Baseline points="509,2421 596,2421 684,2421 771,2420 859,2420 946,2419 1034,2419 1121,2418 1209,2417 1296,2416 1384,2416 1472,2415 1559,2415 1647,2415 1734,2414 1822,2414 1909,2415 1997,2415 2084,2416 2172,2417 2260,2419"/>
                <TextEquiv>
                    <Unicode>dealing with the style of architecture in a certain period, disengages the</Unicode>
                </TextEquiv>
            </TextLine>
            <TextLine id="r1l32" custom="readingOrder {index:31;}">
                <Coords points="502,2479 2197,2491 2258,2447 501,2424"/>
                <Baseline points="512,2475 598,2475 685,2475 772,2475 859,2474 945,2474 1032,2474 1119,2473 1206,2473 1292,2472 1379,2472 1466,2472 1553,2471 1639,2471 1726,2471 1813,2471 1900,2470 1986,2470 2073,2470 2160,2470 2247,2471"/>
                <TextEquiv>
                    <Unicode>event from the personal and gives it a general significance. The reader</Unicode>
                </TextEquiv>
            </TextLine>
            <TextLine id="r1l33" custom="readingOrder {index:32;}">
                <Coords points="498,2522 2110,2548 2268,2485 498,2498"/>
                <Baseline points="510,2532 597,2531 684,2531 772,2530 859,2530 946,2529 1034,2529 1121,2528 1208,2528 1296,2527 1383,2527 1470,2527 1558,2526 1645,2526 1732,2525 1820,2525 1907,2525 1994,2524 2082,2524 2169,2524 2257,2524"/>
                <TextEquiv>
                    <Unicode>of lighter tastes has an easy task with Broch. He can skip the philosophical</Unicode>
                </TextEquiv>
            </TextLine>
            <TextLine id="r1l34" custom="readingOrder {index:33;}">
                <Coords points="505,2589 2041,2598 2228,2587 2259,2538 505,2550"/>
                <Baseline points="516,2587 602,2586 689,2585 775,2584 862,2583 949,2582 1035,2582 1122,2581 1208,2581 1295,2581 1382,2581 1468,2581 1555,2581 1641,2581 1728,2581 1815,2581 1901,2581 1988,2581 2074,2581 2161,2580 2248,2580"/>
                <TextEquiv>
                    <Unicode>excursions without losing the thread ofthe narrative. The lover of abstrac¬</Unicode>
                </TextEquiv>
            </TextLine>
            <TextLine id="r1l35" custom="readingOrder {index:34;}">
                <Coords points="501,2651 2220,2657 2255,2609 500,2609"/>
                <Baseline points="512,2641 598,2640 685,2640 771,2639 858,2639 945,2638 1031,2638 1118,2637 1204,2637 1291,2636 1378,2636 1464,2635 1551,2635 1637,2635 1724,2635 1811,2635 1897,2635 1984,2635 2070,2636 2157,2637 2244,2638"/>
                <TextEquiv>
                    <Unicode>tions on the other hana will be inclined to skip the narrative and apply</Unicode>
                </TextEquiv>
            </TextLine>
            <TextLine id="r1l36" custom="readingOrder {index:35;}">
                <Coords points="491,2714 2171,2706 2263,2653 491,2659"/>
                <Baseline points="501,2695 588,2694 676,2693 763,2692 851,2691 938,2691 1026,2691 1113,2690 1201,2690 1288,2690 1376,2691 1463,2691 1551,2691 1638,2691 1726,2691 1813,2692 1901,2692 1988,2692 2076,2691 2163,2691 2251,2690"/>
                <TextEquiv>
                    <Unicode>himself to the essays on“ The Decay of Valucs ?. Broch himself waits</Unicode>
                </TextEquiv>
            </TextLine>
            <TextLine id="r1l37" custom="readingOrder {index:36;}">
                <Coords points="502,2760 2272,2752 2115,2686 502,2716"/>
                <Baseline points="512,2754 599,2752 686,2750 774,2749 861,2748 949,2747 1036,2746 1124,2746 1211,2746 1299,2746 1386,2746 1473,2746 1561,2746 1648,2746 1736,2747 1823,2747 1911,2747 1998,2747 2086,2748 2173,2748 2261,2748"/>
                <TextEquiv>
                    <Unicode>for the third type of reader, whose thinking is wedded to life, without</Unicode>
                </TextEquiv>
            </TextLine>
            <TextLine id="r1l38" custom="readingOrder {index:37;}">
                <Coords points="502,2818 1238,2816 1237,2767 1164,2757 1070,2775 1008,2754 969,2772 502,2760"/>
                <Baseline points="513,2802 548,2802 584,2803 620,2803 655,2804 691,2803 727,2803 762,2802 798,2802 834,2801 870,2801 905,2800 941,2799 977,2799 1012,2798 1048,2798 1084,2798 1119,2798 1155,2798 1191,2799 1227,2800"/>
                <TextEquiv>
                    <Unicode>being bound to reality alone.</Unicode>
                </TextEquiv>
            </TextLine>
            <TextLine id="r1l39" custom="readingOrder {index:38;}">
                <Coords points="557,2868 2204,2880 2267,2811 557,2819"/>
                <Baseline points="569,2858 653,2857 737,2856 822,2856 906,2855 990,2855 1075,2855 1159,2855 1243,2855 1328,2855 1412,2855 1496,2855 1581,2856 1665,2856 1749,2856 1834,2856 1918,2856 2002,2855 2087,2855 2171,2854 2256,2853"/>
                <TextEquiv>
                    <Unicode>Such a reader is richly rewarded by Broch: he learns that our world</Unicode>
                </TextEquiv>
            </TextLine>
            <TextLine id="r1l40" custom="readingOrder {index:39;}">
                <Coords points="494,2916 2211,2928 2261,2860 494,2885"/>
                <Baseline points="504,2916 591,2914 678,2912 766,2910 853,2909 940,2907 1028,2906 1115,2906 1202,2905 1290,2905 1377,2905 1464,2905 1552,2905 1639,2906 1726,2906 1814,2907 1901,2908 1988,2908 2076,2909 2163,2910 2251,2911"/>
                <TextEquiv>
                    <Unicode>is a world of sleep-walkers—“ over near and over far, as things are to a</Unicode>
                </TextEquiv>
            </TextLine>
            <TextLine id="r1l41" custom="readingOrder {index:40;}">
                <Coords points="491,2979 2171,2985 2263,2930 491,2939"/>
                <Baseline points="503,2971 590,2970 677,2969 765,2968 852,2968 940,2967 1027,2966 1115,2966 1202,2965 1290,2965 1377,2965 1464,2964 1552,2964 1639,2964 1727,2964 1814,2964 1902,2964 1989,2963 2077,2963 2164,2964 2252,2964"/>
                <TextEquiv>
                    <Unicode>child much about him (man) has become indistinct and yet</Unicode>
                </TextEquiv>
            </TextLine>
            <TextLine id="r1l42" custom="readingOrder {index:41;}">
                <Coords points="505,3037 2264,3028 2226,2973 505,2998"/>
                <Baseline points="515,3026 601,3026 688,3025 775,3024 862,3023 949,3022 1036,3021 1122,3020 1209,3019 1296,3019 1383,3018 1470,3018 1557,3017 1644,3017 1730,3017 1817,3017 1904,3017 1991,3017 2078,3017 2165,3018 2252,3019"/>
                <TextEquiv>
                    <Unicode>aknowledge is beginning to grow in him that he perhaps already possessed</Unicode>
                </TextEquiv>
            </TextLine>
            <TextLine id="r1l43" custom="readingOrder {index:42;}">
                <Coords points="503,3086 2224,3098 2261,3036 502,3045"/>
                <Baseline points="513,3080 599,3080 686,3079 773,3078 860,3077 947,3077 1034,3076 1120,3075 1207,3075 1294,3074 1381,3074 1468,3073 1555,3073 1642,3073 1728,3073 1815,3073 1902,3073 1989,3073 2076,3074 2163,3074 2250,3075"/>
                <TextEquiv>
                    <Unicode>but did not heed. And the reader learns to understand the people in</Unicode>
                </TextEquiv>
            </TextLine>
            <TextLine id="r1l44" custom="readingOrder {index:43;}">
                <Coords points="494,3148 2257,3138 2189,3081 494,3095"/>
                <Baseline points="505,3137 592,3136 679,3135 766,3134 853,3133 940,3132 1027,3131 1114,3130 1201,3129 1288,3129 1375,3128 1462,3127 1549,3127 1636,3127 1723,3127 1810,3127 1897,3127 1984,3128 2071,3129 2158,3130 2246,3131"/>
                <TextEquiv>
                    <Unicode>this world, the Eschs and the Huguenaus, the Pasenows and the Bertrands,</Unicode>
                </TextEquiv>
            </TextLine>
            <TextLine id="r1l45" custom="readingOrder {index:44;}">
                <Coords points="503,3199 2183,3203 2270,3146 503,3161"/>
                <Baseline points="514,3190 601,3189 688,3188 775,3187 863,3186 950,3185 1037,3185 1124,3184 1212,3184 1299,3183 1386,3183 1473,3183 1561,3183 1648,3183 1735,3182 1822,3182 1910,3182 1997,3182 2084,3183 2171,3183 2259,3183"/>
                <TextEquiv>
                    <Unicode>undisciplined and scruple-ridden. He sees these people in their conflict</Unicode>
                </TextEquiv>
            </TextLine>
            <TextLine id="r1l46" custom="readingOrder {index:45;}">
                <Coords points="500,3254 2024,3263 2215,3255 2252,3200 500,3210"/>
                <Baseline points="512,3247 598,3246 684,3245 771,3244 857,3243 944,3242 1030,3242 1117,3241 1203,3241 1290,3240 1376,3240 1462,3240 1549,3240 1635,3239 1722,3239 1808,3239 1895,3239 1981,3239 2068,3239 2154,3239 2241,3239"/>
                <TextEquiv>
                    <Unicode>and struggle with the conditions of everyday life, with the realities of our</Unicode>
                </TextEquiv>
            </TextLine>
            <TextLine id="r1l47" custom="readingOrder {index:46;}">
                <Coords points="497,3288 2262,3293 2132,3245 497,3266"/>
                <Baseline points="507,3299 594,3299 681,3300 768,3299 856,3299 943,3298 1030,3298 1117,3297 1205,3296 1292,3295 1379,3295 1466,3294 1554,3293 1641,3292 1728,3292 1815,3292 1903,3292 1990,3292 2077,3293 2164,3293 2252,3295"/>
                <TextEquiv>
                    <Unicode>time. But“ is this distorted life still reality?“. This question finds an</Unicode>
                </TextEquiv>
            </TextLine>
            <TextLine id="r1l48" custom="readingOrder {index:47;}">
                <Coords points="502,3386 2258,3331 501,3322"/>
                <Baseline points="513,3355 599,3355 686,3354 773,3354 860,3353 946,3353 1033,3352 1120,3352 1207,3351 1293,3351 1380,3350 1467,3350 1554,3350 1640,3349 1727,3349 1814,3349 1901,3349 1987,3349 2074,3349 2161,3349 2248,3350"/>
                <TextEquiv>
                    <Unicode>answer in the following: “ The unreal is the illogical. And this age</Unicode>
                </TextEquiv>
            </TextLine>
            <TextLine id="r1l49" custom="readingOrder {index:48;}">
                <Coords points="495,3408 2265,3387 495,3388"/>
                <Baseline points="506,3408 593,3409 680,3408 768,3408 855,3408 943,3407 1030,3407 1117,3406 1205,3405 1292,3404 1380,3404 1467,3403 1554,3402 1642,3402 1729,3402 1817,3402 1904,3402 1991,3402 2079,3403 2166,3403 2254,3404"/>
                <TextEquiv>
                    <Unicode>seems unable to attain a higher climax of the illogical, the antilogical:</Unicode>
                </TextEquiv>
            </TextLine>
            <TextLine id="r1l50" custom="readingOrder {index:49;}">
                <Coords points="487,3464 2210,3481 2259,3428 487,3447"/>
                <Baseline points="497,3466 584,3466 672,3466 759,3465 847,3465 934,3464 1022,3463 1109,3462 1197,3461 1284,3461 1372,3460 1460,3459 1547,3458 1635,3458 1722,3457 1810,3457 1897,3457 1985,3457 2072,3458 2160,3459 2248,3460"/>
                <TextEquiv>
                    <Unicode>it is as if the overwhelming reality of the war had destroyed the reality</Unicode>
                </TextEquiv>
            </TextLine>
            <TextLine id="r1l51" custom="readingOrder {index:50;}">
                <Coords points="488,3520 2271,3531 2270,3460 488,3494"/>
                <Baseline points="500,3526 592,3524 685,3522 777,3521 870,3520 962,3519 1055,3518 1148,3517 1240,3517 1333,3516 1425,3516 1518,3515 1610,3515 1703,3515 1796,3514 1888,3513 1981,3512 2073,3511 2166,3510 2259,3509"/>
                <TextEquiv>
                    <Unicode>of the world Every form is dissolved, a twilight of dull uncertainty</Unicode>
                </TextEquiv>
            </TextLine>
            <TextEquiv>
                <Unicode>

box 38/3
2. Cuttings
HERMANN BROCH
67
serve in“ Ulysses?’ as a vessel for enclosing the fate of one man—the
man—were by no means blindly adopted by Broch. His third novel,
as already stated, contains a great variety of actions, of which some are
combined to form a first group, while the“ Story of the Salvation Army
girl in Berlin (that is to say, a second action) visibly goes its own way
(indicated by titles and numbered consecutively). A closer study of the
connections which must doubtless exist between the main action and this
second story reveals that the latter repeats the main action on a mystical
plane as it were, thus removing the flavour of unsavoury realism that
might otherwise cling to it. That this is indeed so is seen from the third
1
action'’ which only takes place in the abstract, in the brain of the
author of these novels, is successively entitled“ Decay of Values, and
purports to be a philosophical interpretation of our time.
This is not too ambitious a word. It is true, of course, that the thoughts
of every really great artist issue from an individual, comprehensive
world picture, even where he only delineates figures and events, and not
philosophy: in the case of Hamsun, for example, or Gide, Conrad or
Thomas Mann, this picture could be readily abstracted from the action
and presented as a critical study. In the case of Broch this is unnecessary:
he is an author who has proved elsewhere that he is capable ofthinking out
philosophical treatise. And here also he himself transposes his symbols
on to an abstract plane: he describes a woman arranging her house, a
man arranging his life, and immediately after, in a following chapter
dealing with the style of architecture in a certain period, disengages the
event from the personal and gives it a general significance. The reader
of lighter tastes has an easy task with Broch. He can skip the philosophical
excursions without losing the thread ofthe narrative. The lover of abstrac¬
tions on the other hana will be inclined to skip the narrative and apply
himself to the essays on“ The Decay of Valucs ?. Broch himself waits
for the third type of reader, whose thinking is wedded to life, without
being bound to reality alone.
Such a reader is richly rewarded by Broch: he learns that our world
is a world of sleep-walkers—“ over near and over far, as things are to a
child much about him (man) has become indistinct and yet
aknowledge is beginning to grow in him that he perhaps already possessed
but did not heed. And the reader learns to understand the people in
this world, the Eschs and the Huguenaus, the Pasenows and the Bertrands,
undisciplined and scruple-ridden. He sees these people in their conflict
and struggle with the conditions of everyday life, with the realities of our
time. But“ is this distorted life still reality?“. This question finds an
answer in the following: “ The unreal is the illogical. And this age
seems unable to attain a higher climax of the illogical, the antilogical:
it is as if the overwhelming reality of the war had destroyed the reality
of the world Every form is dissolved, a twilight of dull uncertainty</Unicode>
            </TextEquiv>
        </TextRegion>
        <TextRegion orientation="0.0" id="r2" custom="readingOrder {index:1;}">
            <Coords points="2801,4044 2801,4196 2880,4196 2880,4044"/>
            <TextLine id="r2l1" custom="readingOrder {index:0;}">
                <Coords points="2791,4151 2810,4151 2817,4146 2821,4151 2830,4148 2872,4150 2881,4145 2892,4145 2891,4096 2862,4099 2842,4086 2810,4113 2801,4107 2790,4107"/>
                <Baseline points="2801,4145 2827,4146 2853,4145 2880,4144"/>
                <TextEquiv>
                    <Unicode></Unicode>
                </TextEquiv>
            </TextLine>
            <TextEquiv>
                <Unicode></Unicode>
            </TextEquiv>
        </TextRegion>
        <TextRegion orientation="0.0" id="r3" custom="readingOrder {index:2;}">
            <Coords points="2946,4038 2946,4190 3010,4190 3010,4038"/>
            <TextLine id="r3l1" custom="readingOrder {index:0;}">
                <Coords points="2936,4151 3022,4148 3019,4066 3006,4067 2982,4087 2973,4088 2962,4079 2934,4085"/>
                <Baseline points="2946,4140 2978,4139 3010,4138"/>
                <TextEquiv>
                    <Unicode>Sen</Unicode>
                </TextEquiv>
            </TextLine>
            <TextEquiv>
                <Unicode>Sen</Unicode>
            </TextEquiv>
        </TextRegion>
    </Page>
</PcGts>
