3392 4320
177 247 764 337 2. Cuttings
917 241 1382 328 box 38/3
1333 1198 1830 1317 „OBernurp¬
1255 1279 1345 1352 *
1273 1380 1769 1508 ent Preie Pie.
1043 1454 1326 1552 10. M
859 1576 2019 1671 Reuestem Buchertisch
956 1661 2019 1710 (Französische Bücher von Oesterreichern und über
860 1708 2017 1762 Oesterreich.) Unser Pariser Korrespondent schreibt uns: In
854 1761 2030 1808 einer Studie der Berliner Monatsschrift „Die Literatur“ wurde
849 1798 2017 1856 gezeigt, daß Frankreich seit der Zeit der Klassik und der
854 1835 2033 1897 Romantik, seit rund hundert Jahren also, sich deutschen Geistes¬
848 1876 2023 1917 werken gegenüber nicht mehr in gleicher Weise abschloß wie in den
849 1918 2019 1967 letzten fünf Jahren. Einen sehr beträchtlichen Raum, weit größer,
849 1946 2018 1998 als er dem Anteil an dem gesamtdeutschen Geistesschaffen ent¬
845 2000 2019 2048 spricht, hat dabei das österreichische Schrifttum eingenommen. Von
853 2040 2016 2085 den Aelteren wurden Grillparzer und Lenau neu übersetzt.
844 2080 2013 2145 Es ist kaum ein Zufall, daß es ein Oesterreicher war, der unter
850 2124 2011 2188 den deutschen Dichtern nach dem Kriege zuerst und am tiefsten ins
845 2162 2023 2210 französische Geistesleben eingedrungen ist: R. M. Rilke. Von
845 2203 1145 2267 Arthur S
1175 2207 2014 2262 Ar, einem der wenigen deutschen Autoren, die
847 2230 2017 2297 schon vor dem Kriege übersetzt wurden, ist später fast das Gesamt¬
845 2286 2014 2351 werk französisch erschienen. Im letzten Jahre hat das Interesse für
846 2334 2015 2393 Oesterreich und österreichische Autoren noch zugenommen. Zu den
846 2373 2004 2425 erfolgreichsten Büchern des Vorjahres gehört „Marie=Antoinette“
838 2419 2014 2458 von Stefan Zweig, dessen Werke fast ausnahmslos französisch
847 2453 2004 2493 vorliegen. Aus der schönen Literatur seien die zuletzt erschienenen
835 2493 2007 2543 Uebersetzungen von Josef Roths „Radetzkymarsch" und Lernet¬
839 2539 2007 2570 Holenias „Jo und der Herr zu Pferde“ genannt. Starkes
841 2583 2007 2630 Interesse ist der österreichischen Geschichte und Politik zugewendet.
843 2612 2005 2678 Bei Grasset ist ein Band des Briefwechsels zwischen Kaiserin
840 2663 2006 2696 Maria Theresia und ihrer Tochter, der französischen Königin Marie
837 2709 2009 2750 Antoinette, erschienen. Ein zweiter Band wird demnächst folgen.
837 2749 2000 2788 Eine wertvolle historische Arbeit hat der in Wien lebende Franzose
843 2788 2006 2829 Robert André in seinem Werk „L'idée nationale Autrichienne
833 2834 1999 2884 et les guerres de Napoléon“ (Alcan) geliefert. Ueber die Zeit Kaiser
831 2875 2007 2916 Franz Josefs liegen die beiden Bücher von Tschuppik über
829 2912 2003 2967 Franz Josef und Kaiserin Elisabeth vor. Der Franzose Maurice
834 2959 2008 3010 Muret hat dem Erzherzog Franz Ferdinand eine Monographie
831 3004 2015 3052 gewidmet (Grasset). Kraliks „Geschichte der Stadt Wien“ liegt
828 3028 1998 3076 ebenfalls in Uebersetzung vor. Von Allizé, der 1919 als erster
828 3075 2006 3121 französischer Diplomat nach dem Kriege mit einer Mission in
821 3118 2007 3164 Oesterreich betraut war, wurden die Erinnerungen („Ma mission
824 3158 2002 3202 à Vienne“ (Plon) von seiner Witwe herausgegeben. Ein grund¬
821 3196 1998 3239 legendes Werk der politischen Wissenschaft hat der frühere
834 3236 2004 3288 Generalsekretär der Donaukommission, G. Demorgny, in
830 3282 1996 3329 seinem „Danube et Adriatique“ (Loviton) veröffentlicht. Henri
837 3325 1999 3376 Béraud, der schon vor zwei Jahren ein Buch mit Eindrücken
829 3368 1996 3410 aus Oesterreich erscheinen ließ, legte vor kurzem eine Reportage
841 3406 2002 3463 über die jüngsten Vorgänge „Vienne, elef du monde“ (Edition de
838 3445 1098 3503 France) vor.
1645 3453 1959 3524 A. R. (Paris).
