3392 4320
365 400 1604 459 RADEMACHER. Was ist’s mit ihnen? Was machen sie?
372 462 1613 538 WEIHGAST. Meine Tochter ist verheiratet. Ja, ich bin
313 536 1614 582 schon zweifacher Großvater. Man sieht’s mir nicht an, ich weiß.
311 571 1599 639 Und mein Bub’ — Bub'!! — dient heuer sein Freiwilligenjahr —
320 610 1601 675 macht Schulden — hat neulich ein Duell gehabt mit einem jungen
317 671 1599 719 Baron Wallerskirch — wegen eines Frauenzimmers . Ja, mein
313 712 1598 783 Lieber, immer dieselben Dummheiten. So wird man alt, und
327 770 954 832 das Leben nimmt seinen Lauf.
359 824 1063 903 RADEMACHER. Ja, ja. Pause.
369 895 1602 972 WEIHGAST. Nun die Zeit verrinnt. Ich warte. Was hast
313 941 1602 1006 du mir zu sagen? Ich bin bereit, alles, was du wünschest...
316 1005 1602 1044 Soll ich vielleicht bei der Konkordia Schritte tun? Oder kann
318 1043 1600 1102 ich vielleicht in der Redaktion des „Neuen Tags“ für den Fall
316 1100 1592 1162 deiner baldigen Wiederherstellung... Oder — du entschuldigst,
312 1155 1601 1226 daß ich auch von solchen Dingen spreche — kann ich dir irgend¬
319 1198 1107 1264 wie mit dem schnöden Mammon ...
349 1254 1596 1313 RADEMACHER. Laß, laß. Ich brauche nichts — nichts
310 1295 1564 1383 Ich hab’ dich nur noch einmal sehen wollen, mein alter Freund. —
320 1359 1175 1442 das ist alles. Ja. Reicht ihm die Hand.
363 1423 1601 1499 WEIHGAST. So? Wahrhaftig es rührt mich. Ja. — Nun,
319 1484 1605 1556 wenn du wieder gesund bist, so hoff’ ich, wir werden einander
315 1526 752 1597 wieder öfter. na!
320 1600 1592 1666 Peinliche Pause. — Man hört das Ticken der Uhr aus dem Nebensaal.
346 1670 1598 1732 HALMSCHLOGER kommt. Nun, da bin ich wieder. ich
309 1712 1064 1786 bin hoffentlich nicht zu pünktlich?
351 1773 1600 1862 WEIHGAST erhebt sich, sichtlich befreit. Ja, wir sind bereits
302 1827 522 1904 zu Ende.
353 1908 1588 1974 HALMSCHLOGER. Nun, das freut mich. Und ich hoffe,
308 1957 1202 2024 unser Patient ist beruhigt — nicht wahr?
353 2014 1096 2095 RADEMACHER nickt. Ich danke.
367 2078 1595 2144 WEIHGAST. Also auf Wiedersehen, lieber Freund. Wenn
304 2144 1604 2216 der Herr Doktor gestattet, so schau' ich in ein paar Tagen
304 2181 756 2253 wieder einmal nach.
341 2251 1594 2339 HALMSCHLÖGER. Gewiß. Ich werde Auftrag geben, daß
310 2304 833 2378 man Sie zu jeder Zeit.
362 2357 1580 2450 WEIHGAST. Oh, ich wünsche nicht, daß Sie meinetwegen
312 2426 822 2494 eine Ausnahme machen.
345 2492 1056 2569 HALMSCHLOGER. Paschanda!
363 2558 1282 2619 WARTERIN reicht Weihgast den Oberzieher.
352 2632 1602 2685 WEIHGAST. Also nochmals Adieu und gute Besserung und
311 2700 1592 2752 nicht kleinmütig sein. Gegen den Ausgang mit Halmschlöger.
354 2745 1584 2826 FLORIAN kommt hinter dem Vorhang hervor. Habe die Ehre,
312 2789 925 2875 Herr Doktor, habe die Ehre!
347 2866 1591 2936 HALMSCHLOGER. Na hören Sie, Sie schlafen noch immer
304 2916 474 2986 nicht!
348 2977 1600 3047 WEIHGAST. Was ist das für ein Mensch? Er hat mich in
301 3036 1090 3098 einer so sonderbaren Weise fixiert..
344 3087 1543 3178 HALMSCHLOGER. Ein armer Teufel von Schauspieler.
362 3165 820 3241 WEIHGAST. So, so.
355 3240 1591 3294 HALMSCHLÖGER. Hat keine Ahnung, daß er in spätestens
306 3293 1146 3366 acht Tagen unter der Erde liegen wird.
295 3913 457 4019 16
1817 101 2363 168 —
1667 395 2138 476 WEIHGAST. So, so.
1754 480 2773 553 Blicke Weihgasts und Florians begegnen einander.
1661 535 2895 619 HALMSCHLÖGER. Drum halt' ich auch jede Strenge für
1623 595 2904 677 überflüssig. Regeln für Sterbende — das hat doch keinen rechten
1619 644 1749 703 Sinn.
1665 709 2904 763 WEIHGAST Sehr richtig. — Es hat mich wirklich gefreut,
1617 772 2906 823 bei dieser Gelegenheit Ihre nähere Bekanntschaft zu machen
1628 821 2906 866 und Sie sozusagen einmal bei der Arbeit zu belauschen. Es war
1626 869 2605 929 mir überhaupt in vieler Beziehung interessant.
1660 934 2904 985 HALMSCHLOGER. Nun, wenn ich fragen darf, war es
1630 984 2902 1056 wirklich etwas so Wichtiges, was Ihnen Ihr Freund mitzuteilen
1620 1026 1784 1092 hatte?
1668 1094 2916 1156 WEIHGAST. Keine Idee. Wir haben in längst vergangener
1623 1150 2884 1208 Zeit miteinander verkehrt, er wollte mich noch einmal sehen.
1619 1202 2908 1270 das war alles. Ich glaube übrigens, daß ihn mein Kommen sehr
1631 1244 2153 1320 beruhigt hat. Im Gehen.
1670 1315 2322 1386 WARTERIN. Küss’ die Hand.
1662 1370 2681 1456 WEIHGAST. Ach so. Gibt ihr ein Trinkgeld.
1662 1433 2864 1516 Halmschlöger, Weihgast ab, hinter ihnen auch die Wärterin.
1665 1526 2896 1590 FLORIAN yasch zu Rademacher hin. Na also, was war denn?
1626 1576 2902 1637 Der Mensch muß eine kolossale Selbstbeherrschung haben. ich
1615 1618 2914 1692 versteh’ mich doch auf Physiognomien — aber ich hab’ ihm
1617 1672 2755 1718 nichts angemerkt. Wie hat er’s denn aufgenommen?
1661 1726 2913 1815 RADEMACHER ohne auf ihn zu hören. Wie armselig sind
1612 1798 2757 1864 doch die Leute, die auch morgen noch leben müssen.
1661 1849 2918 1902 FLORIAN. Herr Rademacher — also was ist denn? Wie
1619 1912 2550 1975 steht’s mit dem Schlüssel zum Schreibtisch?
1658 1960 2903 2056 RADEMACHER erwachend. Schreibtisch —? — Machen S’,
1628 2022 2508 2081 was Sie wollen. Verbrennen meinetwegen!
1652 2074 2705 2156 FLORIAN. Und die Schätze? Die Meisterwerke?
1654 2151 2869 2234 RADEMACHER. Meisterwerke! — Und wenn schon..
1626 2207 2889 2284 Nachwelt gibt’s auch nur für die Lebendigen. Wie seherisch.
1621 2255 2883 2312 Jetzt ist er unten. Jetzt geht er durch die Allee — durchs Tor—
1603 2318 2904 2375 jetzt ist er auf der Straße — die Laternen brennen — die Wagen
1610 2360 2913 2410 rollen — Leute kommen von oben: und unten ... Er 1st.
1610 2396 2076 2472 langsam aufgestanden.
1651 2459 2837 2556 FLORIAN. Herr Rademacher! Er beirachtet ihn genau.
1641 2544 2893 2601 RADEMACHER. Was hab' ich mit ihm zu schaffen? Was
1608 2595 2891 2649 geht mich sein Glück, was gehn mich seine Sorgen an? Was
1605 2641 2886 2710 haben wir zwei miteinander zu reden gehabt? He! Was?..
1617 2703 2913 2762 Er faßt Florian bei der Hand. Was hat unsereiner mit den Leuten
1613 2735 2816 2812 zu schaffen, die morgen noch auf der Welt sein werden?
1650 2812 2905 2891 FLORIAN in Angst. Was wollen Sie denn von mir? — Frau¬
1612 2854 1877 2921 Paschanda!
1653 2909 2392 2994 WARTERIN kommt mit dem Licht.
1648 2992 2895 3068 RADEMACHER läßt die Hand Florians los. Löschen Sie's
1615 3054 2899 3124 aus, Frau Paschanda — ich brauch' keins mehr ... Er sinkt
1606 3094 1931 3156 auf den Sessel.
1653 3160 2881 3232 FLORIAN am Vorhang; hält sich mit beiden Händen daran;
1609 3210 2447 3283 zur Wärterin. Aber jetzt — nicht wahr?
2151 3299 2365 3387 Vorhang.
1833 3408 2881 3469 Die Szene aus „Die letzten Masken“ wurde mit Erlaubnis
1830 3454 2884 3509 des Dichters und des S. Fischer Verlag, Berlin, bei dem
1833 3490 2877 3547 Schnitzlers Werke in Einzelausgaben und einer schönen
1833 3526 2724 3601 Gesamtausgabe erschienen sind, nachgedruckt.
