3296 4320
1796 110 2205 184 —
348 179 461 250 h1
1328 179 1792 272 box 36/6
-5 170 1222 299 1ansOfforints
2108 977 2256 1066 185
1107 991 1897 1091 Early Works of Arthur Schnitzler
759 1082 2254 1171 Rundschau, a semi-monthly magazine edited by Dr. J. Joachim
296 1116 410 1192 o ch
758 1153 2244 1227 and E. M. Kafka. Referring to this period, in an article
764 1219 2256 1295 entitled" Ibsen in Wien,?'“ Hermann Menkes relates that
768 1271 2254 1344 Schnitzler usually made his appearance in the Café Griensteidl
769 1339 2251 1421 in the company of the elegant Richard Beer-Hofmann, and that
775 1391 2244 1475 these two were generally joined by Loris (Hugo von Hof¬
760 1452 2249 1532 mannsthal), Felix Dörmann, and the critics Felix Salten and
773 1518 2246 1596 Richard Specht. It was at this time, Menkes states, that the
764 1575 2259 1654 young publisher Eduard Kafka transplanted his newly founded
764 1644 2253 1718 periodical from Brünn to Vienna and transformed it into the#
773 1695 2241 1772 leading organ of the new literary and artistic movement.
770 1756 2252 1834 Unfortunately, however, it had so few subscribers that the
775 1812 2265 1907 contributors were obliged to make both literary and financial
772 1871 2248 1959 contributions to its support. On certain days the“Jung¬
781 1938 2262 2019 Wiener'’ assembled in the editorial room of the joumal to
769 2013 1302 2090 make their decisions.
855 2054 2261 2140 Schnitzler’s first literary contributions were four book
775 2123 2264 2199 reviews. 55 The authors of these books have long since passed
781 2176 2267 2259 into oblivion, and it seems unnecessary to revive their memory.
791 2235 2252 2332 We are interested solely in the reviewer’s comments, and these
784 2322 2264 2395 are mostly ironically destructive. Thus he writes of a collection
784 2354 2261 2437 of short stories: Die zwei ersten Geschichten sind langweilig
776 2414 2252 2513 und überdies recht schlecht geschrieben. Dabei ein faden¬
774 2496 2261 2552 scheiniger Humor, der kindlich sein will und dabei immer nur
785 2548 2267 2618 kindisch ist. Of a drama he remarks:" Die Sprache konnte
778 2593 2272 2694 uns mit dem tragikomischen Stoff nicht versöhnen; sie ist
787 2661 2258 2738 innerlich hohl wie das Stück selbst. Of another play he says:
794 2717 2262 2812 Wir bedauern lebhaft, daß wir in diesem von allen den ge¬
779 2784 2257 2860 nannten Vorzügen auch nicht einen zu entdecken vermochten.“
791 2828 2270 2932 And finally of another collection of novelettes: Zuweilen hört
788 2905 2265 2974 man von einem literarisch wertlosen Buche als von guter
795 2961 2276 3038 Unterhaltungslektüre sprechen. Für das Vorliegende wäre auch
785 3023 2274 3112 das des Lobes zu viel. Banale Stoffe, seicht behandelt—das
781 3095 2268 3168 gilt für diese Novellen und Skizzen von der ersten bis zur
795 3146 2276 3231 letzten. Quite characteristic of the later Schnitzler is the
875 3225 1601 3300 54 Neues Wiener Journal, July 23, 1917.
879 3257 2281 3346 # Moderne Rundschau, Vol. III, April 15, 1891, p. 84 and p. 86; June 15, 1891,
281 3318 418 3377 him at
782 3343 958 3404 p. 243.
269 3363 340 3432 Iti81
1628 3882 1908 3960 —
1728 3950 1890 4041 G
1360 3884 1543 4096 1
1566 3904 1721 4109 80
