3296 4320
1924 145 2290 223 —.—
1432 198 1901 298 box 36/6
471 208 678 283 Iet
223 210 1289 303 Panb.Offprints
1463 1115 1996 1202 The Germanic Revien
979 1130 1116 1207 168
985 1245 2493 1301 spective vision of blissful hours in the face of a cold strange
982 1297 1167 1368 world.
1069 1346 2469 1421 Der Andere. Aus dem Tagebuche eines Hinterbliebenen,“
988 1407 2489 1486 published in the same year, introduces the theme of woman’s
989 1468 2480 1536 infidelity and man’s jealousy, a theme that frequently recurs
977 1534 2474 1581 in the following years in many variations. A widower, sur¬
988 1603 2488 1659 rendering himself to his grief, makes daily pilgrimages to the
986 1647 2487 1700 cemetry. One day he notices a stranger with blond hair and
980 1700 2478 1785 plaintive eyes, who had attracted his attention before, kneeling
993 1762 2481 1836 by his wife’s grave, but he is too startled to address him. The
986 1824 2481 1889 following day the same scene is repeated, but now the widower
991 1885 2495 1965 follows the young man out of the cemetery. The latter,
994 1952 2486 2019 however, apparently aware of being pursued, jumps into a cab
993 2025 2486 2080 and vanishes forever. Henceforth the widower is tormented
983 2059 2483 2145 by the uncertainty whether or not his wife was true to him:
995 2121 2484 2188 Wie beneide ich jene Betrogenen, die über ihr Unglück klar
980 2199 2482 2262 geworden sind! Wie beneide ich selbst das Los derjenigen,
984 2249 2483 2318 welche ein Verdacht quält, und die weiter wacher weiter
991 2311 2484 2369 spionieren dürfen, die den glückseligen Augenblick erwarten,
991 2365 2493 2426 in dem die Ungetreue sich durch einen Blick, ein Wort verraten
989 2427 2497 2511 wird. Ich aber bin ein Verdammter für ewige Zeit;
992 2484 1831 2556 denn das Grab gibt keine Antwort.
1071 2541 2486 2619 In form and style, and particularly in mood, this story
987 2603 2489 2661 bears a resemblance to the series of novelettes published in
998 2670 2489 2741 1808 under the title Die Frau des Weisen. It is the first instance
992 2733 2488 2785 of Schnitzler portraying to us the complex and often contra¬
996 2788 2487 2851 dictory emotions of his characters. And he succeeds in making
992 2843 2482 2915 these vivid and convincing by use of the so-calledinterior
1000 2905 2493 2985 monolog'’ which we also find employed here for the first time
1002 2974 2495 3034 and which he developed to such perfection in his later prose
993 3023 2484 3097 works, utilizing it exclusively, for instance, in Leutnant Gusti
1000 3099 2496 3163 and Fräulein Else. A quotation may serve to illustrate this
989 3164 2491 3223 point. The widower is sitting at his desk, brooding over the
991 3202 2363 3276 significance of the mysterious stranger at his wife’s grave:
997 3289 2483 3362 Wer ist dieser Mann, der es wagt, auf dem Grabe meiner
2035 3349 2486 3416 Wie erfahre ich's?
1539 3351 1929 3416 Was war er ihr!
995 3338 1457 3418 Gattin zu knien?
1490 3360 1541 3413 *
1125 3410 2486 3466 Wo finde ich ihn wieder? . .. Plötzlich verzerrt sich mir
1006 3460 2491 3528 die ganze Vergangenheit. Bin ich denn toll? Hat sie
1896 3953 2211 4144 We
