3296 4320
1931 171 2401 243 —.—
487 240 589 313 h1
1483 242 1934 339 box 36/6
141 243 1320 357 1. Panofforints
1445 1010 1980 1104 The Germanic Revien
977 1044 1106 1113 174
972 1117 2468 1192 Schreiberei, und wenn du das größte Genie bist, was ist sie
977 1210 2480 1259 denn gegen so eine Stunde, in der deine Mutter hier auf dem
972 1250 2472 1323 Lehnstuhl gesessen ist und zu uns geredet hat, oder auch
981 1329 2473 1389 geschwiegen—aber da ist sie gewesen—dal und sie hat gelebt,
979 1369 2482 1443 gelebt!“ But Heinrich imperturbably retorts: Lebendige
978 1419 2476 1510 Stunden? Sie leben doch nicht länger als der letzte, der sich
975 1485 2495 1580 ihrer erinnert. Es ist nicht der schlechteste Beruf, solchen
982 1549 2266 1612 Stunden Dauer zu verleihen, über ihre Zeit hinaus. 34
1067 1617 2484 1674 The mental anguish suffered by the lover because of woman's
981 1683 2484 1736 inconstancy and her habitual mendacity forms the theme not
990 1727 2461 1804 only of the first Anatol scene, but also of“ Die drei Elixiere,'
988 1807 2469 1869 the opening lines of which state the problem clearly and suc¬
983 1833 2482 1927 cinctly:Er litt unendliche Qualen; nie konnte er sich mit
980 1904 2487 1991 einem Weibe glücklich fühlen, da die Zweifel ihn peinigten.
979 1962 2475 2045 Er mußte immer an die anderen denken, die dieses Weib vor
989 2021 2485 2106 ihm geliebt, die es nach ihm lieben würde.. Sie logen
987 2083 2489 2160 ihm eine Vergangenheit voll Irrtümer vor. Er wollte
989 2152 2483 2212 Gewißheit. And so the lover betakes himself to the Orient
984 2203 2488 2273 where he succeeds in finding a magic potion, one drop of which
991 2275 2489 2351 on a woman’s lips causes her to reveal the image at that moment
988 2333 2486 2413 present in her mind. He applies these drops repeatedly, and
992 2398 2493 2474 in every case, even when he has implicit faith in a woman’s
997 2445 2486 2540 sincerity and integrity, her eyes would acquire a dreamy and
991 2510 2485 2575 wistful expression and the form of some other man would be
986 2584 2496 2641 conjured up before her. Er fluchte dem Elixier, und ihm
1004 2644 2505 2694 war, als wäre er mit allen seinen Zweifeln noch tausendmal
995 2713 2511 2755 glücklicher gewesen als jetzt.“) 35 He sets out again to search
1082 2744 2499 2821 2 Tbid., 342. Cf. with this the following lines from Goethe’s poem“ Das Gött¬
987 2792 1175 2905 liche":
1488 2841 1969 2903 Nur allein der Mensch
1529 2886 2010 2950 Vermag das Unmögliche;
1530 2928 1874 2977 Er unterscheidet,
1524 2965 1915 3014 Wählet und richtet;
1527 3002 2006 3071 Er kann dem Augenblick
1534 3040 1857 3102 Dauer verleihen.
1080 3087 2499 3142 3 Anatol in Die Frage an das Schicksal“ actually prefers his doubts to the
1004 3150 2501 3196 certainty offered him by an hypnotic trance. His friend Max analyzes the situation:
1012 3185 2504 3236 Tage- und nächtelang quälst du dich, dein halbes Leben gäbst du hin für die
1011 3227 2502 3297 Wahrheit, nun liegt sie vor dir, du bückst dich nicht, um sie aufzuheben! Und
1014 3292 2497 3340 warum? Weil es sich vielleicht fügen kann, daß eine Frau, die du liebst, wirklich
1000 3320 2507 3382 so ist, wie sie alle deiner Idee nach sein sollen—und weil dir deine Illusion doch
997 3367 2266 3441 tausendmal ieber ist als die Wahrheit' (Ges. W., Theaterstücke, I, 24).
1508 3939 1564 4024 705
1597 3989 1659 4069 950
1724 3919 1910 4113 100
2360 4119 2409 4172 050
2624 174 2833 242 A SE
3163 996 3303 1090 Earl
2822 1117 3304 1194 for another formul
2821 1182 3302 1259 every past experien
2836 1240 3303 1322 and he is successfu
2830 1296 3302 1379 was keinem vorher.
2820 1356 3303 1446 lichen es tun müss
2826 1419 3302 1498 die Träume von
2839 1478 3303 1550 Seufzer der Erinne
2837 1536 3304 1611 so durfte er der Ein
2841 1594 3304 1665 für die es keine E
2845 1652 3298 1734 marred by his inab
2833 1711 3296 1800 the Orient is rewar
2837 1771 3300 1853 the assurance thaf
2848 1833 3293 1916 another man after
2834 1896 3288 1974 successively to a
2838 1954 3291 2029 upon him than an
2842 2008 3291 2090 babble of various
3149 2072 3228 2142 ad
2847 2080 3108 2153 no sooner
3015 2151 3062 2203 AV
2955 2141 2999 2200 1
2895 2137 2946 2204 lac
