3296 4320
1912 167 2347 234 —
1407 230 1916 323 box 36/6
502 239 603 312 1e
332 256 408 313 a
119 238 1390 356 1sOfforints
807 1104 949 1177 160
1293 1093 1832 1189 The Germanic Revien
809 1200 2306 1262 da es ja nicht mehr uns gehört, sondern dem Kaiser, dem Vater¬
810 1274 2304 1331 land—oder einem Wahn.10 Albrecht, a young officer,
820 1330 2299 1397 again is more outspoken: “ Und wär’s auch nicht für den Witz
820 1389 2293 1445 unseres Obersten, wär’s auch für Kaiser und Vaterland, mir schien'
814 1447 2291 1508 es doch, als trüg’ man uns für die Fahne eine wehende Narren¬
817 1504 2302 1580 kappe voran, als sängen uns die Pfeifen ein Spottlied, als wir¬
807 1571 2301 1627 belte die Trommel: warum? . .. warum? „1 Irene, the
813 1630 2302 1690 colonel's wife, who has had a liaison with Lieutenant Max, tries
816 1689 2299 1749 to persuade him to desert his comrades: Nicht hingemordet
818 1750 2302 1804 wirst du für ein Vaterland, das dir’s nicht dankt . .. nicht
802 1811 2294 1877 namenlos eingescharrt mit andern Namenlosen, vergessen wie
817 1870 2302 1921 die!... Finally Frau Richter, whose daughter, doomed
809 1930 2301 1989 to an early death, has entirely dropped out of sight, exclaims:
820 1988 2308 2032 Hätt’ ich die eine nur da, Herr Doktor, nur für eine Stunde
814 2048 2295 2113 die eine, für ihre letzte Stunde die eine—tausend, hundert¬
804 2116 2295 2187 tausend, das Land und der Kaiser, alles könnt’ meinethalben
810 2184 2291 2243 zugrundegehn.“ 13 Similar opinions can be found expressed in
802 2232 2294 2290 other works, as for instance in Der Weg ins Freie;“ Uber jener
807 2285 2293 2346 lügendumpfen Welt, in der erwachsene Menschen für reif,
810 2343 2297 2406 altgewordene für erfahren und Leute, die sich gegen kein
808 2415 2282 2476 geschriebenes Gesetz vergingen, als rechtlich; in der Freiheits¬
805 2469 2292 2540 liebe, Humanität und Patriotismus schlechtweg als Tugenden
804 2543 2298 2600 galten, auch wenn sie dem faulen Boden der Gedankenlosigkeit
804 2584 2296 2650 oder der Feigheit entsproßt waren, hatte Nürnberger grimmige
798 2644 2290 2693 Leuchten angezündet.““ Finally, the attitude of the populace
791 2706 2297 2781 in Der junge Medardus, with Napoleon before the gates, is grim
799 2758 1599 2822 irony on the theme of patriotism.
875 2808 2290 2874 But this little, relatively insignificant essay also forecasts
799 2881 2294 2957 Schnitzler’s later views on other topics. The superior and
800 2934 2298 3013 disdainful attitude of this youngster toward journalists and
790 3004 2281 3063 politicians that is evident in the opening paragraphs frequently
800 3063 2285 3118 recurs in his later works. It is only necessary to study the
794 3118 2303 3171 diagrams with the accompanying comments in Der Geist im
804 3172 2297 3271 Wort und der Geist in der Tat (Berlin, no date □roz7)), and to
874 3239 1124 3311 10 Ibid., 314.
877 3294 1126 3357 11 Ibid., 318.
876 3346 1125 3403 1 Ibid., 322.
874 3387 1131 3450 1 Ibid., 333.
855 3436 1674 3516 14 Ges. Werke, Erzählende Schriften, III, 274.
1852 3920 1983 4118 900
1846 4078 1897 4114 W5
1881 4085 2157 4169 R
3043 1037 3296 1152 Early W4
2713 1168 3301 1267 read the section“ Tages
2712 1242 3299 1329 der Sprüche und Bedenk
2712 1297 3302 1384 to mention Professor B
2709 1353 3278 1438 Fink und Fliederbusch (
2706 1423 3297 1499 Schnitzler entertains for
2785 1476 3304 1550 After thus rushing
2713 1537 3296 1624 years were to elapse befe
2716 1598 3302 1678 During these years he
2713 1656 3302 1735 taking his degree in 18
2721 1719 3302 1802 assistant. It goes with
2718 1775 3291 1855 discontinue his literary
2712 1840 3303 1915 more of a hobby to be
2722 1895 3291 1976 1886 four aphorisms by
2716 1953 3302 2032 schrift. The first and th
2726 2015 3302 2093 behavior, in this case
2727 2076 3293 2146 These two aphorisms ar
2725 2132 3303 2210 Buch der Sprüche und
2723 2193 3303 2281 student of Schnitzler’s
2729 2257 3304 2340 tion the author states
2721 2318 3303 2398 of diary containing man
2722 2377 3303 2454 care to maintain or eve
2718 2435 3304 2511 sumptuous enough to
2728 2488 3291 2565 always the most sensibl
2731 2554 3302 2629 licitous. In other wore
2724 2609 3301 2683 tative collection that h
2732 2670 3294 2753 In view of the early pi
2731 2735 3302 2811 it is interesting to note
2735 2790 3297 2870 ten or twenty years, bu
2726 2851 3293 2938 final aphorism has a po
2729 2912 3302 2991 Die einen leben—wie
2726 2969 3302 3049 wie man eine Suppe i
2722 3027 3293 3104 müssen ihr bißchen Lebe
2721 3091 3302 3168 gen Erde suchen—imme
2819 3151 3295 3222 It has often been re
2729 3207 3303 3287 a censorious way, that
2746 3269 3289 3341 the struggle for existe
2736 3331 3303 3410 The aphorism just quot
2822 3388 3268 3482 1 Nr. 32 and 33of“ Tage
3264 3398 3356 3478 4
2755 3447 3069 3531 Sprüche, p. 225.
