3296 4320
71 1647 127 1716 K
43 1697 124 1762 uf
59 1752 126 1815 az
83 3034 125 3077 S.
71 3205 144 3279 SCH
105 3380 143 3436 t
71 3526 136 3622 In
2110 165 2520 246 ——
491 258 580 306 m
622 235 715 309 1
1591 235 2058 339 box 36/6
381 248 1443 354 —offprints
272 1143 431 1231 Reuiero
2594 1168 2737 1255 169
1589 1159 2380 1254 Early Works of Arthur Schnitzler
271 1243 918 1348 the face of a cold strange
1252 1271 2731 1342 mich denn nicht geliebt? . .. Ist sie nicht hier hinter meinem
1248 1337 2726 1405 Sessel hundertmal gewesen, hat ihre Lippen auf meinen Kopf
272 1356 909 1444 che eines Hinterbliebenen,“
1253 1391 2726 1452 gepreßt und mit den Händen meinen Hals umschlungen?
1974 1440 2728 1497 Wer aber ist dieser blonde,
276 1427 916 1509 ces the theme of woman's
1247 1449 1940 1507 Waren wir nicht glücklich?
1247 1498 2729 1557 schöne, junge Mann?. . Warum ist mir sein Gesicht so
273 1490 920 1563 me that frequently recurs
1243 1539 2725 1594 bekannt erschienen?. .. Ist mir’s jetzt nicht, als hätte ich
272 1552 906 1629 riations. A widower, sur¬
1252 1601 2729 1652 ihn zu wiederholtenmalen, wenn ich mit ihr im Theater war
268 1616 923 1692 sdaily pilgrimages to the
1252 1641 2736 1702 oder in einem Konzerte, uns gegenüber gesehen, den Blick
267 1673 911 1744 anger with blond hair and
1247 1699 2740 1756 unverwandt auf sie gerichtet? War es nicht er, der einmal,
277 1732 915 1815 s attention before, kneeling
1254 1742 2738 1801 als ich mit ihr spazieren fuhr, dem Wagen so lange nachgeschaut?
1369 1792 2736 1865 Wer war er? Wer? Wer? Ein Schwärmer vielleicht,
1319 1812 1375 1869 * *
280 1797 907 1870 rtled to address him. The
1248 1855 2734 1912 den sie nicht einmal gekannt ... den sie nicht einmal eines
270 1854 892 1936 kted, but now the widower
1248 1902 2736 1955 Blickes gewürdigt.. Auch ich hätte ihn ja kennen müssen.
271 1921 909 1994 he cemetery. The latter,
1353 1952 2737 2009 Er hätte doch einmal in irgend einer Gesellschaft sich uns
277 1975 891 2049 pursued, jumps into a cab
1244 2000 2732 2058 zu nähern versucht. Nein.. er hat mich vielleicht
263 2041 891 2113 sthe widower is tormented
1249 2041 2742 2118 vermieden. Er hat meine Frau gekannt, ohne mich zu
1248 2107 2745 2162 kennen. Er hat sie auf der Straße verfolgt. er hat es
270 2092 892 2170 his wife was true to him:
2003 2145 2739 2210 ..Nein! Sie hätte es mir
1254 2154 2008 2223 gewagt, mit ihr zu sprechen.
277 2155 884 2232 die über ihr Unglück klar
1924 2198 2407 2260 Wenn sie ihn liebte?
2405 2190 2733 2258 ..Ach, sie
1252 2201 1816 2274 erzählt!... Erzählt!
280 2220 891 2303 elbst das Los derjenigen,
2043 2242 2736 2304 Woher weiß ich das? Weil
1257 2248 1954 2320 liebte ja mich. Mich?
270 2272 879 2352 ie weiter wachen, weiter
1811 2292 2739 2358 .Sagen sie's nicht alle, und die Fal¬
1257 2300 1772 2369 sie mir’s gesagt hat?
266 2337 875 2408 gen Augenblick erwarten
1259 2348 2745 2407 schesten öfter als die Besten . Oh, ich werde ihn finden
1346 2414 2663 2462 ich werde ihn finden ... und fragen... Und er.
273 2401 838 2467 nBlick, ein Wort verrate
1255 2446 2730 2519 selbst wenn er von ihr geliebt wurde, was wird er antworten?
276 2461 859 2556 ammter für ewige Zeit
1343 2508 2740 2562 .Ich bin zu ihrem Grabe hinausgewandert, weil ich sie
1245 2546 2745 2603 liebte sie aber hat nie etwas davon erfahren. Kann
270 2576 715 2658 arly in mood, thi
1252 2600 2497 2657 ich denn die Wahrheit aus ihm herauszwingen?.
273 2640 852 2718 bf novelettes published i
1251 2648 2746 2719 was alse soll ich tun? ... Weiterleben?... So weiterleben?
273 2697 721 2780 en. It isthe first ir
272 2767 853 2838 omplex and often contra
1340 2749 2730 2835 The potential infidelity of woman and a husband’s jealousy
271 2820 845 2890 nd he succeeds in makin
1260 2830 2753 2903 also constitute the theme of  Alkandis Lied. Dramatisches
280 2881 845 2962 of the so-called “ interic
1254 2886 2753 2959 Gedicht in einem Aufzug.“ As the scene opens Queen Maja is
278 2938 817 3021 ed here for the first ti
1253 2950 2752 3020 placing a wreath on the statue of the deceased singer Alkandi
280 3001 834 3084 rfection in his later pro
1255 3008 2741 3080 whose memory she worships. The court-musician Irsil, who
271 3067 889 3143 hstance, in Leutnant Gustl
1251 3079 2737 3148 harbors a secret love for the queen, witnesses this ceremony
272 3127 876 3192 y serve to illustrate this
1252 3141 2745 3203 and is deeply grieved. Nevertheless, he presents the queen
291 3186 877 3271 desk, brooding over the
1255 3207 2744 3261 with the manuscript of Alkandi’s last song, which he has just
283 3245 788 3319 rat his wife's grave:
1264 3259 2757 3337 discovered in an old desk in bis father’s house.“ The queen is
1344 3335 2749 3388 24 In view of the fact that Schnitzler’s father was a famous laryngologist at
307 3324 903 3408 auf dem Grabe meiner
1261 3374 2743 3428 whose home most of the leading actors and opera-singers were regular guests, it
459 3393 903 3450 Wie erfahre ich's?
1258 3427 2747 3475 seems probable that we have a reminiscence of his boyhood days in the lines of Irsil:
281 3440 898 3511 Plötzlich verzerrt sich mir
1628 3472 2410 3540 Mein Vater war ein kunstbefliss'ner Mann;
280 3489 908 3560 hdenn toll? Hat sie
1619 3519 2299 3568 In unsrem Hause, jedem Edlen offen,
1623 3553 2372 3622 Hat man der Künstler beste angetroffen—
2791 4130 2971 4188 G
