3296 4320
1941 161 2435 230 —
1483 221 1942 312 box 36/6
141 222 1319 340 1. Panphlets, offorints
1405 1041 2202 1136 Early Works of Arthur Schnitzler
2419 1051 2550 1144 157
1054 1160 2552 1242 spring of 1026, when the Viennese newspaper Der Tag, featuring
237 1171 601 1252 eblatt, May 9, 1926.
1092 1220 2556 1307 Erstlingswerke hervorragender Schriftsteller,’ brought this
1058 1295 2554 1355 poem as a contribution from Schnitzler. As it occupies this
1058 1339 2560 1404 unique position and has probably escaped the attention of all
318 1367 404 1436 25ff
1060 1396 2400 1466 but a few, it may be permissible to quote it here in full.“
334 1435 492 1523 Souper.
1395 1469 2120 1558 Herbstlich gelbe Blätter flüstern,
1395 1538 2088 1610 Mächtig dunkle Wolken fliehn.
1397 1592 2233 1649 Durch den Wald, den einsam düstern,
1399 1648 1994 1710 Wandern Musikanten hin.
1391 1718 2077 1802 Sind vom Schlosse fortgezogen,
1394 1789 1997 1855 Wo sie in des Festes Glanz
1390 1842 2031 1917 Lustig mit dem Fiedelbogen
1399 1897 2033 1976 Aufgespielt zu frohem Tanz.
1398 1983 2104 2056 Wandern jetzt auf engem Stege
1394 2030 2203 2118 Durch den Wald mit müdem Schritt.
1398 2093 2053 2163 Welke Blätter auf dem Wege
1391 2142 2018 2225 Knistern unter ihrem Tritt.
1395 2224 2116 2300 Wetterleuchten flimmert; trüber
1390 2284 2224 2357 Ziehn die Wolken; schwarz und dicht.
1395 2332 2102 2412 Vom verlass’nen Schloß herüber
1402 2390 2114 2477 Schimmert ein vergess’nes Licht.
180 2474 284 2559 1896)
1140 2469 2556 2541 We may safely assume that this poem is a direct imitation
1073 2540 2556 2601 of the poet Lenau. Apart from the fact that the latter makes
172 2580 545 2675 omposition date
1074 2595 2554 2660 his greatest appeal to young persons in their teens, we find
1064 2660 2554 2727 here that same mood of autumnal melancholy that is so char¬
249 2657 554 2728 to elude the
1072 2714 2557 2773 acteristic of Lenau. Even the metrical form is identical with
362 2712 572 2808 efforts,
1063 2776 2552 2833 many of Lenau's poems, and terins such as dark clouds, the¬
353 2774 530 2848 oks witl
1066 2837 2562 2902 gloomy forest, withered leaves, and lightning are a favorite
439 2839 527 2918 in
1069 2895 2560 2956 stock-in-trade with him. It must be admitted, however, that
378 2902 530 2973 ed anc
1063 2949 2539 3010 this lad of fifteen has caught the spirit and mastered the tech¬
1061 3013 1932 3083 nique of his model exceedingly well.
395 3014 510 3085 en
1133 3060 2548 3128 Schnitzler first saw his own name in print in 1880. He was
344 3079 548 3149 est work
1056 3127 2549 3206 graduated from the Gymnasium in 1870, at the age of seventeen,
395 3143 543 3212 dernde
1058 3189 2549 3261 and was now a student of medicine at the University of Vienna.
291 3194 555 3272 ust passed
1070 3251 2550 3309 On November 15, 1880, a dialog from his pen, entitled“ Uber
274 3258 556 3337 er, until the
1061 3312 2556 3378 den Patriotismus, appeared, not in a Viennese or Austrian
200 3320 564 3408 tates:“ Ich glaube,
1156 3377 2546 3449 * Der Tag not being accessible, I am quoting from the Prager Tageblatt, May o
1066 3436 2043 3489 1026, which copied the poem from the Viennese paper.
1568 3856 1651 3928 1
1452 3852 1716 4058 Waen
1848 3857 2002 4093 □00
1822 4050 1913 4153 9
