3296 4320
1976 152 2229 225 —
1382 208 1871 323 box 36/6
160 219 1235 342 Panphlets offnrints
888 1025 1021 1113 180
1371 1023 1897 1131 The Germanic Revien
958 1123 2379 1206 Some of the early poems are the reminiscences of a lover.
883 1203 2386 1270 It is characteristic of many of Schnitzler’s works that in his
884 1281 2388 1339 portrayal of love-relationships he shows a predilection, not for
886 1319 2386 1394 the flowering of love orthe height of passion, but for its declining
897 1384 2383 1457 stages and the effects of its termination. Anatol, who treasures
891 1450 2383 1519 all the mernentos of his past loves, explains:" Das ist so meine
884 1506 2382 1579 Art von Treue. Keine von allen, die ich liebte, kann ich
887 1563 2379 1619 vergessen. Wenn ich so in diesen Blättern, Blumen, Locken
886 1642 2386 1697 wühle dann bin ich wieder bei ihnen, dann leben sie
897 1692 2393 1766 wieder, und ich bete sie aufs neue an.“* The poem Am
887 1749 2381 1814 Flügel'’ renders the author’s mood as he recalls a former love.
888 1810 2394 1869 He is seated at the piano and this starts reminiscences of a
892 1864 1670 1955 similar situation in former days:
1125 1966 2004 2030 Da sitz' ich im wohlbekannten Gemach
1141 2030 2026 2086 Und spiele die alten Walzer und Lieder,
1124 2082 2069 2162 Doch find' ich die alten Töne nicht wieder.
1131 2149 2017 2229 Da lass' ich das Spielen und sinne nach.
879 2230 2386 2302 In retrospect the poet now relives the parting scene with his
892 2302 2377 2362 beloved.“ But tlien in the manner of Heine, vith an ironic
885 2365 1758 2436 touch, he gibes at his own emotions:
1109 2456 1928 2535 Vergebens heut in den alten Tasten
1134 2512 1919 2585 Such’ ich den süßen, geliebten Ton.
1134 2583 1903 2645 Es ist ein dummer Klimperkasten—.
1132 2636 1976 2724 Wahrscheinlich war er’s damals schon.“
963 2720 2392 2787 Similarly, in" Wildenstein,“’ vivid memories of blissful love
883 2797 2381 2869 are evoked by passing the ruins of an old castle. The poet
891 2851 1178 2939 concludes:
1108 2941 2149 3010 •O, welch ein Augenblick ist mir entschwunden,
1129 3006 2143 3062 Und wie durchklagt mich der Erinn’rung Leid,
1129 3059 2120 3139 Da ich mich auf dem gleichen Weg gefunden,
1135 3114 2140 3210 Wie vor zwei Tagen—nein!—vor langer Zeit.
967 3186 1536 3265 e Ges. W., Theaterstücke, I, 39.
963 3229 2379 3293 6 Körner (op. cit., 42) considers this poem an adumbration of the touching
881 3291 2393 3337 farewell scene in the novel Der Weg ins Freie, where Georg von Wergenthin, unable
886 3337 2388 3398 to express his feelings in words,“says it with music“ (cf. Ges. W., Erz. Sch., III,
887 3386 1049 3449 450f.).
