3344 4224
89 316 846 421 2. Benerkungen
997 296 1459 386 box 35/2
835 1005 2546 1085 der hellblaue Abendhimmel. Die Mondsichel stand weiß darin. Darunter zitterte ein Stern,
838 1075 2553 1135 als wäre er eine Spinne, die sich vom Mond herabgelassen hätte. Der Wind war halblaut
830 1122 2559 1196 in den Kronen der Bäume, er ging unruhig herum, als fröre ihn im herannahenden
844 1176 2549 1261 herbst. Etwas klang wie ein Schluchzen. Eine rundliche Wolke im Westen klebte am
845 1233 2554 1323 himmel wie eine Assel an einem Stein, wenn man ihn aufhebt. Amenold ermannte sich
831 1311 2553 1374 und ging weiter. Der Wald nahm ihn wieder auf; aber er konnte nicht mehr gut gehen.
831 1357 2559 1435 Es fiel ihm ein, daß es ungeschickt war, am Abend aufzubrechen. Am frühen Morgen
843 1410 2559 1497 war die Zeit dafür, alle Ritter sind das gewohnt. Er kehrte um und wollte noch einmal
846 1476 2549 1558 zu hause schlafen. Ilsmut wollte er nicht anrühren. Swar: morgen früh wäre er um so
844 1527 2547 1606 viel weiter, wenn er nicht umkehrte. Er stand wieder auf dem hügel. Der Himmel war
847 1595 2558 1658 um einen Schatten dunkler, der Mond trat stärker hervor, der Stern schien im Winde zu
849 1644 2558 1732 schaukeln. Im Westen ware. langgezogene Wolken von einer widrigen Färbung, als ob
848 1699 2558 1777 sie verfaulten. Es würgte ihn etwas in seiner Kehle. Er spürte die Schatten fallen. Der
851 1779 2560 1841 Wald sank zusammen wie ein Kschenhaufen, die große Föhre hob sich wie abgebrannt
853 1837 2376 1897 in den himmel, kläglich mit ihren wenigen Zweigen. Amenold eilte zur hütte.
933 1880 2550 1953 Ilsmut hatte, ohne sich zu rühren, das Fläschchen an den Mund gesetzt. „Ich
840 1948 2555 2017 traue dir nicht weniger als dem Liebestrank,“ sagte sie und trank: sonderbar, beide Säfte
849 2013 2554 2077 hatten ja den gleichen Geschmack. Eine plötzliche Scham hinderte sie, das Fläschchen zu
845 2054 2554 2123 leeren. Amenold sah sie in der Dämmerung liegen; es kam ihm vor, als vergehe und
841 2111 2557 2186 zerfiele sie schon; alles an ihr schien so dünn und zerbrechlich. Ein Nachwogel mit schlep¬
845 2178 2567 2251 penden gerollten Schwanzfedern hatte sich auf unbegreifliche Weise in die hütte verirrt
850 2245 2570 2313 und stieß klagende Rufe aus Dies erschreckte Amenold so, daß er nach ihren Händen griff
854 2281 2555 2359 und das Fläschchen fand: er erriet, eine dumpfe Verzweiflung verdunkelte ihm die Sinne
850 2344 2564 2423 und er trank den Rest aus. Er schmeckte bitter. „Du glaubst ja auch an diesen Trank
849 2414 2562 2473 nicht,“ sagte sie, und da überfiel ihn wahnsinnige Reue, daß er es getan hatte. Bis jetzt
845 2468 2573 2545 hatte er gelebt u.d jetzt sollte es aus sein. Niemand kann das fassen. Kalter Schweiß
847 2516 2557 2595 brach aus seiner Stirne. „Doch, ich glaube an ihn,“ stammelte er. „Dann lege das
851 2594 2571 2656 Schwert“, sagte sie sterbend, „dein Schwert zwischen uns.“ Er gehorchte. Und dann wurde
859 2640 1751 2724 kein Wort mehr gesprochen in diesem Walde.
1500 2851 1917 2965 Bemerkungen.
1450 2957 1976 3041 Don Arthur Schnitzler.
941 3002 2561 3098 Es gibt nur wenige Menschen, die dem wahren Egoisten antipathisch sind: diejenigen,
849 3092 1445 3175 die er beinahe lieben könnte.
938 3181 2560 3255 Solidarität der Bestrebungen knüpft euch mit Bindfäden, Solidarität der Schicksale
859 3242 2567 3331 schnürt euch mit Stricken, Solidarität der Verantwortungen schmiedet euch mit Ketten
875 3322 1121 3394 aneinander.
942 3415 2570 3474 Es als Tugend auszurufen, daß sich Menschen zusammengehörig fühlen — das war
857 3469 2090 3553 der geniale Einfall eines Mächtigen, der eine Garde brauchte.
2359 3576 2450 3676 27
905 3611 1370 3699 österr. Rundschau V, 60, 61.
1532 3988 2693 4116 S
1414 4004 1462 4080 845
3138 4141 3245 4231 1555
