3344 4224
125 229 856 334 2. Benerkungen
294 1298 951 1408 Dr. Max Goldschmidt
298 1391 940 1476 Büro für Zeitungsausschnitte
664 1426 1112 1514 Teleion: Norden 3051
146 1467 413 1538 BERLIN N4
482 1634 914 1742 Trager Taablatt
666 1769 1060 1881 5 Juni 162
190 1887 715 1966 Artur Schnitzler:
726 1954 1158 2049 Bemerkungen.
356 2022 1157 2097 Wir finden diese Aufzechnunen Artur
321 2077 1018 2155 Schnitzlers im Berliner „agebucht:
244 2117 1160 2195 Eine als Irrtum erkannte Meinung ohne
199 2167 1169 2242 falsche Scham aufzugeben, das ist vielleicht die
201 2224 1165 2285 wunderbarste Kraftersparnis, die unserem Geist
199 2281 1169 2338 gegönnt ist; und zugleich die, von der wir am
209 2323 785 2396 seltensten Gebrauch machen.
241 2378 1168 2460 Manche flückten sich in den Wahnsinn wie
662 2439 1175 2507 und beides kann sowohl
208 2447 617 2520 andere in den Tod;
213 2489 870 2570 Mut als Feigheit gewesen sein.
250 2565 1163 2638 Erinnerungsfälschung, das ist die ohnmäch¬
208 2619 1171 2693 tige Rache, die unser Gedächtnis an der Un¬
210 2669 1044 2742 widerruflichkeit alles Geschehens nimmt.
258 2745 1168 2804 Mancher pflegt den Abfall von einem Freund.
208 2781 1177 2851 einer Geliebten, einer übernommenen Pflicht
216 2821 1192 2908 mit dem Gebot der Treue gegenüber sich selbst
214 2869 1181 2952 zu entschuldigen — was oft genug nichts an¬
223 2916 1191 2984 deres bedeutet als die bequemste und seigste
226 2961 1191 3014 Art der Selbsttäuschung. Denn, wie wenige
208 3001 1190 3067 kennen die Gesetze ihrer eigenen Entwicklung so
213 3043 1189 3104 genau, daß sie entscheiden könnten, ob sie mit
222 3085 1190 3157 solcher Treulosigkeit gegen einen Menschen oder
221 3141 1189 3194 eine Sache nicht zugleich die schlimmste gegen
229 3175 791 3257 sich selbst begangen haben?
267 3248 1197 3320 Nichts tragen wir einem Menschen unver¬
225 3293 1186 3378 söhnlicher nach, als wenn er, ob auch absichts¬
224 3352 1186 3412 los, uns in die Gelegenheit versetzte, gerade in
227 3385 1200 3459 unserer Beziehung zn ihm die üblen Seiten
813 3440 1207 3508 — oder uns gar
225 3441 818 3510 unserer Natur zu entwickeln
233 3490 915 3562 erst Anlaß gab, sie zu entdecken.
1015 211 1462 310 box 35/2
2001 1463 2357 1567 J. 121 U
2762 1590 2922 1654 Nr. 1.
1980 1603 2449 1667 DiE BEREITSCHAFT.
1488 1620 1714 1679 Seite 12.
1455 1746 1957 1838 Bemerkungen.
1463 1816 2024 1900 Von Artur Schnitzler.
1577 1892 2972 1966 Allzu viel Seelenkraft verschwendet oft der ehrliche Bekenner an die
1462 1949 2968 2010 leidenschaftliche Bekämpfung von Ansichten, an die manche von denen im
1456 1998 2972 2050 Innersten garnicht glauben, die sich als ihre Anhänger, ihre Verfechter, ja
1459 2047 2983 2088 gelegentlich als ihre Märtyrer aufspielen. So ist — wie in den meisten an¬
1470 2064 2978 2123 deren menschlichen Bezichungen — auch in der Politik der innerlich Un¬
1466 2106 2980 2163 beteiligte dem wahrhaft Beteiligten gegenüber stets im Vorteil. Denn
1467 2138 2980 2197 während für jenen auch eine Niederlage eine gewissermaßen nur sportliche
1472 2187 2978 2253 Bedeutung beansprucht, setzt der innerlich Beteiligte in jedem Fall sein
1465 2217 2977 2291 ganzes Wesen für seine Ueberzeugung ein, zahlt auch als Sieger immer noch
1476 2262 2970 2323 einen höheren Preis als der andere und verliert mehr und Besseres, als der
1473 2312 2136 2385 andere jemals verlieren könnte.
1591 2410 2979 2493 Wie man den Alkoholismus an sich schon ein Laster zu nennen pflegt,
1484 2469 2986 2532 vor allem um der Verbrechen willen, deren Ursache er sein kann, so wäre
1477 2506 2981 2570 man wohl berechtigt, auch jede Art von parteimäßiger Gesinnung als Laster
1479 2539 2982 2616 zu bezeichnen, da es kaum eine verbrecherische Handlung gibt, zu der jene
1475 2611 2993 2656 nicht Anlaß oder Vorwand bieten kann, und weil sie überdies geradeso wie
1484 2616 2983 2691 der Alkoholismus als mildernder Umstand für begangene und als Freibrief
1477 2682 2989 2734 für etwaige künftige Verbrechen ausgenützt und entschuldigt zu werden pflegt.
1593 2790 2990 2877 Es gibt nur drei absolute Tugenden: Sachlichkeif, Mut und Verant¬
1493 2854 2994 2917 wortungsgefühl; diese drei schließen nicht nur alle andern gewissermaßen
1489 2895 2993 2970 ein, sondern ihr Dasein paralysiert sogar manche Untugenden und Schwächen,
1486 2947 2669 2997 die gleichzeitig in der selben Seele vorhanden sein mögen.
