3344 4224
980 258 1450 349 box 35/2
117 273 851 377 2. Benerkungen
1063 749 1821 908 Mk JAN-
1817 860 1953 958 S
1070 876 1161 961 1
714 1294 2105 1421 Bemerkungen zu dem Thema
829 1415 1653 1529 Kunst und Kritik.
856 1548 1525 1611 Von Arthur Schnitzler.
800 1638 2296 1736 Dem Kritiker ist es so leicht gemacht, eine Abneigung, die er
730 1719 2297 1789 etwa gegen einen Autor, dessen Persönlichkeit, dessen Werk emp¬
729 1783 2312 1849 findet, in einer völlig gefahrlosen Weise zum Ausdruck zu
736 1820 2309 1907 bringen, daß er schon einer ganz besonderen Charäkterstärke und
734 1894 2295 1976 Selbstüberwindung bedarf, um dieser Verführung nicht zu unter¬
742 1961 934 2040 liegen.
820 1990 2307 2082 Es ist kaum der Mühe wert, in diesem Zusammenhang von der
736 2066 2317 2129 Schar talentloser oder bösartiger Individuen zu reden, die, wie in
736 2111 2301 2210 jedem andern Beruf auch in dem der Kritiker die Mehrzahl bil¬
729 2199 2302 2253 den: aber es gibt zu jeder Zeit auch recht begabte Schriftsteller,
734 2249 2292 2325 denen, um durchzudringen, weiter nichts mangelt, als jenes ge¬
731 2315 2314 2366 heimnisvolle Element, das ein Künstler besitzen muß, damit seinen
741 2363 2297 2426 Erfolgen Intensität und Dauer beschieden sei —: Persönlich¬
745 2407 2309 2486 keit. — ein Mangel, den der Betroffene selbst zu fühlen oder gar
736 2480 2113 2558 sich selber einzugestehen nur selten imstande sein wird.
809 2526 2308 2597 Muß es solche Leute, die als „Schaffende“ immerhin ihr Bestes
748 2599 2296 2665 und damit oft genug Gutes, ja Wertvolles geben, und die doch nie¬
739 2659 2312 2717 mals über die Anerkennung eines kleinen Kreises hinausgelangen;
741 2709 2310 2778 die überdies in jenen Seelentiefen, wo auch die Möglichkeit eines
753 2763 2316 2831 Selbstbetrugs nicht mehr besteht. ahnen mögen, daß auch die
741 2814 2299 2898 Nachwelt sie für die Trübnis ihres Erdenwallens kaum entschä¬
738 2897 2317 2959 digen dürfte — muß es diese Leute nicht mit Groll erfüllen, wenn
744 2954 2313 3008 sie sehen, daß irgend ein Berufsgenosse, der ihnen an eigentlicher
741 2989 2315 3063 Begabung vielleicht nicht einmal sonderlich überlegen ist und der
749 3076 2313 3129 eben nur durch jenes geheimnisvolle Element der Persönlichkeit
756 3106 2320 3200 stärkere Wirkungen ausstrahlt, ideelle und materielle Vorteile
737 3152 2314 3243 genießt, die ihnen im allgemeinen versagt bleiben? Und wenn nun
747 3243 2314 3300 einem von diesen Leuten Gelegenheit gegeben ist, seinem ge¬
753 3287 2315 3374 preßten Herzen Luft zu machen, eine kurze Frist— so lange er
756 3356 2325 3436 eben die Feder in der Hand hält= sich dem glücklicheren Berufs¬
2720 2534 2778 2586 800
2808 2515 2851 2586 725
2700 2609 2877 2685 IE AU
2983 2600 3081 2685 3337
2934 2627 2980 2688 8
3025 2758 3092 2817 600
2877 2786 2927 2833 4
2570 2754 3027 2877 A
2952 2863 3014 2901 8
2598 2866 2732 2922 Mneg u
2816 2868 2875 2923 7 00
2892 2866 2949 2955 945
2970 2904 3022 2947 8298
2694 3125 2833 3212 R
3031 3185 3082 3231 1200
