3392 4224
154 285 905 380 2. Benerkungen
1020 265 1491 364 box 35/2
1554 1044 2290 1112 seinen Egoismus, seine Brutalität,
827 1054 1416 1144 POLITIKER-ANEKDOTEN
1558 1098 2110 1163 seine eigenwillige Politik.
891 1117 1545 1196 Jean Jaurés hatte keine beson¬
1666 1134 2280 1213 Ich kann nichts gegen ihn
829 1187 1551 1253 dere Meinung von seinem künfti¬
1576 1190 2282 1244 vorbringen, sagte Bérard, er hat
832 1235 1552 1288 gen Lobredner Herriot, denn in der
1569 1241 2284 1287 mir stets seine Zuneigung bewiesen.
832 1272 1563 1344 „Humanité“ äuferte er einmal:
1637 1279 2291 1336 — I wo, er pfeift auf Sie genau
1569 1318 2289 1382 wie auf die andern ... Er würde
957 1319 1549 1385 Wenn Herr Herriot die Re¬
1567 1376 2298 1421 die ganze Menschheit umbringen
841 1370 1556 1434 volution erleben sollte, wird er sei¬
1565 1397 2247 1467 lassen., auch seine Freunde!
839 1422 1555 1470 nen Geraniumtopf aufs Fenster¬
1634 1454 2292 1528 — Vielleicht ... aber mich zu¬
849 1460 1548 1523 sims stellen und zusehen, wie sie
1573 1497 1739 1573 letzt
834 1512 1120 1579 vorüberzieht.
1798 1533 2302 1614 (Nacherzählt von B. F.)
889 1596 1555 1666 Léon Bérard hatte einen jungen,
834 1651 1560 1718 sehr schönen Kriegsverletzten in
1566 1636 2288 1736 INHALT DES LETZTEN HEFTES
837 1700 1550 1770 den Dienst seines Kabinetts ge¬
1569 1725 1970 1803 Tagebuch der Zeit
838 1744 976 1812 stellt.
1579 1771 2303 1853 Ein englischer Offizier: Die Reichs¬
951 1782 1564 1860 Und wo sind Sie verwundet
1626 1833 1783 1885 wehr
845 1843 1325 1908 worden? fragte er ihn.
1576 1852 2307 1937 B. F. Dolbin: Graf Bernstorff
941 1899 1553 1954 Auf dem chemin des dames,
1641 1918 1896 1972 (Zeichnung)
844 1941 1312 2011 monsieur le ministre.
1581 1949 2246 2018 Artur Schnitzler: Bemerkungen
946 1977 1558 2057 Dann nehmen Sie sich in
1574 2013 2296 2064 Stefan Großmann: Das Malheur
849 2032 1570 2105 acht, sagte Bérard, auch hier be¬
1637 2044 2064 2109 des Herrn Schaible
853 2084 1558 2153 finden Sie sich auf dem chemin
1573 2095 2248 2153 Lipsius: Deutsche Wissenschaft
854 2132 1118 2201 des dames!
1587 2135 2293 2197 Egon Erwin Kisch: Warschau am
1640 2173 2242 2236 Tage nach dem Staatsstreich
1578 2220 2282 2297 Hans Sahl: Klassiker der Leih¬
879 2212 1570 2279 Bei den Verhandlungen von
1640 2267 1932 2330 bibliothek II
856 2264 1576 2332 Cannes riß Lloyd George einmal
1580 2296 2206 2386 Alfred Polgar: Panzerkreuzer
853 2308 1572 2366 die Geduld, er strafte das englische
1648 2362 1872 2420 Potemkin
848 2358 1221 2427 Phlegma Lügen:
1586 2390 2232 2462 Franz Hessel: Eva und Eveline
955 2391 1563 2468 Ach, ihr Franzosen seid über
853 2444 1575 2510 alles erhaben! Aber hütet euch:
1595 2445 2116 2511 Tagebuch der Wirtschaft
1595 2496 1768 2555 Glossen
862 2488 1564 2554 vom Erhabenen zum Lächerlichen
853 2536 1286 2601 ist nur ein Schritt!
883 2582 1271 2644 Briand erwidert:
1775 2585 2302 2667 Sichere Auskunft
984 2624 1583 2696 Der über die Straße von
1664 2643 2312 2703 über jedermann erhalten Sie, wenn S.
854 2669 1033 2734 Calais.
1659 2683 2314 2736 sich der modernen Graphologie be¬
1656 2716 2318 2760 dienen. Senden S. zuvor Ihre eigene
1658 2749 2307 2790 Handschrift ein u. überzeugen S. sich,
897 2741 1583 2821 Man sprach in der Kammer von
1653 2778 2310 2817 daß m. auf Grund graph. Forschung
1662 2804 2317 2850 gegebene Charakterbeurteilung nicht d.
867 2800 1578 2864 einem der bemerkenswertesten
1663 2828 2317 2884 kleinsten Charakterzug übersicht.
868 2856 1592 2898 Politiker der Stunde. Ein paar
1658 2867 2076 2906 Honorar 2 M. (Voreins.)
858 2894 2289 2945 gute Freunde beklagten sich über . Halbreich, Bodenfelde (Weser).
864 2980 2321 3034 Redaktion des „Tage-Buch“ Berlin SW'19, Beuthstraße 19. Telephon: Mer¬
864 3008 2315 3066 kur 8790, 8791, 8792. Verantwortlich: Stefan Großmann, Berlin W, Budapester Straße 16.
905 3033 2314 3095 — Verlag: Tagebüchverlag G. m. b. H., Berlin SW 19, Beuthstraße 19. — Postscheckkonto:
2063 3073 2312 3109 Wien 156 791.
869 3072 2060 3123 Berlin 15 129. Postscheckkonto in der Tschechoslowakei: Prag 79 813.
877 3088 2318 3154 Bankkonto: Commerz- u. Privatbank, Depositenkasse C, Berlin W 8. Charlottenstraße 47.
869 3159 2253 3184 Bankkonto in der Tschechoslowakei: Böhm. Commerzialbank, Prag, Prikopy 6.
865 3158 2327 3213 Druck von Gehring & Reimers G. m. b. H., Berlin SW 68, Ritterstraße 75. — Anzei¬
1064 3203 2106 3245 genannahme: Karo-Reklame G. m. b. H., Beuthstrabe 19.
881 3244 2321 3309 Bezugppreis durch die Post in Deutschland pro Monat 2.— Reichsmark, pro
875 3268 2316 3331 Quartal 6.— R##chsmark; unter Streifband im Inlande und nach Österreich monatlich
883 3311 2321 3377 2.25 Reichsmark, vierteljährlich 6.50 Reichsmark. Für das übrige Ausland nur Streif¬
992 3338 2199 3401 bandlieferung monatlich 2.50 Reichsmark, vierteljährlich 7.— Reichsmark.
876 3473 985 3543 816
