3344 4224
302 257 463 331 Bem
145 263 871 366 2 rkungen
1026 241 1477 340 box 35/2
756 1436 2151 1570 Bemerkungen zu dem Thema
876 1559 1690 1681 Kunst und Kritik.
901 1672 1546 1789 Von Arthur Schnitzler.
892 1748 2295 1840 Aus dem noch nicht erschienenen „Buch der Sprüche und Bedenken“.
857 1860 2358 1945 Wenigen Menschen ist es gegeben, einem Kunstwerk als
789 1916 2354 1996 ruhig Betrachtende gegenüberzustehen; aber kaum einer ist
784 1967 2344 2072 fähig oder gewillt, während er das Werk auf sich wirken läßt, im
801 2031 2344 2123 Nachgefühl oder im Gespräch darüber einfach ein Betrachtender
794 2093 2357 2187 zu bleiben. Unversehens wird er zum Kritiker, indem er an
791 2160 2352 2241 dem Werk seine Urteilskraft zu erweisen, seinen Witz zu üben,
789 2217 1680 2304 sein eigenes Wesen zu messen sucht.
859 2272 2357 2341 Der Naive tut das vorerst ohne jede, gewiß ohne jede übel¬
798 2320 2353 2416 wollende Absicht; aber auch in ihm kommen bald die angeborenen
796 2374 2360 2456 menschlichen Eigenschaften zu ihrem Recht —: Eitelkeit und
794 2435 2369 2530 Besserwisserei. der Drang. vor sich selbst und vor anderen als der
794 2496 2368 2565 Uberlegene dazustehen. — so daß er im höheren Maß bereit sein
795 2554 2375 2668 wird, die schwachen Seiten eines Werks aufzuspüiren, als dessen
797 2634 1332 2729 gute gelten zu lassen.
1610 2662 1677 2720 *
877 2708 2365 2795 Allerlei Schwächen, die wir manchmal geneigt sind, dem Kri¬
799 2782 2355 2855 #tiker als Individuum anzukreiden, haben offenbar mit seiner Per¬
813 2828 2364 2918 son. mit Mängeln seines Charakters, seines Talents oder seiner
810 2885 2367 2979 Urteilskraft kaum erwas zu schaffen. Es drückt sich in diesen
812 2961 2370 3038 Schwächen oft nur der immanente Geist der Kritik aus, ihre Erb¬
815 3012 2377 3082 sünde könnte man sagen, der jeder, der nun einmal diesen Beruf
806 3060 2361 3158 ausübt. unweigerlich verfallen ist. Für die Richtigkeit dieser An¬
807 3140 2365 3203 nahme scheint mir ein Beweis zu sein, daß auch Autoren (ja be¬
820 3176 2377 3257 sonders solche). die sich über erlittene Angriffe nicht heftig genug
813 3239 2379 3312 entrüsten konnten. sobald sie selbst in die Gelegenheit kommen,
817 3291 2387 3378 an dem Werk eines andern Autors Kritik zu üben, die gleichen
820 3367 2397 3433 und olt noch viel übleren Rezensentenmanieren anzunehmen
818 3408 2397 3498 pflegen als die. die ihnen höchst verwerflich dünkten, da sie sie
810 3487 1745 3574 um eigenen Leih zu verspüren hatten.
2804 3029 2864 3076 1200
2799 3036 2892 3110 32
