3108 4224
123 236 548 338 2. Bener
539 238 878 320 kungen
1017 222 1461 311 box 35/2
1558 1580 2606 1648 Menschenliebe als politische Idee ist eine Phrase,
1507 1635 2601 1688 als religiöse Idee ein Mißverständnis, als ethische
1515 1699 1857 1772 Idee ein Wahn.
1554 1839 2606 1898 In jedem Gefühl ist das edelste, was unser Ver¬
1506 1894 2602 1972 stand; in jedem Urteil das verständigste, was unser
1504 1958 1887 2028 Gefühl dazu tut.
1558 2101 2599 2160 Nichts abgeschmackter als der Versuch, einer ver¬
1519 2160 2607 2212 nünftigen, guten, ja selbst tapferen Tat, die man
1520 2216 2611 2268 aber doch, wie es meist geschieht, nur aus persön¬
1516 2275 2615 2348 lichen Gründen beging, nachträglich die Glorie eines
1523 2329 1986 2405 Prinzips zu verleihen.
1566 2459 2607 2528 So lange die persönliche Existenz währt, stellt
1515 2521 2610 2598 das Individuum einen absoluten, die Individuali¬
1516 2588 2607 2644 tät einen relativen Wert vor. Ist das Dasein ab¬
1512 2643 2608 2707 geschlossen, so kehrt das Verhältnis allmählig sich
1526 2701 2608 2768 um, und insbesondere für die Geschichte der Mensch¬
1520 2758 2614 2826 heit kommt nur mehr die Individualität, das
1512 2822 2621 2878 Individuum dagegen nicht mehr im geringsten in
1519 2888 1749 2956 Betracht.
2516 3018 2614 3103 43
2046 3884 2142 4005 90
2274 3921 2319 4006 5
