3344 4224
128 272 967 383 2. Benerkungen
1017 241 1463 350 box 35/2
989 1075 2477 1156 Woher nur dein Drang. o Dichter, von den köstlichen Stunden
920 1129 2479 1221 Deiner Einsamkeit der aufhorchenden Welt zu erzählen! Solltest
921 1194 2491 1269 du im Grunde nicht eine höchst gesellige Natursein und ein wenig
921 1276 1222 1362 Geck dazu?
1002 1318 2481 1413 Künstler sein, das heißt: verstehen, die rauhen Flächen der
926 1396 2496 1496 Wirklichkeit so glattzuschleifen, daß sie die ganze Unendlichkeit
933 1443 2483 1537 von den Höhen des Himmels bis zu den Tiefen der Hölle wider¬
929 1527 1422 1606 zuspiegeln vermag.
1000 1571 2487 1688 In jeder Epoche bildet sich eine literarische Manier aus, mit
933 1663 2492 1741 der auch die geringeren Talente mehr oder weniger gewandt zu
928 1732 2492 1794 wirtschaften verstehen und die den Stil dieser Epoche unfreiwillig
932 1772 2496 1882 parodiert. Und es gibt wahre Genies der Manier unter diesen
936 1830 2491 1916 naiven oder hochstaplerischen Parodisten, die nicht nur das Publi¬
928 1888 2493 1975 kum. sondern auch die Kritik zu täuschen verstehen. — Der klas¬
932 1961 2507 2041 sische Stil ist es. der sich zu solch manieristischer Behandlung am
938 2001 2506 2098 wenigsten eignet. weil hierohne einige Bildung. Fleiß und Geduld
932 2069 2499 2170 doch nichts auszurichten oder vorzuspiegeln ist: der ##cruli¬
935 2119 2504 2206 stische und der expressionistische Stil bieten sich maniemseistnster
935 2190 2501 2274 Behundlung am bequemsten dar. Auch echte Talente aber ver¬
944 2231 2514 2323 fallen in ihren schwächeren Perioden in Manierismus, manchmal
944 2294 2501 2384 sogar solche. die in ihrer besseren Zeit den neuen Stil selbst ge¬
956 2372 1737 2442 schallen und ausgebildet haben.
1023 2455 2507 2528 Es mag dem Künstler begegnen, daßter mit seinem Stoff lange
941 2502 2513 2579 Zeit so überlegen gespielt hat, wie ein geschiekter Jongleur mit
954 2563 2519 2648 seinem Ball: daß es ihm gelang. ihn aus den höchsten Höhen und
951 2632 2506 2707 fernsten Fernen immer wieder im rechten Augenblick mit ge¬
952 2678 2526 2762 wandten Händen autzufangen: — bis er ihm doch einmal unver¬
956 2740 2519 2826 schens entgleitet. davonhüpft und in irgend einem Lebensgestrüpp
965 2790 2529 2885 verschwindet, aus dem er sich niemals wieder hervorholen läßt.
1045 2867 2518 2984 Wir sind allzuolt geneigt. unter einer trübe schillernden Ober¬
965 2952 2516 3048 Tläche Tiele zu vermuten: — und wenn wir uns entschließten.
966 3010 2533 3099 nachzuprifen. reicht unser kleiner Finger schon bis auf den
969 3067 2513 3154 Grund hinab. Eine klare Oberfläche aber täuscht uns immer wie¬
961 3139 2525 3221 der Seichtigkeit vor. indem sie unserem ahnenden Blicke gestattet.
969 3181 2528 3274 bis in eine Tiefe hinabzuschauen, die wir mit dem Senklot des
969 3261 2009 3337 Verstandes niemals zu erreichen vermögen.
1037 3314 2524 3418 Nur stillgeschwiegen. Autor — und keine Erwiderung! Die
972 3395 2541 3486 einzige. die du allen Angriffen entgegenstellen darfst. hast du
973 3457 2537 3567 schon vorweg genommen: — dein Werk. Wenn es dauert, hast
966 3542 1458 3638 du Recht behalten.
