3436 4224
169 265 907 368 2. Benerkungen
1061 240 1508 344 box 35/2
1053 1168 2542 1251 Eines der stärksten, jedenfalls aber das kontinuierliche Ele¬
974 1267 2533 1320 ment in der Beziehung von Mensch zu Mensch ist die Schaden¬
977 1307 2552 1380 Treude, soweit sie nicht durch persönliche Sympathie, besser noch
980 1382 2547 1442 durch das Vorhandensein eines mit dem (vermeintlich oder wirk¬
986 1447 2557 1513 lich) Geschädigten Gemeinsam und semit gleichfalls gefährdeten
988 1491 1705 1570 Interesses gebändigt scheint.
1064 1530 2553 1605 Und ihr verlangt im Ernst, daß der Rezensent um der Wahrheit
996 1620 2543 1678 willen einen boshaften Witz, eine amüsante Entstellung, ein
986 1657 2544 1730 heuchlerisches Wort des Bedauerns unterdrücke, da er doch in
991 1720 2551 1795 jedem Falle der Schadenfreude als einer so mächtigen, niemals
987 1774 2560 1847 versagenden Verbündeten sicher sein darf, durch deren Beifall
983 1832 2552 1905 und Vergnügen, er sich immer wieder exkulpiert, bestätigt und
982 1892 1918 1985 für die Zukunft ermutigt finden wird?
1066 2000 2558 2077 Sobald ein Kunstwerk, in die Offentlichkeit entlassen, seinen
990 2052 2556 2120 Weg beginnt, bietet sich manchmal ein seltsames Schauspiel dar:
997 2124 2557 2188 wie ein boshafter Affe auf dem Rücken eines edlen Renners
992 2186 2563 2255 springt irgend ein Schlagwort auf das Werk los. setzt sich dort fest
996 2234 2570 2315 und schneidet seine Grimassen; und wenn es bei dem rasenden
993 2301 2554 2365 Ritte allmählich die Laune und mit der Zeit Atem und Leben ver¬
1004 2366 2554 2423 liert —: es hat sich immerhin so fest in das edle Tier eingekrallt.
999 2404 2566 2478 daß geraume Zeit hindurch auch noch der verdorbene Leichnam,
994 2464 2554 2538 ein lächerlich gespenstischer Anblick, auf dem Rücken des galop¬
993 2537 2568 2605 pierenden Renners hocken bleibt, ehe er herunterstürzt, um am
1016 2588 1575 2673 Wegrand zu verwesen.
1077 2631 2566 2730 Sittliche Entrüstung —? Gegenüber von Kunstwerken gibt es
998 2712 2561 2797 überhaupt keine. Was man so zu nennen pflegt, ist ein durchaus
995 2784 1423 2854 fiktiver Begriff.
1077 2851 2562 2914 Es gibt allerdings Menschen, die ihre Unfähigkeit oder ihre
1010 2912 2577 2960 Abneigung, ein Kunstwerk rein als solches zu betrachten, bewußt
1001 2963 2574 3029 oder unbewußt in sittliche Entrüstung umdeuten. Das sind nicht
1007 3017 2161 3088 immer sehr kluge, aber oft ganz ehrliche Leute.
1076 3061 2563 3136 Es gibt ferner Menschen, die aus recht verschiedenen, sehr
1000 3149 2569 3194 häufig aus sogenannten politischen Gründen sich einem Kunst¬
1011 3180 2579 3245 werkgegenüber als sittlich Entrüstete gebärden. ohne es innerlich
1001 3254 2561 3315 zu sein. Es wäre unhöflich, diese Leute einfach als Heuchler zu be¬
1012 3309 2569 3370 zeichnen, da sich ihre Entrüstungsgeste innerhalb unserer Zivili¬
1010 3357 2564 3432 sation geradezu automatisch und oft ohne feindselige Absicht ein¬
1010 3426 1443 3502 zustellen pflegt.
1079 3465 2562 3541 Dann gibt es Menschen, die, ob nun für ihren eigenen Teilent¬
1002 3523 2587 3618 rüstet oder nicht, die eingebildeten „ die gespielten, die geheuchel¬
1007 3598 2594 3655 ten Entrüstungen der andern vollkommen ernst nehmen. Das sind
1016 3647 2215 3744 die Naiven oder die rettungsles einfältigen Leute.
3105 3083 3165 3160 □
