3436 4480
1110 253 1597 349 box 39/3
261 272 982 370 60th Birthday
749 945 1068 1055 ##tklasst #
2792 1021 3126 1108 „Kunstgewere.
2202 1061 2286 1153 —
511 1148 3106 1202 nicht daß er das „Märchen von den Gefallenen“ oder den novellistisches; wo ein Beutel Geld oder sonst ein äußer= zugehen und
2837 1188 3110 1247 der spezifisdh
521 1187 1703 1251 Unsinn des Duells „überwunden“ hatte, sondern daß all
1696 1196 2856 1258 licher Zufall Wende schafft, hat der Poet nichts zu sagen.
2847 1225 3108 1288 tun. Hier so
514 1242 1693 1296 dies in seiner geistigen Welt und in der eigenen Mentalität
1689 1247 2849 1304 Kaum der Krieg ist es; Shakespeare und Tolstoi, die ihn
2846 1260 3112 1335 Märchenforf
507 1281 1692 1345 gar nicht existiert — liegt eben ein widerspruchsvoller Reiz
1698 1281 2849 1336 behandelt haben, sprechen eher für diese Meinung als da¬
2853 1303 3085 1367 Bild Erich
519 1323 1685 1387 dieser Stücke, denen ja sonst etwas ganz schnitzlerfremd
1685 1332 2858 1400 gegen, wenn man betrachtet, was in Wirklichkeit bei ihnen
2851 1344 3108 1406 froh betrete
517 1381 978 1448 Doktrinäres anhaftet.
1698 1385 2851 1433 zur Gestalt wird. Aber Liebe, Sehnsucht, Glück, Sterben,
2851 1393 3108 1447 bereits dure
610 1425 1687 1482 Eine Zwischenstufe sind jene Werke, in denen zwar
1696 1423 2856 1487 die menschlichen Beziehungen von Anbeginn, die Freiheit des
2850 1426 3104 1493 erweckte Ge¬
518 1454 1687 1529 keine These aufgestellt wird, aber Menschen von vornherein
1696 1469 2850 1537 Willens, die Pflicht der Verantwortung — das bleiben bis
2848 1474 3104 1529 an und läß
2847 1512 3120 1573 Beherrschun
509 1516 1691 1580 in Beziehungen gebracht werden, bei denen er sich fragt: was
1689 1526 2852 1581 auf weiteres über alles Soziale hinaus die wahren Wichtig¬
2852 1560 3112 1619 nicht recht
922 1558 1691 1613 ? Das ergibt immerhin, bei größter
1698 1563 2848 1620 keiten der Menschheit. Zudem: nicht was der Dichter nicht
518 1557 856 1642 geschieht, wenn
2851 1595 3115 1653 Verdienst d
511 1601 1700 1662 Delikatesse der Charakteristik und des Psychologischen, doch
1686 1614 2849 1668 gestaltet hat, sondern das, was er gestaltet hat, ist ent¬
2844 1635 3127 1710 Phantasie zi
1687 1655 2847 1716 scheidend, wobei die Sphäre, das Milieu sekundär wird,
520 1657 1690 1715 etwas Konstruktives. („Zwischenspiel“ ist so.) Erst vom
2851 1683 3127 1734 und das n
1696 1697 2849 1755 wenn er nur das Leben spüren läßt und Ausblicke ins
511 1699 1694 1754 „Einsamen Weg“ an, wo Menschen, Schicksale, Zusammen¬
2851 1714 3143 1780 schriebene B.#
520 1736 1702 1807 hänge das Primäre der Konzeption sind und der Ablauf des
1695 1744 2855 1802 Geistige öffnet. Die Frage ist einzig eine nach der Lebens¬
2843 1754 3122 1824 bildet warn
1692 1790 2858 1842 kraft, nicht nach der Universalität des Bildes. Dessen Name
518 1786 1697 1860 Geschehens nur die Folge der seelischen Voraussetzungen ist
2921 1812 3104 1876 [„Mys
575 1841 1697 1895 — erst von da an dringt der Menschengestalter, der schon in
1695 1832 2810 1899 bei Schnitzler sein könnte: österrei##.scher Totentenz...
2849 1847 3105 1911 Nagel. „2
510 1874 1705 1948 der „Liebelei“ seine Schöpferkraft gezeigt hat, in Geistig¬
2851 1895 3114 1960 findet durch
508 1929 1701 1980 keiten und Erkenntnisse vor — weiter als die meisten Dra¬
2854 1929 3104 2007 betitelt sich
1986 1933 2559 2015 Literarische Notizen.
515 1967 1697 2037 matiker seiner Zeit und ohne dabei jemals abstrakt zu
2852 1979 3109 2041 die von ein
2850 2017 3100 2078 nimmt. In
1764 2001 2850 2065 [„Herakles.“ Aufsätze zur griechischen Religions= und
510 2019 1696 2084 werden: die Fülle seiner Gestalten ist ebenso erstaunlich wie
2851 2062 3104 2126 strengung di
1687 2056 2854 2128 Sagengeschichte von Bernhard Schweitzer, Siebeck=Mohr,
519 2068 1698 2126 ihre Kraft der Gegenwart, ihre atmende Lebendigkeit. Sie
2851 2096 3131 2167 lebfrischeren
1702 2095 2852 2153 Tübingen, 1922.] Der hochbegabte jugendliche Verfasser, derzeit
517 2115 1686 2176 sind so „wirklich“, daß wissenschaftliche Forschung es wagen
1699 2148 2852 2202 Privatdozent für Archäologie an der Universität Freiburg im
2850 2141 3120 2212 dem Trubel
522 2162 1689 2219 konnte, sie zum Objekt der Seelenanalyse zu nehmen, als
2849 2194 3112 2243 veranlagt, ##
1682 2185 2855 2253 Breisgau, hat sein neues, aus der Habilitationsschrift heraus¬
517 2200 1011 2275 wären sie reale Wesen.
2857 2230 3118 2288 klassischen
1689 2227 2848 2274 gewachsenes Werk seinem Lehrer Friedrich v. Duhn zum sieb¬
615 2231 1698 2307 Daher kommt es ja auch, daß sich die Psychoanalytiker
1693 2271 2850 2325 zigsten Geburtstage gewidmet. Das mit zum Teil erstmaligen
2843 2259 3122 2346 wissenschaften
523 2296 1692 2365 und die Moralprediger seines Werkes bemächtigen wollten.
1694 2301 2860 2367 Abbildungen und einer Reihe prachtvoller Tafeln ausgestattete
2857 2309 3129 2378 „Hexensalbes
515 2340 1694 2414 Beide irren. Seine Welt und seine Anschauung ist nicht so
2856 2352 3123 2407 höhlen. Mit
1688 2349 2847 2403 Buch setzt es sich letzten Endes zur Aufgabe, das Werden des
1696 2392 2862 2440 Heraklesmythos von seinen ältesten Anfängen bis zur völligen
519 2387 1692 2451 eng, als es die einen, seine Sittlichkeit viel ferner aller
2848 2392 3111 2457 Umkehrung
1696 2435 2849 2486 Ausgestaltung des Zwölf=Taten=Zyklus in Wort und Bild auf¬
2859 2421 3110 2494 Menschen u
525 2428 1695 2498 Libertinage, aber auch aller verknöcherter Engherzigkeit, als
2863 2481 3094 2530 mit den ##
1689 2482 2852 2546 zuhellen. Dabei gehi der Verfasser von einer einzigen kleinen,
516 2479 958 2555 die anderen meinen.
2852 2513 3105 2578 Landhausch#
1696 2524 2868 2572 beim argivischen Heraheiligtum aufgefundenen Scherbe des
621 2532 1691 2584 In seinen reifen Werken sind die Menschen das
2845 2563 3115 2626 Fremde, ein
1692 2553 2855 2614 geometrischen Stiles aus. Der Gang seiner Untersuchung.
517 2573 1699 2642 Primäre; ihnen horcht er ihr Problem ab und stellt es
2852 2600 3080 2661 ein volles
1706 2606 2853 2658 beweist, wie in der Wissenschaft der scheinbar geringfügigste
522 2626 1694 2680 dar. In seinen Anfängen ist es umgekehrt: das Problem
2853 2639 3091 2703 pliziertheit
1688 2640 2851 2692 Fund die Grundlage für weitgehende Folgerungen bilden kann.
522 2666 1685 2724 ist der Ausgangspunkt, die Gestalten werden dazu erfunden,
1689 2683 2852 2737 Daß auf dem besagten Fragment ein zweiköpfiges, vierarmiges
2852 2677 3108 2746 zu sein sche
526 2711 1689 2772 die Schachaufgabe an sich ist ihm wesentlicher, als von
2850 2722 3084 2796 scheidet sich
1693 2716 2859 2767 und vierbeiniges Fabelwesen (umgeben von einem Sternen¬
526 2769 1693 2818 welchen Figuren sie gelöst wird. Dieses Fortschreiten vom
2859 2767 3090 2825 Art. Vorer
1696 2766 2853 2815 ornament) mit der Doppelaxt, dem karischen Kultsymbol, zu
2856 2802 3096 2870 unerschütten
519 2799 1701 2857 Abstrakten zum Lebendigen ist wunderschön, und wenn man
1696 2805 2859 2869 seiner Linken abgebildet ist, veranlaßt Schweitzer, in zwei äußerst
2852 2855 3089 2910 wandlung
1693 2846 2856 2901 aufschlußreichen Kapiteln den „Doppelaxtheroen“ überhaupt, die
519 2843 1691 2917 ihm von dieser Einstellung aus zusieht, kann man die
2855 2886 3100 2948 liche Erkläf
1692 2889 2855 2947 ihm einer vordorischen Sagenschicht angehörig und mit dem
508 2897 1697 2961 Gegner noch weniger begreifen, die ihm die äußerliche
1691 2919 2867 2987 Poseidonkult aufs engste verwachsen erscheinen, und dann der
2855 2932 3096 2996 einigermaß
514 2948 1693 3003 Sphäre, die stofflichen Anlässe seiner Dichtungen zum Vor¬
2859 2975 3096 3030 Pflanzenbei
1691 2971 2864 3028 Mehrleibigkeit mythischer Figuren in allen Varianten nachzu¬
522 2990 1698 3047 wurf machen und die „großen Zeitfragen“ bei ihm vermissen.
1702 3014 2862 3073 spüren. Da er ferner in der Darstellung die zusammengewachsenen
2855 3015 3098 3076 kaleidoskor
515 3037 1698 3099 Gewiß gibt es Zeiten, und es ist unser Fluch, daß wir gerade
2855 3057 3081 3112 in das Z#
1701 3060 2861 3120 Zwillingsneffen des Königs Augias von Elis agnofziert, ist ihm
517 3086 1690 3151 heute in solchen Zeiten leben, in denen die wirtschaftliche
2857 3093 3072 3158 technisch
1706 3086 2853 3151 das älteste, bisnun bekannte bildliche Zeugnis zur Heraklessage
525 3130 1689 3190 und die politische Lage Interessen in den Vordergrund
2853 3133 3101 3203 des Jüngl
1704 3143 2864 3201 gewonnen. Hievon ausgehend, bemüht sich der Verfasser, die
512 3172 1692 3225 schiebt, durch die die wahren Wichtigkeiten des Daseins ver¬
1700 3168 2860 3245 älteste Schicht der späteren Vulgärsage von den zwölf Herakles¬
2853 3181 3100 3245 naturwisse
1694 3227 2860 3285 taten bloßzulegen. In steter Vergleichung mit den sonstigen
2858 3218 3077 3284 durchaus
521 3217 1694 3278 dunkelt werden; aber man wird zugeben, daß alle Fragen
2862 3256 3104 3330 der Begeb¬
1704 3266 2854 3327 „Mythenmärchen“ der Antike möchte er den Kampf gegen die
515 3267 1694 3331 der Nationalökonomie, der Steuern, der Reparation der
1699 3309 2856 3365 lernäische Schlange, die Reinigung des Augiasstalles und die
2861 3299 3102 3372 entspricht
525 3307 1698 3367 Valuta, der Industrie, so wichtig sie für das Weiterbestehen
1695 3342 2858 3396 Gewinnung der Rinder des dreileibigen Riesen Geryeneus als
2857 3345 3085 3406 idyll zu si
515 3360 1694 3411 der staatlichen Gemein chaft sind und so schmerzhaft wir sie
2857 3385 3066 3446 gewinnt.
1700 3384 2863 3445 die ursprüngliche „Dreiheit“ von Aufgaben des Herakles an¬
521 3406 1697 3468 am eigenen Leibe spüren, doch als „ewige Fragen“ hinter
2862 3428 3081 3493 Neugierde
1702 3422 2862 3482 sprechen, die dieser genau so im Dienste des Eleers Augias aus¬
519 3449 1698 3513 den wirklich ewigen zurückstehen, die in der Dichtung
2859 3460 3087 3532 mitnehmen
1689 3463 2865 3524 geführt habe wie den Zwölfkampf der jüngeren Ueberlieferung
522 3504 1695 3567 lebendig werden. Es ist immer das Zeichen verworrener und
1698 3515 2857 3568 im Auftrage des Argiverkönigs Eurystheus. Der Strauß mit der
2854 3507 3070 3566 denklich —
517 3540 1700 3594 gewaltsamer Jahre, wenn ihr Inhalt nicht zu Kunst zu
1697 3551 2866 3606 vielköpfigen Schlange endlich und dem gleichfalls vielköpfigen
531 3590 2870 3657 werden, keinen dichterischen Niederschlag zu finden vermag. Riesen bestimmt den Verfasser, diesem vermeintlichen Grundstock
2943 3599 3076 3653 Die
514 3630 3103 3714 Der Hunger ist kein dramatisches Prohlem und kaum ein des Heraklesmythos unter den Allerwelts=Märchenmotwen nache 1 R. Lechl
923 3680 1036 3737 A
