3392 4352
1850 198 2189 291 D
553 319 603 381 E
150 283 1614 413 3. 6oth Lirthday box 39/3
1181 861 2242 1027 #s Klleden
996 1000 1109 1071 S
2272 990 2469 1119 44
1619 970 1915 1140 22
679 969 912 1146 ∆
2510 1014 2636 1176 2
951 1118 2367 1234 Weltrundschau
779 1300 2509 1343 Der Nachdruck aus Reclams Universum ist verboten. Übersetzungsrecht vorbehalten. Für
788 1316 2511 1366 unverlangte Einsendungen übernimmt die Schriftleitung keine Verantwortung: sie werden
792 1340 2525 1418 nur dann zurückgesandt, wenn Rückporto beiliegt. Redaktionsschluß am 6. Mai 1922
1190 1573 2101 1696 Artur Schnitzler
871 1718 2441 1784 Zu seinem 60. Geburtstag am 15. Mai 1922. Don Robert Sohlbaum
1669 1793 2671 1891 aus der Provinz; Wien war immer etwas Losgelöstes, und
768 1816 1662 1886 Kir spielen immer, wer es weiß, ist klug.“ Diese
1676 1859 2674 1924 manche Mißverständnisse im Deutschen Reiche rührten davon
816 1870 1662 1946 I Worte, die Schnitzler dem Einakterzyklus „Para¬
1676 1907 2689 1973 her, daß man die beiden Richtungen auch politisch nicht zu
666 1903 1667 1990 ∆Oceisus — Die Gefährtin — Der grüne Kakadu“
1674 1960 1959 2019 trennen wußte.
664 1967 1660 2023 vorangestellt hat, und die der Schlußszene des ersten Stückes
1723 1968 2683 2053 Schnitzlers Welt ist nicht groß. Es ist im Grunde genom¬
664 2006 1659 2076 entstammen, könnten als Motto für sein ganzes Schaffen dienen.
1674 2035 2680 2104 men nur die mondaine des Wien der neunziger Jahre, die
667 2055 1663 2112 Allen Schnitzlerschen Menschen haftet etwas Leichtes, Spiele¬
1670 2078 2691 2139 sich bis 1914 nicht sehr geändert hat. Aber ist sein Glas,
672 2097 1670 2162 risches an, über die schwersten Situationen setzen sie sich oft mit
1675 2128 2690 2187 aus dem er trank, auch klein, es ist sein unbestritten eigenes.
669 2143 1674 2198 einer graziösen Bewegung hinweg, die all das Tun und Treiben
1669 2163 2695 2239 Er hat einen neuen Klang in die Literatur gebracht und manchen
669 2183 1670 2244 des Lebens nicht ernst nimmt. Aber auch der Autor selbst spielt
1680 2210 2698 2287 Nachahmer gesunden, der ihn bei weitem nicht erreichte. Der
670 2227 1671 2296 mit ihnen; immer sind sie seine Geschöpfe, er ist ihr Souverän.
1685 2255 2697 2319 „Anatol“ eröffnet den Reigen, die Szenenreihe aus dem Leben
676 2279 1676 2338 Nie geht er in einer seiner Gestalten völlig auf, macht er sie
1666 2298 2692 2374 eines Menschen, der nichts anderes zu tun hat, als verliebt
675 2311 1673 2378 zum Sprachrohr seiner Ideenwelt. Es ist dieselbe leichtherr¬
1677 2338 2697 2398 und geistreich zu sein. Setzen wir uns über diesen ideellen
670 2348 1670 2419 schende Autorgeste, wie wir sie etwa bei Wieland finden, mit
1684 2395 2692 2445 Mangel hinweg, so dürsen wir uns des glänzenden Dialogs,
675 2398 1671 2468 dem Schnitzler, meinem Gefühle nach, manche Ahnlichkeit auf¬
1684 2438 2702 2493 des seinen, ironischen Humors, des sprühenden Witzes, der
673 2448 1681 2497 weist. Beide wissen schließlich, daß alles Wahn ist, und beide
1686 2466 2694 2540 kultivierten Sprache ruhig erfreuen. Weit genialer erscheint
669 2492 1677 2555 sind nicht auf dem mühsamen Wege des deutschen Grüblers
674 2507 2699 2606 zu dieser Erkenntnis gelangt, sondern sie ist ihnen a priori, mir indes der vielgeschmähte „Reigen“ zu sein. Wenn man
2215 2554 2696 2610 sich an das Tatsächliche
672 2586 1140 2644 gegeben. Bei Schnitzler er¬
2209 2598 2693 2661 hält, streift diese Szenen¬
675 2618 1148 2683 klärt die Umwelttheorie hier
2216 2637 2699 2701 reihe hart ans Anstößige, ist
679 2672 1143 2724 manches. Er folgt unmittel¬
2220 2683 2705 2750 es vielleicht schon. Aber in
665 2712 1152 2777 bar auf den Naturalismus,
2225 2732 2700 2795 diesem Sinne müssen wir
680 2760 1144 2818 er und Hofmannsthal sind
2222 2780 2692 2828 Boccacio, Wieland, ja viel¬
677 2798 1155 2863 seine Gegner. Aber während
2223 2814 2698 2874 leicht Goethe mit den „Vene¬
680 2840 1143 2906 der Philologe reiner Roman¬
2219 2851 2703 2922 tianischen Epigrammen“ auch
679 2884 1154 2942 tiker werden konnte, hatte
2222 2906 2696 2970 zu dieser Kategorie rechnen,
684 2930 1152 2989 Schnitzler, der Arzt, doch so
2222 2946 2715 3010 und ich meine, in dieser er¬
675 2972 1161 3028 viel Reales aus der voran¬
2232 2983 2703 3053 lauchten Gesellschaft wird sich
681 3022 1149 3075 gegangenen Periode mitbe¬
2228 3042 2701 3099 Schnitzler ganz wohl befin¬
677 3068 1153 3122 kommen, daß er nicht ganz
2226 3072 2711 3140 den. Die Hauptsache ist ja
677 3107 1155 3159 davon loskam. Er hatte nicht
2222 3118 2717 3189 doch, daß die Absicht eine
678 3148 1157 3210 die brutale Unbekümmert¬
2239 3160 2712 3227 rein künstlerische war, daß
689 3189 1160 3247 heit Max Kretzers, sich in
2229 3210 2714 3271 ein Meisterpsychologe ein
689 3235 1159 3298 einer Welt gestürzter Altäre
2238 3255 2706 3311 psychologisches Problem ge¬
686 3276 1160 3343 wohlzufühlen; die Muskel¬
2241 3306 2709 3358 staltet hat. So betrachtet,
689 3318 1150 3386 kraft, eine eigene Welt auf
2239 3341 2712 3401 ist das angefeindete Werk
688 3369 1159 3426 die vergangene zu türmen,
2237 3375 2715 3449 moralischer als die senti¬
684 3414 1164 3473 besaß der Feinnervige nicht,
2242 3430 2720 3481 mentale „Liebelei“ mit dem
688 3454 1167 3517 was blieb ihm übrig als der
2234 3465 2709 3535 Pistolenduell und dem un¬
684 3492 1165 3553 Zweifel an allen Dingen?
2239 3518 2719 3568 wahrscheinlich heroinenhaften
689 3540 1162 3603 Dieser Skeptizismus wurde
2244 3557 2725 3621 Wiener Mädel. Was den
686 3584 1154 3647 noch durch sein Österreicher¬
2237 3600 2717 3658 „Reigen“ in den Augen
699 3616 1167 3689 tum, besser gesagt sein
2238 3641 2724 3704 der Allgemeinheit herabge¬
698 3672 1161 3732 Wienertum verstärkt. Blieb
2247 3691 2723 3752 setzt hat, war seine Auffüh¬
685 3715 1171 3775 doch selbst unser Größter,
2248 3733 2721 3794 rung, und eben die eifrigsten
701 3754 1160 3823 Grillparzer, nicht davon ver¬
2244 3763 2726 3838 Schnitzler=Verehrer hätten—
1562 3809 1833 3856 Artur Schnitzler.
696 3797 1169 3863 schont! Optimismus und
2231 3816 2716 3894 im Interesse ihres Ideals
1278 3823 2133 3907 Nach dem Gemälde von Professor Edmund Pick=Morino.
690 3848 1173 3908 Glaube erwuchs uns wieder
2567 3857 2724 3933 Heft 32
695 3891 1186 3972 Universum=Jahrbuch 1922, Nr. 17
