3344 4480
229 275 961 370 Y
1075 250 1531 331 box 39/3
2091 300 2760 378 Srensied Dagbladet
2675 396 2803 475 9
2417 507 2567 579 1021
2069 705 2852 824 Arthur Schnitzier
2315 851 2611 947 60 dr.
2297 2061 2702 2134 Arthur Schnitzler.
2137 2156 2908 2227 Arthur Schnitzler är wienare. I allt
2101 2222 2890 2282 gom skrives om honom hör det snart
2099 2262 2899 2339 sngt till traditionen att kalla honom sä.
2104 2316 2902 2383 Dlet vore synd att bryta mot kutymen.
2093 2356 2896 2435 Hans diktnirg har mycket gemensamt med
2099 2415 2890 2483 det som ligger i begreppet Wien, Habs¬
2095 2464 2890 2540 burgarnas gamla kejsarstad, där roko¬
2090 2497 2902 2576 kons minnen sä länge dröjde kvar likt
2105 2560 2907 2636 ett soldis kring gator och människor.
2103 2608 2906 2678 En av de fä städer, varest man icke
2097 2664 2892 2734 Iskulle leds till döds, förklarade en pa¬
2109 2698 2903 2772 risiska i ett resekäseri. Det är inte utan
2105 2761 2911 2831 att wienarna ofta tagit jämförelsen med
2113 2814 2915 2867 Paris som ett smicker. Arthur Schnitz¬
2099 2861 2924 2946 lers sentiment har ocksä hygnats med
2101 2910 2908 2977 lepitetet galliskt spirituell. Hans form¬
2113 2967 2909 3038 givning om inte annat har för övrigt!
2114 3000 2912 3072 rönt starkt inflytande av fransk vitter¬
2101 3059 2923 3140 hét sädan den fick sin turnering i t. ex.
2103 3111 2903 3192 Henri Meuniers ’Scènes populaires“ el¬
2119 3147 2924 3225 ler Gyps Autours du maßage“. Pré¬
2115 3181 2921 3283 vost, Lavedan, Hervieux ha även räk¬
2117 3258 2920 3316 nats bland hans stilistiska föregängare.
2115 3308 2917 3382 Men om än litteraturen haft en pokal fär¬
2131 3360 2917 3419 dig, som passat honom, har han dock
2119 3406 2922 3473 själv bestätt ciseleringen och fyllt det
2131 3444 2932 3525 gnistrande kärilet med eget vin eller med
2129 3508 2907 3579 pä egen mark vuxna rosor. Denne bor¬
2123 3558 2919 3613 ne wienares stad är icke densamma som
2131 3605 2910 3665 förr, när han nu den 15 maj 1920 upp¬
2126 3648 2931 3716 Inär sitt lirs sjätte decennium. Mycket
2125 3705 2940 3765 av hans diktning fär därför redan en
2139 3749 2918 3829 doft av en förgängen, lyckligare tid.
2132 3815 2914 3878 Andä har aldrig Arthur Schnitzler va¬
2126 3846 2930 3920 rit nägon det uppsluppna wienlynnets
2129 3895 2927 3955 impulsive skildrare. Han älskar det
2131 3951 2931 4013 halvsagda, veka och drömmande för att
2131 3998 2928 4069 i nästa ögonblick vara mäktig en genom¬
2125 4046 2936 4117 borrande satir. Han är försiktig i sina
2127 4096 2944 4162 diagnoser; säkert skulle det erbjuda ett
