3344 4352
1722 168 2123 243 Schtipter Akrintert.
781 190 1716 260 weit entfernt, wie der Wiener Zeitgenosse von
1768 197 2663 264 Man hätte dies noch schöner bei einer Auf¬
776 233 1719 296 Strindberg und Weininger. Er wie jene sind
1724 240 2660 324 führung henraushören können, der die musi¬
777 267 1710 349 Rokoko, sind Zeugen einer satten, dem Genuß
1714 273 2673 358 schen Züge mancher Szene stärker bewußt waren.
773 315 1721 370 und dem Bewußtsein des Genusses raffiniert hin¬
1718 330 2674 391 Die Regie Altmanns sieht nur Psychologie, deren
772 343 1726 425 gegebenen Kultur. Daher stammt die Wachheit
1730 366 2677 437 ironischen Charakter durch den Drang zum ja
777 392 1716 454 in seinen Menschen. Aus dieser Ueberlegenheit
1719 398 2675 478 nur deutlichen Humor vergröbert wird. Unter¬
770 427 1722 495 des Inteilekts heraus erscheinen als dramatische
1721 443 2680 514 malter Ernst wird zur Pointe herausgearbeitet,
774 476 1719 547 Figuren immer wieder bei ihm Aerzte, Schau¬
1728 494 2680 551 Scherz mit gar nicht scherzhaften Dingen wird
998 534 1041 558 1
784 516 1722 577 swieler. Schriftstelle.. Damit ist die Luft, die
1734 525 2683 593 zur Taktlosigkeit mißbraucht. Die Vorstellung
778 551 1725 624 Atmosphäre der Schnitzlerschen Männerwelt ein
1729 572 2674 635 dauert dreieinhalb Stunden, während Jeßner für
787 594 1718 656 für alle Male gegeben. Es sind Menschen, denen
1725 615 2684 671 Grabbes „Napoleon“ bloß knappe drei Stunden
776 631 1728 707 das Wort leicht wird, die viel und gern von sich
776 658 2668 747 aus sagen und deren gescheite Anmerkungen zu braucht. Immerhin sind die Triesch und die
1728 702 2684 754 Bertens Schauspielerinnen von Geblüt. Und
782 705 1739 796 den verworrenen Beziehungen des Lebens fast
790 727 2673 824 eiwas Berufliches haben. Und es ist klar, daß Korff weiß, wie Schnitzler von 14 Jahren ge¬
1734 756 2683 842 spielt wurde, ohne freilich zu ahnen, daß er heute
780 784 1744 877 Arrt, Schauspieler und Schriftsteller die Erotik
1742 819 2684 882 (wozu auch Rotstiftarbeit nötig wäre) ganz
790 830 1736 920 erleben oder erleiden, die sich in der Ehe immer
1732 860 2682 916 anders gespielt werden könnte: sachlich, ohne jede
795 876 1728 951 mit dem Auf= oder Untertauchen eines oder einer
1742 879 2691 972 Koketterie, um ein straffes Zentrum von Wesen¬
820 923 876 974 X.5
793 915 1724 980 Dritten ergibt — klar, weil es das Treibende, das
1732 956 2009 1015 heit herum.
783 964 1498 1034 Schöpferische der Schnitzlerwelt ist.
1797 974 2697 1053 Daß man für Schnitzler auch von der neuen
865 985 1741 1076 Schein wird mit Sein vertauscht, verwechselt,
1745 1032 2692 1089 Theaterkunst etwas fordert, bezeugt den Respekt
786 1047 1745 1121 menat sich, krallt sich ineinander, daß keiner mehr
1745 1061 2697 1132 von seinem Gesamtwerke. Es hält jenem Krite¬
804 1078 1754 1159 am Ende erkennen kann, was Wahrheit ist. Dar¬
1749 1091 2696 1168 rium Stand, das nach der Echtheit des Schaf¬
802 1126 1732 1211 aus wurde Schnitzlers schönste Bühnendichtung,
1748 1152 2695 1214 fens forscht, die auch in einem engeren oder
800 1173 1750 1236 die vom „Grünen Kakadu“ geboren, die
1748 1174 2707 1250 leichteren Bezirk kostbar sein kann. Die schöpfe¬
795 1206 1750 1286 seine ganze elegische, zwischenlichtartige Kunst in
1758 1236 2699 1295 nische Natur Schnitzlers hat mit solchen Werten
803 1251 1745 1317 einem Akt zusammenpreßt. Es ist dieselbe iro¬
800 1278 2709 1366 nische Freude am Spiel, die aus einer Stunde des nicht gegeizt. Der Sechzigjährige, dessen zufällige
795 1315 2711 1400 Erkennens, da die nächsten Menschen sich ent=. Inwesenheit das Publikum mit zahlreichen Ova¬
800 1338 2696 1440 schleiern, eine des ewigen Nichterkennens machte= Enen wahrnahm, sei mit ungezwungener Herz¬
2494 1393 2674 1465 E, F.
809 1394 2199 1483 Wer wird geliebt, wer liebt, wo ist Heimat, B7 chkeit beglückwunscht.
809 1450 1771 1517 stimmung, wö hort das Abenteuer auf und be¬
817 1490 1766 1556 ginnt der Sinn des Lebens? Ein jeder spricht da¬
801 1536 1761 1594 von, ein jeder hat ein Wort dafür und davon, die
812 1576 1766 1639 Seele aber bleibt leer und blickt ins Leere und
809 1606 1765 1685 geht ins Leere. Wie? Wird alles zur großen
815 1650 1778 1713 Szene, unwahr verbogen und unwahrscheinlich
810 1700 1775 1762 und ist dennoch im tiefsten, ganz verschütteten
814 1743 1780 1798 Grunde wahrhafter Ausdruck eines Menschen
807 1782 1778 1842 der einfach nicht anders kann? Sollte es das ge¬
805 1809 1780 1872 ben, Lüge zugleich Wahrheit sein können, Armut
813 1870 1769 1921 zugleich Reichtum? Und können Worte hin= und
817 1902 1776 1957 hergehen. Worte, die die kostbare Fassung des
813 1942 1776 1999 Herrn von Sala aus dem „Einsamen Weg“.
820 1987 1781 2045 haben und die dennoch nichts bedeuten und zu¬
816 2023 1786 2088 gleich alles bedeuten, die anders sein können, die
810 2056 1776 2124 am Tatsächlichen sehr schnell vorüberflattern und
823 2088 1785 2174 den Schein eines bedeutungslosen Friedens und
814 2146 1776 2208 einer bedeutungslosen Würde geben, während¬
823 2171 1784 2245 dessen sich Letztes entscheidet an den Worten vor¬
816 2229 1777 2299 bei, ohne Worte: die Zusammengehörigkeit von
821 2264 1784 2345 Menschen — die ewige Entfernung von Men¬
1045 2313 1781 2361 ir spielen immer, wer es weiß, ist
812 2322 972 2372 schen!
818 2352 1781 2418 klug.“ Es it die Weisheit Schnitzlers, seine etwas
823 2408 1786 2470 müde Erkenntnis, die in seinem ganzen Werk zu
826 2439 1066 2504 finden ist.
903 2465 1790 2536 Was er immer wieder zeigt, ist die faule wur¬
833 2526 1780 2578 mige Welt kleinlicher, vager, verlogener und pen¬
826 2574 1792 2627 delhafter Beziehungen. Vergebens fragen die
828 2619 1791 2657 Dämmerseelen nach einem Menschen, nach einem
827 2648 1774 2692 Weg ins Freie. Menschen sperren sich hier ab,
833 2679 1787 2743 vergiften ihr Inneres jahrelang, um auf den
826 2722 1797 2791 Augenblick zu warten, der den anderen erniedrigt.
1677 2769 1788 2819 der
1180 2776 1680 2820 empfangen Zuhälter
834 2775 1180 2828 Innigstgeliebte
829 2801 1790 2867 Schöpfung und zwischen Umarmung und Bett¬
836 2847 1790 2905 wärme wird an das Alibi gedacht, der Betrug des
832 2883 1786 2947 Betruges ausgeheckt. Minister treiben mit den
828 2932 1786 2995 Völkern Spott als wie mit Larven auf einem
834 2966 1786 3032 Fastnachtsball. Und das Volk selbst, die Wiener?
824 3016 1795 3073 Sie ziehen an uns vorbei, immer spaßend oder
825 3048 1801 3101 schimpfend, sich aus dem Krieg eine Hetz, aus der
836 3091 1792 3149 Belagerung ein Schauspiel machend, immer neu¬
832 3132 1803 3193 gierig, immer schaulustig, jetzt ganz traurig, weil
840 3168 1794 3229 einer erschossen wird, den sie geschätzt und geehrt
825 3202 1799 3273 haben und gleich darauf irgendwo hinlaufend, wo
831 3256 1794 3308 es was Blitzendes zu sehen gibt. In sechs Wochen
831 3304 1804 3351 Sommerfrische geht der Sinn eines Lebens zu
832 3333 1798 3397 zweien kaput und kann im nächsten Augenblicke
832 3383 1809 3433 wieder geleimt werden. Vor Sterbenden werden
830 3426 1800 3481 noch letzte Masken aufgesetzt und auf dem Sem¬
840 3467 1794 3511 mering, im Salzkammergut, flirtet eine Gesell¬
835 3499 1804 3565 schaft sich von Duell zu Duell, vom Zweikampf der
840 3541 1798 3596 Hähne zum Zweikampf der Waffen. Welche
844 3578 1806 3636 Welt! Immer wird sie bei Schnitzler überwun¬
828 3625 1796 3674 den — er begann schon: „Liebelei“ und sollte
837 3659 1810 3737 Liebe heißen, Liebe sein. Statt dessen gebt alles
842 3708 1803 3767 an Liebelei zugrunde. Immer hebt er sich da¬
841 3743 1795 3807 von ab, sondert sich von dieser geilen Gefräßig¬
834 3807 1800 3843 keit, der alles Freiwild ist: Menschentum, Kunst,
835 3828 1803 3903 Natur, Liebe. Die verschmutzten Dinge einer
846 3856 1802 3925 entgötterten Zeit werden in die Hand genommen,
839 3918 1798 3964 melancholisch angeschaut, aber auch fallen gelassen.
841 3951 1799 3995 Das ist es: immer wieder geschieht die Ueberwin¬
848 3994 1806 4042 dung dieser Welt durch Worte, die einem etwas,
835 4016 1801 4099 zagend unemischiedenen Gesühl entkommen, nic
848 4069 1804 4138 aber durch die Tat, die auch Wort sein könnte,
