3392 4352
1154 291 1608 395 box 39/3
172 314 1003 405 3. 60th Birthday
691 1180 2263 1235 lichen abzubilden und zu erschließen unternahm, das um sie spielende
690 1237 2266 1279 Fluidum erotischer Luftspannung fernzuhalten, das konnte ihm, dem
698 1284 2262 1331 Realisten, nicht einmal einfallen. Er mußte es wiedergeben, er vermochte es
692 1334 2266 1386 mit höchster Virtuosität wiederzugeben und gab es wieder. Daß etliche
696 1377 2266 1439 Leser, benommen von dieser Luft, den geistigen, sozialen, gesellschaftlichen,
703 1438 2265 1492 menschlichen Gehalt seiner Werke darüber oder darunter oder dahinter ein¬
698 1473 2266 1546 fach nicht mehr wahrzunehmen vermochten, ist richtig, doch schwerlich seine
704 1518 932 1592 „Schuld“.
752 1545 2266 1633 Denn, um es endlich zu sagen, — daß es seinen Werken an solchen Ge¬
697 1604 2277 1676 halten fehle, diese oft angedeutete Anschauung ist lächerlich. Wohl bleibt
701 1669 2273 1722 jegliche Metaphysik, alle religiöse und philosophische Problematik mensch¬
697 1725 2267 1772 heitlichen Ausmaßes dem Werk dieses Arztes fern, das in Gestalten vom
709 1771 2273 1830 Wiener Mädel bis zum Literaten, Künstler und Musiker unserer Zeit,
695 1825 2275 1882 vom Husarenleutnant bis zum dirigierenden Arzt, vom modernen Celehrten
689 1870 2266 1929 bis zum modernen Industrieherrn, vom Bürgermädchen bis zur Mondaine
698 1922 2264 1986 reicht. Was aber in diesen Gestalten an ewigen und zeitlichen, natürlichen
698 1969 2273 2018 und erworbenen, individuellen und allgemeinen Antrieben geistiger, sitt¬
696 2016 2268 2077 licher, physischer und herzlicher Herkunft wirkt, sie bindet und löst, verwirrt
692 2067 2266 2112 und führt; was als Schicksal in des Wortes vollster Bedeutung diese Welt
689 2106 2260 2162 bewegt, das umfaßt Schnitzlers prüfender Blick mit aller Intensität und
699 2163 2269 2216 Eindringlichkeit. Und der Hauch echter Schicksalgestaltung strömt denn auch
694 2211 2274 2267 dem Empfänglichen wahrlich lebendig genug entgegen aus der „Liebe¬
688 2270 2254 2323 lei“, dem „Einsamen Weg“ dem „Weg ins Freie“, dem „Auf des Lebens“
705 2308 2267 2370 dem „Zwischenspiel“, aus „Frau Beate“ und aus kleineren Werken Schnitz¬
700 2358 2275 2417 lers. Schicksale von unentrinnbarer Notwendigkeit, geboren aus der Ver¬
703 2417 2271 2471 webung menschlichen Wesens und zeitlicher „Welt“, sind das ernste Thema
708 2467 2278 2524 aller bedeutenden Werke Schnitzlers, umspielt vom erotischen Fluidum
697 2506 2265 2555 seiner Welt, beleuchtet vom wachen, oft allzu wachen Bewußtsein und un¬
704 2552 2270 2615 heimlichen Wissen der Erlebenden, herausgestaltet mit allem Können eines
688 2605 2270 2667 geschmackvollen und tief wissenden Dichters realistischen Wollens, dessen
696 2650 2273 2707 Gedanklichkeit reif und klar und mit ernst gebändigter Fülle über der Ge¬
697 2699 2275 2757 staltung waltet, in allen guten Stunden des Schaffens ihrer echten Wirkung
706 2752 2274 2808 sicher war und sein durfte und mehr gab als alle süße Empfindung, blühende
709 2792 2267 2867 Phantastik und klingende Sprache ungeistigerer Zeitgenossen. In diesem
697 2861 2273 2908 Einklang von Stimmung — sehr menschlicher, vielhundertfältiger, von allen
690 2894 2262 2947 Schwebungen des Lebens durchwobener Stimmung — und Seelentum, be¬
701 2958 2265 3005 grenztem, doch in seiner Begrenzung voll und reich ausgeprägtem Seelen¬
692 2991 2266 3050 tum, und zeitlicher Geistigkeit waltet die Intellektualität als das Kenn¬
703 3044 2274 3097 zeichen der Geistigkeit seiner Welt unmerklich=merklich vor. Eine dialek¬
688 3095 2262 3152 tisch gewandte, vorsichtig ihrer Grenzen sich bewußte, feinfühlige Intel¬
701 3150 2261 3201 lektualität. Schnitzler verstärkt im Abbilde leise die Intellektualität seiner
704 3188 2268 3238 Welt; er verstärkt sie aus dem Überfluß seiner Einsicht, die eine psycholo¬
698 3251 2262 3296 gische und eine noch tiefere in Schicksale ist. Dies ist das „Unheimliche“
699 3281 2265 3336 seiner Werke. Vor elf Jahren schrieb ich darüber, als Schnitzlers „Weites
693 3344 2267 3398 Land“ erschienen war: Diese Dichter „zeigen dem Empfangenden nicht nur
703 3384 2260 3430 Bilder des Geschehens, wie er sie sieht im Leben, sondern auch die Heim¬
688 3436 2266 3489 lichkeiten mit, den Gespensterreigen, der im Hin und Wider als dunkles
688 3480 2262 3543 Schattenspiel mit gegeben ist. So ist der dargebotene Anblick der Seele
702 3535 2262 3592 nicht nur der des Alltags oder gesteigerter Kräfte, sondern hinter jeder
703 3579 2274 3636 Regung dehnen sich deren Triebe und Beziehungen, dehnen sich dunkle und
694 3627 2262 3690 helle Vorregungen und Nachregungen — es dweitete sich das „Lande der
