3344 4256
230 2054 305 2143 *
1065 263 1586 356 box 39/3
238 237 964 367 6oth Birthday
254 703 754 771 über berm
2149 725 2467 802 Akttegegen
256 740 1220 811 europäischen Konferenz, beide im Haag.
1345 748 2009 841 Eigene Draytmelbung
2148 762 2987 846 jeder umstürzle „en Propag.
254 801 1212 865 Wenn man nun nach dem Ergebnis der Ge¬
2145 818 2390 883 enthalten.
1683 819 2123 906 Berlin, 15. Mai
265 830 1216 889 nueser Konferenz vom deutschen Standpunkt
2192 853 3083 918 Die Verpflichtung, sich aller aggressiven Hand¬
253 865 1211 930 fragt, so scheint uns dreierlei als der teils un¬
1243 883 2148 951 Bei den Pariser Besprechungen des Reichs¬
2151 900 3094 961 lungen zu enthalten, wird auf der Grundlage
265 925 1223 977 mittelbare, teils mittelbare Ertrag vorläufig
1205 935 2149 993 finanzministers Dr. Hermes wird eine
2159 931 3092 997 der Beobachtung des gegenwärtigen
254 956 1208 1010 festzustehen. Das eine ist der öfter erwähnte Be¬
3116 962 3326 1028 Im groß
2160 964 3093 1034 stalusquo beruhen. Sie wird in Kraft blei¬
1209 983 2149 1035 deutsche Denkschrift eine Rolle spielen, die den
263 990 1213 1047 schluß der Finanzkommission, der den Grundsatz
3078 1014 3344 1069 mit dem Au
2157 1010 3094 1073 ben bis die unerledigten Grenzfragen
1217 1020 2150 1072 Etat erläutert und nachweist, daß der Etat sehr
264 1025 1221 1089 aufstellt, daß valutaschwache Länder unter ge¬
3090 1048 3328 1103 frieden.
2156 1044 3096 1111 in Europa geregelt sind oder aber für eine be¬
1211 1058 2151 1117 vorsichtig aufgestellt ist und daß voraussichtlich
255 1072 1209 1125 wissen Voraussetzungen auswärtige An¬
3091 1091 3340 1148 in Erfüllun
1211 1091 2158 1153 aus verschiedenen Punkten erhöhte Einnahmen
2157 1097 3087 1150 stimmte Periode. Die Verpflichtung sich
261 1106 1215 1166 leihen erhalten sollen. Das zweite ist die
3092 1123 3334 1188 den Krieg g
1222 1121 2152 1188 aus den bestehenden Etatposten erwartet wer¬
2151 1137 3095 1193 der Propaganda zu enthalten, wird alle unter¬
269 1149 1209 1204 Konferenz der Zentralnotenbanken, die über die
3097 1160 3360 1225 Eindruck unch
1218 1155 2148 1231 den dürfen. Bei der Fortführung der Bespre¬
2155 1176 3096 1225 zeichnenden Regierungen binden, sich von jeg¬
256 1190 1217 1257 Stabilisierung der Valuta beraten soll,
3095 1198 3361 1272 doch zu kei
2849 1203 3090 1264 inneren
1214 1209 2154 1263 chungen werden vermutlich noch weitere Denk¬
2156 1209 2870 1262 licher Einmischung in die
255 1235 1083 1288 das dritte ist der Rapallovertrag.
3089 1235 3334 1308 Frankreich
1217 1248 2154 1306 schriften überreicht werden, die in Paris selbst
2160 1240 3093 1302 Angelegenheiten anderer Staaten zu ent¬
306 1262 1215 1325 Ueber den Vertrag von Rapallo haben sich
3091 1285 3336 1340 dieser Tage
2153 1285 3090 1341 halten, ebenso davon, durch finanzielle oder an¬
1226 1288 2149 1358 an Hand der bei den Verhandlungen austau¬
1106 1310 1229 1360 Es
255 1311 1125 1363 die Meinungen doch allmählich geklärt.
3095 1324 3343 1377 in Frankreil
2148 1314 3092 1392 dere Mittel politische Organisationen, die in den
1212 1321 2131 1394 chenden Fragen ausgearbeitet werden sollen.
262 1350 1226 1407 wird niemand angenommen haben, daß die wirt¬
3101 1364 3290 1417 sprochen,
2162 1355 3103 1420 anderen Ländern tätig sind, zu unterstützen und
262 1385 1226 1448 schaftlichen Wirkungen dieses Vertrages von
3084 1399 3347 1453 verfehlt hal
2169 1403 3102 1456 in ihrem eigenen Gebicte Versuche, die darauf
268 1418 1219 1482 heute auf morgen zu erkennen sein werden; die
3106 1439 3338 1490 Genuazwisch
2163 1436 3089 1493 hinzielen, Gewalttätigkeiten auf andere Staaten
1249 1434 2162 1503 Reichsfinanzminister Dr. Hermes wird
265 1461 1219 1516 deutsche Abordnung, wie auch die Kreise der
3091 1468 3343 1532 Unheilba
2169 1474 3092 1540 hervorzurufen, und Versuche, den territorialen
1221 1492 2162 1546 heute Montag nachmittag in Paris die erste
265 1492 1219 1555 deutschen Industrie, die den Vertrag größten¬
3086 1513 3341 1566 und wei
2165 1524 3091 1590 oder politischen status quo in den anderen Län¬
1217 1529 2168 1592 Besprechung mit dem Vorsitzenden der Repara¬
268 1541 1219 1597 teils mit Genugtuung begrüßt haben, werden
3093 1548 3359 1607 Poinzar
2160 1557 2842 1630 dern zu zerstören, zu unterdrücken.
1217 1572 2165 1627 tionskommission, dem Franzosen Dubois, haben.
268 1583 1222 1636 sich von Anfang an darüber klar gewesen sein,
3100 1591 3282 1647 rend der
1222 1608 2167 1658 An amtlicher Stelle wird die Nachricht entschie¬
277 1626 1221 1669 daß es sich hier um eine Anknüpfung auf lange
3096 1627 3314 1679 Gennaldie
1224 1633 2175 1700 den bestritten, daß Dr Hermes in Paris habe
277 1636 1220 1710 Sicht handelt. Auf der anderen Seite sieht man
3089 1667 3201 1720 Meh
2197 1664 3075 1721 Die Schlußsätze der Protestnote Tschi¬
1226 1679 2163 1735 durchblicken lassen, daß er Deutschland für 30
271 1704 1222 1753 immer klarer, namentlich auch an der Hand des
3098 1706 3360 1766 Seine Stell
2158 1707 3099 1768 tscherins (vgl. Nr. 205 unsexer Zeitung)
1224 1719 2165 1786 Milliarden neue Steuern auferlegen wolle um
270 1732 1220 1784 weiteren Verlaufs der Dinge welche Ge¬
3101 1738 3332 1808 ferenzvon
2158 1746 3099 1815 gegen den Versuch, Rußland bei den Haager
1230 1747 2156 1818 den Forderungen der Reparationskommission
272 1776 1226 1829 fahren Deutschland durch den raschen Abschluß
2157 1784 3105 1857 Besprechungen eine nur bedingte Teilnahme zu¬
1230 1805 2160 1866 nachzukommen und einer Finanzkontrolle
277 1811 1228 1871 des Vextrages beseitigt hat, da die Entente,
3100 1818 3321 1875 mögen die
2172 1826 2739 1890 zugestehen, lautenswörtlich:
275 1844 1770 1898 wenneste ungestört geblieben wäre, in aller Ge= Deutschlands zu entgehen.
1652 1878 1760 1946 M
2163 1921 3118 1991 Beruf her Verirrtheit des Herzens, des Gedan=
1271 1931 2165 1988 Arthur Schnitzler ist, was sich hieraus ergibt,
2174 1955 3225 2016 kens Blässe und die Schwäche der Sentiments Gärt
1237 1950 2174 2025 ein dichterisch verankerter und gefestigter Lite¬
465 1949 1056 2066 Arthur Schnitzler
2168 1996 3111 2050 vor dem Leben — dies alles ist in vielen seiner
1231 2002 2178 2061 rat. Er stand zugleich im Volk, dessen Seele in
3096 2026 3229 2082 Rolle
2182 2030 3109 2098 Stücke zu zarten, zerschleierten Bildern gestaltet
1234 2036 2171 2102 ihm war, und in der Literatur, mit deren Ner¬
3098 2062 3273 2129 Witw
406 2049 1123 2125 Zu seinem sechzigsten Geburtstag
2182 2072 3119 2132 und seelenärztlich erklärt, analysiert und ... be¬
1236 2084 2173 2145 ven auch die seinen schwangen. Dabei floß aus
2171 2107 3279 2168 lächelt. Schon die Titel deuten auf derlei: Der ner Pu
323 2110 1232 2181 Arthur Schnitzler ist ein ganz österreichi¬
1234 2123 2174 2182 ihm als sein eigenstes Erbe und sein persönlich¬
2176 2153 3270 2213 einsame Weg, Der Ruf des Lebens, Das weite vollen
278 2162 1233 2226 scher Dichter und ein ganz österreichischer Mensch
1249 2158 2178 2221 ster Besitz die lyrische Stimmung in sein Werk.
3104 2186 3234 2231 Klan
2183 2181 3123 2252 Land. Fühlt man nicht schon aus diesen Titeln,
296 2200 1239 2254 — eine Figur also zugleich der Dichtung und des
1239 2197 2186 2256 Sein zarter, musikalischer Lyrismus eben hat ihn
3105 2222 3228 2271 untri
2188 2234 3118 2289 wie zwischen den Menschen die Verzweiflung
278 2241 1239 2313 Lebens des Landes, somit ein Repräsentant sei¬
1232 2241 2183 2303 davor bewahrt, daß er dem Literatentum ver¬
3115 2252 3303 2311 Anhäng
2178 2258 3125 2335 spielt, und eine Ahnung vom Ende? Der ein¬
275 2272 1240 2347 ner Kultur in ihrem ganzen Umfang. Das
1248 2269 2186 2342 fiel, und er hat ihn immer die Nähe des Volkes,
3120 2298 3279 2349 schon a
2180 2305 3127 2362 same Weg endigte im Sumpf, der Ruf des Le¬
283 2321 1233 2378 Weiche, Zarte, Lässige, Melancholische, Bittere,
1244 2326 2188 2382 des österreichischen und Wiener Volkes, dem
3106 2326 3296 2391 Male b
2188 2350 3125 2405 bees erstickte und das weite Land wurde Wüste.
289 2350 1242 2424 Resignierte — jene Mischung der gelockerten und
1236 2353 2184 2430 Lyrik und Musik ins Blut gemischt ist wünschen
3114 2370 3299 2430 beifallsfr
2184 2389 3125 2438 Dies ist mehr als eine Spielerei mit Worten.
291 2391 1245 2461 allzu gelockerten deutschen Art macht Schnitzlers
1239 2387 2186 2455 lassen. So entstand sein bedeutendstes Bühnen¬
3126 2414 3182 2461 bi
2189 2427 3132 2482 Denn wenn anders Schnitzler ein Dichter von
293 2438 1244 2494 menschliche und dichterische Art aus. Ernsteste
1241 2434 2187 2505 werk „Liebelei“, diese kleine köstlich bittere Tra¬
3092 2445 3228 2517 einen
2192 2469 3122 2521 Wesentlichkeit ist, so kündigt sich durch ihn Vol¬
284 2482 1242 2543 Lebensprobleme senken sich ihm gleichsam durch
1252 2476 2185 2540 gödie eines einfachen und einsamen Mädchens.
2191 2507 3131 2563 kes Schicksal und der Ablauf zivilisatorischer
1250 2506 2188 2572 So auch entstanden die viel berufenen Dialoge
288 2519 1246 2574 ihre eigene Schwere tief ins Volkstümlicht ein,
3093 2533 3212 2596 Gät
2189 2534 3122 2597 Gänge an. Er ahnte Gräber, Verfall und Not¬
289 2552 1244 2622 wandern aber auch durch ihre Entschwerung ins
1241 2566 2178 2613 des „Reigen“, denen es leider nicht erspart blieb,
3118 2572 3234 2617 von
2183 2596 2844 2645 wendigkeit zu neuem Anfang ...
289 2595 1240 2646 Literatenhafte ab. Ihre Formung wächst des¬
1247 2576 2187 2659 den Dichter auf der Bühne, für die sie nicht ge¬
287 2638 1242 2695 gleichen aus primitiven Wurzeln auf und ver¬
1256 2623 2187 2694 schrieben sind, zu kompromittieren. Und eben¬
3119 2570 3292 2703 M.
2232 2631 3124 2706 Die deutsche Bühne hat nicht viele Dichter von
301 2674 1241 2731 ästelt sich rasch in psychologischem Schnörkel= und
1251 2654 2199 2737 falls konnten nur aus seiner Volksnähe die Sze¬
3115 2685 3245 2732 ihr
2189 2682 3122 2748 der sprachlichen und seelischen Kultur Arthur
301 2710 1251 2772 Arabeskenwerk. Die Hand des Dichters faßt die
1255 2707 2191 2779 nen des Anatol“ erwachsen, in denen er aus dem
3134 2719 3241 2778 Freih
2192 2728 3125 2782 Schnitzlers aufzuweisen und noch weniger solche,
303 2752 1250 2815 Probleme leicht und sicher an, läßt sie aber nicht
1250 2749 2187 2810 allmenschlichen Untergrund der Erotik den üb¬
3118 2762 3197 2819 stir
2188 2773 3125 2828 die so bandwerklich ehrlich und ernst ihren Appa¬
295 2780 1246 2859 minder leicht in eine pessimistische Dialektik ent¬
1250 2788 2184 2868 lichen Konversationston mit neuen Reizen er¬
3111 2803 3208 2865 gen
2195 2809 3122 2866 rat für legitime Wirkungen des Wortes zu
3120 2840 3225 2882 lina
1258 2828 2188 2898 füllte. Hier konnte die spielerische Art des Oester¬
301 2829 1258 2891 gleiten. Je männlicher der jung berühmte
2188 2834 3132 2907 nützen verstanden. Schnitzler schenkte dem Thea¬
3120 2869 3263 2925 Erfolg
300 2867 1248 2926 Schnitzler wurde, desto stärker setzt sich in ihm
1261 2862 2198 2930 reichers sich ganz ausleben, hier konnte sie mit
2199 2882 3128 2941 ter und seinem Publikum stille und besinnliche
3126 2905 3235 2961 das
295 2897 1249 2976 das Literatentum mit seiner Skepsis durch, und
1256 2893 2193 2976 leichten Worten an schwere Probleme rühren
2195 2925 3132 2977 Stunden. Behutsam, wie er sein Pfund und
3118 2952 3307 3001 chesmal
297 2953 1247 3014 je älter der männliche Schnitzler wurde, desto
1249 2939 2190 3011 und konnte ein möglichst unbelastetes Symbol
2191 2961 3138 3020 das Pfund der Bühne verwaltete ließ er seine
3116 2983 3358 3046 imme au
293 2983 1251 3052 menschlicher, lyrischer und besonnener wurde sein
1266 2986 2193 3048 für vielfach belastetes und verkrümmtes Leben
2199 2998 3126 3063 Zartheit nie zur Mattigkeit heruntersinken und
3123 3018 3330 3082 repräsenta
297 3028 1189 3094 Zweiflertum gegenüber allem Menschlichen.
1256 3024 2203 3092 finden. Sein Anatol schreitet wie ein Trost, aber
2192 3041 3129 3097 versuchte auch nie, sie mit künstlichen Mitteln
3134 3065 3309 3116 sicheren,
1262 3055 2196 3127 wie ein nicht ganz aufrichtiger Trost, durch die
2195 3081 3133 3146 athletenhaft aufzuplustern. Er war ein Mensch
339 3073 1255 3137 Oesterreich bedeutet bei Schnitzler Wien, und
3135 3099 3304 3158 Geschma
1254 3094 2195 3167 Dichtung und durch das Leben an der Wende des
2196 3133 3136 3183 auf der Bühne und traktierte Menschliches. So#
307 3137 1258 3196 Wien bedeutet ihm die Welt, in der er fast alles
3128 3142 3332 3194 der äußer
1255 3146 1582 3230 Jahrhunderts.
2199 3165 3128 3218 auf der Bühne, so in der Novelle! Sein Talent
305 3168 1260 3227 ansiedelt, was ihn bewegt und erregt. Diese
3120 3176 3344 3234 stellung vo
1298 3173 2200 3245 Jener Zeit, die nun ach! so restlos verbraucht
2202 3200 3132 3258 war ihm wichtig genug, es sorglich zu pflegen,
306 3220 1257 3268 sichere Umgrenzung des Bodens, den er als Dich¬
3131 3210 3321 3272 manche
1261 3224 2194 3284 ist, gehört Schnitzler an. Das Menschentum
2207 3242 3126 3297 und stark genug, um über aller Gepflegtheit die
308 3252 1258 3303 ter ausschreitet, gibt seinen Werken einen lie¬
3130 3258 3326 3313 Hanna G
1268 3268 2194 3325 hatte sich damals hoffnungslos spezialisiert, und
2197 3264 3130 3331 Ursprünglichkeit und die Verbindung mit den
305 3290 1256 3355 benswürdigen und wahrhaftigen Atem des Hei¬
3135 3295 3359 3346 kaum nöt
1271 3311 2197 3365 der einzelne Mensch, besonders der künstlerische,
2204 3303 3141 3376 Müttern nicht zu verlieren. Mag man diesen
313 3323 1260 3383 matlichen und des höchst Persönlichen. Der
3139 3339 3359 3388 zsigen und
1260 3332 2204 3405 hatte sich über alle Natur erhoben. Die Kunst
2194 3347 3138 3410 nun sechzigjährigen Dichter lieben oder nicht, um
3134 3365 3338 3423 beachtete
312 3363 1263 3436 Eindruck, daß er stets nur die nächsteigene Sache
1271 3390 2197 3441 adaptierte diesen Zustand und diese Zeitstimmung
2208 3395 3135 3456 ihn ist — trotz „Reigen“! — die reine Atmosphäre
313 3395 1275 3473 und die Sache des Nachbarn oder Freundes be¬
3124 3402 3331 3466 Kapellmei
1269 3414 2209 3484 durch die Methode des Impressionismus. Es
2214 3432 3133 3491 eines Menschen von Gesinnung und Wollen,
3130 3450 3343 3505 ten Auffi
317 3441 1264 3505 dichtet, hat von all seinen Werken von Anfang
1267 3454 2204 3531 war Zustand und Zeitstimmung des erhöhten und
2205 3475 3135 3530 durch die die deutsche Literatur des anhebenden
3138 3477 3359 3543 boten hat.
310 3482 1267 3536 an den anderen Eindruck des nur Erdichteten
1272 3503 2208 3569 gewiß auch verfeinerten Literatentums, für das
2212 3509 3139 3580 Jahrhunderts an Reiz und Reichtum gewonnen
3135 3519 3353 3582 Roland 2
320 3522 1267 3585 ferngehalten. Er suchte nie nach dichterischen
2998 3549 3105 3618 hs.
1277 3544 2204 3603 Schnitzler der bedeutendste und menschlich er¬
2204 3561 2328 3630 hat.
3129 3553 3348 3618 Haus Ho#
316 3566 1274 3624 Problemen, sondern die Probleme suchten ihn.
1276 3574 2202 3642 schlossenste Zeuge und Gestalter wurde. Der
3142 3596 3359 3662 insbesond
309 3600 1268 3663 und er zeigte sich ihnen im buchstäblichen Sinne
1271 3602 2212 3682 Künstler, der Virtnose und jeder zerbrechliche
3140 3632 3355 3699 dung ber
318 3630 1271 3708 des Wortes gewachsen und geneigt. Seine Dich¬
2239 3639 3130 3716 Der Berliner Maler und Graphiker Klaus Rich¬
1271 3659 2222 3720 halb beseelte und halb schon entseelte Mensch
3133 3676 3343 3732 komischer
313 3684 1264 3735 tungen wurden sein Leben und erwiesen dessen
327 3741 3137 3786 Beherztheit, zunehmende Fülle und Tendenz nach wurde stebende Figur seiner Bühnendichtungen. #ter hat einen Ruf als Professor an die Kunstakademie
3125 3714 3359 3801 Humor.
316 3723 3147 3844 menschlicher Abklärung.14— Vervöse Zzung. Beletung vom Milieu und in Königsberg erhalten
818 3855 1079 4000 %
1103 3876 1250 4036 2
