3344 4352
1907 204 2216 294 —
164 292 1513 415 6oth Birthday box 39/3
95 936 906 1025 und Pemtgegengthutten. #e „
88 992 2536 1071 das macht wurde, die aber — meines Erachtens! Vorschläge erstatten, die dahin gegen, euß ausPSbira —. Ture.
1114 1097 2973 1180 eines sanften, aber in seiner Sanflmut un= kam und an die Stelle der mathematisch
200 1118 1126 1174 derMenschleinheit „Zeit“ heißt, ist ihm nicht
1130 1156 2961 1231 entwegtesten Geistes, ihr Bezauberndstes erwirkten Echtheit der Naturalisten einen
200 1166 1123 1224 weniger Riesenkrahn dramatischer Gewich¬
2036 1207 2962 1274 Zauber verklärter Wahrheit setzte, der sich
212 1213 1126 1283 tigkeiten geworden, denn Hebbel die Unend¬
1131 1221 2033 1276 gaben: Augenölicke. .. Da stand Stephan
2034 1245 2958 1322 um sicherlich wirkliche, aber bis dato kaum
213 1266 1127 1330 lichkeit des Gedankens, oder Schiller der
1124 1265 2041 1341 von Sala und sprach, Untergang im Herzen,
2039 1296 2953 1364 dichtungsfähige Milieus wob. „Liebelei“
211 1310 723 1389 Sternenflug der Idee.
1134 1316 2036 1375 von der geheimnisvollen Treppe in der
2044 1333 2971 1423 war — stofflich — eine kühnere Tat denn
298 1339 1118 1426 In billigen, weil aktuellen Bezeich¬
1126 1361 2040 1437 astatischen Ruinenstadt. Deren Stufen, so
2038 1400 2971 1468 manch realistische Souterraintragödie. Im
210 1405 1112 1466 nungen, hat man ihn oft den Dichter der
1126 1413 2040 1480 viel man auch ihrer abgegraben, immer
2046 1447 2339 1521 Burgtheater
208 1445 1128 1524 Liebe und des Todes genannt. Das klang
1126 1464 2040 1537 tiefer unter die verbergende Erde führ¬
2044 1443 2964 1560 „Zwischenspiel““ Dien die Leute das
80 1477 206 1545 enes
2383 1487 2970 1566 diese feine und agile
205 1506 1128 1564 romantisch=schauerlich und gab ein Dekora¬
1126 1504 2031 1565 ten... Da schritt der Ehebrecher und
76 1530 198 1590 leier
2044 1526 2964 1603 Komödie eines schmerzlich unparteiischen
204 1546 1127 1618 tionsklischee ab. Ohne Zweifel: Eros
1125 1561 2039 1613 Duell=Totschläger Hochreiter bleich und
74 1580 197 1643 essen
2047 1596 2961 1655 Geistes, an, weil da (getrost: nur zwischen
536 1594 1124 1667 inmitten dieser anmutigen
205 1592 551 1659 Thanatos ist
1128 1607 2039 1673 hart aus dem Frühlicht des Gartenweges
74 1631 198 1714 gen,
2033 1617 2969 1701 den Aufzügen) zwei verheiratete Leute eine
210 1652 1121 1707 Unerbittlichkeit das ewig wiederkehrende
1121 1661 2032 1736 und faßt die Hand der ahnungslosen
106 1677 206 1746 ein
2044 1687 2967 1750 Nacht gemeinsam verbringen ... Auch der
216 1698 1112 1771 Symbol. Das ewig enthüllende außerdem.
1128 1698 2036 1770 Mutter seines Opfers... Da trat, mitten
85 1722 206 1789 rnd,
2036 1739 2959 1794 viel verlästerte „Salon“ der Schnitzlerschen
214 1747 1058 1803 Aber es ist Symbol. Nicht Selbstzweck..
1124 1759 2038 1826 in den Silberklang jungen Mädchenlachens,
73 1772 203 1834 ngs.
2044 1780 2973 1858 Dichtung ist dann nichts anderes als so eine
215 1794 1123 1858 Logisch. Weil Artur Schnitzler sonst ein
1121 1804 2023 1862 Eishauch um sich, der „fremde Herr“
80 1822 204 1890 ang
2049 1828 2985 1894 Art Anti=Naturalismus gewesen. Daß in
213 1839 1127 1908 gruseliger Pikanterist, aber kein Dichter
1140 1837 2036 1918 in die Türe... Da leuchtet, gelb im Son¬
76 1866 212 1933 und
2038 1874 2968 1946 ihm Jourgespräche tragisch werden konnten,
215 1894 370 1967 wäre.
1135 1900 2037 1975 nenwiderschein, der Schönbrunner Schloß¬
86 1913 214 1986 eicht
2049 1924 2978 1994 hat eher bewiesen, wie groß Talentlosigkeit
308 1915 1119 2002 In den köstlichen und im wehmütigen
1136 1950 2038 2014 hof und Dialog wie Statisten füllen ihn
85 1967 205 2020 ver¬
2042 1981 2972 2048 sein muß, die schon für die bloße Staffage
213 1981 1124 2046 Schimmer ihrer Ironie fast ergreifenden
1134 1998 2039 2060 mit der unsichtbaren aber drückenden Gegen¬
84 2012 212 2073 Des
2041 2023 2979 2099 ihrer tragischen Absichten „Stil“ benötigt.
209 2038 1123 2098 Szenen des „Reigen“, deren Voesie gerade
1126 2049 2046 2107 wart des einen großen Namens... Und
78 2058 200 2126 sigel¬
209 2091 1123 2145 aus ihrer restlosen Aufrichtigkeit strömt
1128 2099 2042 2157 in jener schönen, von Abendkühle durch¬
84 2102 213 2170 Ge¬
2128 2104 2970 2195 Die Linie dieser Kunst konnte sich
219 2135 1125 2195 (freilich ist es eines Künstlers verklärende
1140 2143 2052 2217 fluteten Erzählung, jener Moment, jene
86 2150 210 2216 ent¬
2046 2174 2966 2240 natürlich nur vertiefen, nicht verschieben.
220 2190 1125 2264 und nicht eines Photographen zuspitzende
1125 2188 2048 2252 Bewegung, da der altgewordene Casanova
78 2201 211 2270 igen
2052 2227 2963 2286 So hat der Sechziger Schnitzler gesteigerte
216 2228 1130 2292 Aufrichtigkeit), fällt kein Sterbestunde¬
1128 2245 2039 2299 in schonungsloser Morgenhelle vor der ent¬
2043 2277 2970 2334 Kultur seiner Echtheiren, hat satteren
217 2282 1122 2346 schatten. Vielmehr: Der leichsinnistge
88 2279 218 2372 bens
1141 2293 2038 2350 setzten Genossin einer erlisteten Liebesnacht
2043 2322 2970 2397 Cellokon seiner Elegie und eine schwin¬
206 2326 1127 2412 Tanz der Gefühle (?) schlingt sich von Se¬
1137 2344 2043 2410 steht. Und blitzartig in ihren angeekelten
96 2340 223 2411 In
2051 2363 2971 2436 gendere Brilanz seiner ironischen Dialektik.
215 2388 1127 2455 kunde zu Sekunde. Da ist in einem an¬
94 2396 212 2457 wie
1133 2379 2051 2454 Zügen die eherne Tatsache liest: Sein
2047 2420 2973 2483 Oder er schreibt in breitem Glanz spielerisch¬
216 2424 1127 2490 deren, in einem beinahe höhnisch eiteln
1140 2439 2042 2514 Alter. den welkenden Herbst seinesAntlitzes,
88 2445 206 2511 unig
2041 2468 2973 2526 prägnanter Bilder, zwischen Bosheit und
220 2473 1131 2543 Sinn alles Gewalt und — Genuß des
82 2497 202 2553 nus
1134 2492 1837 2569 den Reif auf seinem Haupt ...
2052 2518 2981 2587 Klage schweifend, in ruhevoll=gespannten,
215 2521 1129 2588 Augenblickes. Und dach ist auch dieser
1217 2542 2043 2600 Augenblicke! Sie sind das Geheimnis
68 2540 215 2628 ziöse
2039 2584 2980 2639 edel=klaren Sätzen, die nach Deutschlands
217 2572 1122 2635 Augenblick tragisch und ist es, weil er un¬
92 2590 209 2670 Er¬
1128 2572 2043 2651 und die Musik dieses Dichters. Ihr Un¬
2052 2613 2984 2678 höchstem Erzählerlorbeer langen, die mes¬
222 2626 1133 2702 gewiß ist. Er verrinnt, verfliegt, ver¬
1137 2635 2052 2701 abänderliches, ihr Zwang zu erhöhter und
2055 2655 2981 2726 quine und wundersame, die lästerliche und
215 2663 1135 2738 schweht und nichts bleibt übrig als Er¬
1137 2686 2042 2752 bewegter Intensität der Empfindung wie
84 2666 152 2753 400
2048 2710 2984 2781 erbarmungswürdige Geschichte von dem
209 2733 1129 2788 nüchterung, Entfremdung, fast Entmensch¬
78 2736 208 2801 ginn¬
1131 2739 2045 2812 der Verantwortung, ihr Klang, ihr Echo,
2059 2748 2970 2825 ins Alter und in die Armut heimkehrenden
217 2783 1128 2837 lichung. Aber da er naht und magisch nahl,
86 2789 211 2844 ung,
1130 2785 1839 2870 ihr Schatten, ihre Erinnerung.
2046 2802 2972 2872 Liebes= und Lebenskönig, dem noch be¬
207 2827 1139 2888 bezaubernd, wie alles Ungewisse, vergoldet!
83 2831 217 2890 por
2063 2839 2986 2939 strickenden (welch furchtbares Wort, dies
224 2875 1128 2945 er selbst Lüsternheiten, haucht Grazle in
104 2881 214 2946 ins
2050 2902 2490 2974 „noch“) Casanopa
1220 2896 2041 2966 Artur Schnitzler wird nun sechzig
103 2927 217 3008 ge¬
222 2923 1127 2980 die verzweifelte Lustigkeit der absichtlich
2159 2928 2973 3014 Ein alter Arthur Schnitzler aber ist
1141 2960 2043 3027 Jahre alt und man wundert sich des bei¬
221 2978 1126 3036 Schamlosen und gibt diesen mehr als ver¬
2058 2997 2988 3056 kaum denkbar. Nicht nur, weil seine Hand
1134 3004 2045 3065 nahe. Noch klingt die Geige dieser strengen
226 3024 1129 3090 fänglichen Gelegenheiten, was ihnen kein
2051 3045 2980 3109 in Schwung und Reife die Feder führt.
1140 3049 2048 3119 Schwermut süß und voll. Schon der Dreißi¬
81 3053 216 3133 gen¬
223 3069 1134 3130 Talent allein, auch nicht das eines Mau¬
2049 3087 2975 3149 Doch um der Jugend willen, um der unver¬
1146 3095 2043 3178 ger schaute gesammelten Blicks in Däm¬
85 3115 215 3184 sam¬
225 3121 1131 3202 passant geben könnte: Rührung und An¬
2054 3137 2990 3209 geßlichen Jugend der Gestalten, der zauber¬
1145 3135 2053 3211 merungen. Schon der kaum zum Mann
89 3169 216 3232 allen
223 3172 356 3244 mut.
2055 3200 2991 3274 haft wirklichen, mit denen er unser Leben
1148 3206 2044 3276 Vollendete zeichnete die traurigen, beklem¬
98 3207 233 3275 wie
2060 3238 2372 3315 angefüllt hat:
1145 3238 2047 3312 menden, melancholisch=galanten Gestalten
293 3235 1131 3335 Tragische Ungewißheit des Augen¬
100 3265 220 3324 mit
2134 3268 2985 3344 Christinens Vorstadt=Madonnen=Ant¬
1147 3296 2056 3366 auf, die gleichsam unter der rinnenden
217 3294 1128 3368 blickes ... Man erinnert sich, daß es immer
86 3315 217 3370 igen
2053 3333 2991 3399 litz bleibt ohne Runzeln ... Und Anatel.
1144 3343 2053 3403 Sanduhr lächeln, küssen und die ewig hold¬
229 3353 1141 3413 knappe, melanchalisch=scharfe, herb=milde
108 3362 217 3423 des
2057 3382 2433 3468 lächelt wie einst.
93 3391 2055 3467 Und 1 Situationen waren, die seinen Dichtungen, seligen Scherze der Jugend treiben ... Da¬
2294 3406 2958 3522 .Ludwig Ullman#
108 3440 2088 3534 auchdiesen schmungnollserakten Theaterstücken 1 mals allerdings mar es Ereignis, dah einer
1260 3611 1887 3757 —
853 3662 1321 3783 7• S
1574 3707 1863 3796 G
971 3664 1605 3919 Thuott
2962 3910 3060 4087 905
