3344 4384
1074 294 1550 396 box 39/3
211 279 1058 417 6oth Birthday
2803 1484 3323 1555 seiner Komödien dieser e
1585 1483 2800 1543 modernen Fühlens überhaupt, sie kommen in allen Sphären
413 1364 1508 1592 Arder Schureter mid Denchand.
2807 1532 3313 1601 aufgemacht, daß er das #
1581 1544 2796 1594 vor, nur unklarer, mehr verdeckt duirch materiellen Zwang
2801 1577 3317 1638 ihm herumschlägt, daß er
1589 1581 2797 1650 und daher weniger geeignet für die reine und untendenziöse
466 1570 1461 1677 Zu seinem 60. Geburkslage am 13. Maj 1922.
1580 1619 2111 1689 künstierische Darstellung.
2799 1619 3312 1687 sellschaft schildert, daß er
804 1638 1046 1707 Von
1667 1644 2799 1727 Denn Schnitzler haßt das Pathos und die Tendenz; sch
2800 1664 3314 1740 aber sie dennoch im Gru
797 1688 1145 1778 Bede Brock.
1584 1709 2806 1782 weiß es nicht, aber ich möchte es fast glauben, daß er seinen
2884 1711 3322 1786 Und so ist Schnitzle#
1579 1750 2801 1819 „Professor Bernhardi“, den wir so sehr lieben, weit weniger
2800 1756 3317 1832 uns aus der Not des de
442 1750 1575 1830 Wennman von Arthur Schnitzler spricht, so wird man
1581 1802 2789 1851 mag als andere Stücke. Der Vorwurf ist ein Erlebmis des
2800 1812 3310 1890 zum großen Teil die
350 1819 1578 1882 keinen Augenblick die Tatsache aus den Augen verlieren, daß
1581 1838 2799 1897 Vaters des Dichters, des berühmten Wiener Arztes Profesior
2797 1838 3321 1926 mit seinem Publikun
370 1864 1578 1920 er Wiener ist, man wird seine Dichtung hineinstellen in den
1572 1879 2801 1944 Schmitzler und mag sich ihm mit solcher Wucht eingeprägt
2802 1880 3304 1960 von einem Schweizer
358 1908 1576 1968 unzerreißbaren Zusammenhang seiner Sprache und seines
1574 1924 2793 1992 haben, daß er keine andre als diese unmittelbare Gestaltung
2812 1930 3311 1995 gesagt wurde, Deutschlan
358 1947 1577 2009 Fühlens mit österreichischem Wesen — und man wird ihm
1589 1972 2801 2034 erlaubte. Sonst aber meidet Schnitzler die starken Worte
2800 1978 3310 2054 hervorgebracht als Krieg
359 1991 1574 2047 dennoch bitter unrecht tun, wenn man seine Werke ledig¬
1586 2013 2808 2077 und Beweise; was er von ihnen hält, zeigt er in seinem
2803 2032 3309 2092 nachgeahnste französisch
361 2033 1580 2099 lich als einen, wenn auch noch so reizvollen oder sogar
1585 2061 2803 2122 „Jungen Medardus“, dem liebenswerten und doch ein
2801 2075 3314 2136 Hauptmann und Ge
365 2078 1577 2150 packenden Ausdruck eben dieses österreichischen Wesens an¬
1580 2100 2795 2158 wenig lächerlichen Helden und Draufgänger, der zum Schluß
2807 2119 3327 2185 hinweisen. Und er wird
362 2102 1584 2181 sieht. Genau so, wie Grillparzer, der Dichter mit dem
1585 2145 2796 2225 so viele ideale Forderungen an sich stellen muß, daß er für
2808 2153 3318 2226 Püblikum zu gewinnen
370 2166 1592 2229 österreichischen Schicksal zuerst und vor allem seinen Platz
1591 2194 2510 2279 keine leben, sondern nur noch sterben kann.
2803 2203 3306 2275 prickelnde Art wird guch
360 2204 1593 2276 hat in der Geschichte der deutschen Dichtung und Kultur, so
1671 2238 2792 2304 Sie haben daher auch alle etwas Behutsames an sich,
2807 2252 3300 2324 vor „etwas Schwerem“
360 2252 1582 2335 ist auch Arthur Schnitzler, ein größerer Könner noch
1585 2276 2810 2342 die Schnitzlermenschen; man lauscht ihren langen Gesprächen,
364 2291 1582 2366 als jener, gestellt in die große Doppelreihe der deutschen
1587 2325 2812 2387 in denen sie niemals das Letzte, Eigentliche zu sagen wagen
364 2353 1500 2406 Dramatiker und Erzähler und von ihr nicht zu trennen.
2878 2331 3322 2421 Abends im Residen
1593 2362 2808 2438 mit der schmerzhaft gespannten Aufmerksamkeit dessen, der
480 2387 1582 2453 Es ist eine vielleicht nur zufällige Manifestation dieses
2889 2399 3316 2467 Es ist gedrüngt vol
1581 2415 2810 2495 jeden Augenblick eine Enthüllung seines Selbst fürchtet. In
363 2428 1585 2494 Zusammenhanges, daß Schnitzler nach Berlin gekommen ist,
2808 2438 3311 2515 mit Stühlen verstellen
1589 2469 2808 2524 diesem Sinne besteht eine eigentümliche Verwandtschaft
356 2472 1588 2543 um hier seinen 60. Geburtstag zu feiern — vielleicht aber
2815 2491 3318 2557 feierliche, halo erwartung
1593 2507 2805 2579 zwischen Schnitzlers Dramen und seinen Novellen; die
370 2507 1599 2579 auch birgt dieser Zufall einen tieferen Sinn. Es ist eine
2812 2537 3315 2601 zu, was noch nicht Alle
1597 2542 2808 2614 ersteren gewinnen ihre Spannung weit mehr aus der
374 2566 1582 2628 von allen Freunden des Dichters mit Betrübnis konstatierte
2808 2576 3324 2642 sei. Man zeigt sich sein
1597 2584 2812 2659 Analyse der Persönlichkeit, als aus der Handlung, die letzteren
369 2608 1584 2670 Tatsache, daß man in Deutschland in der großen Masse des
2819 2621 3315 2683 links, unverkennbar sein
1603 2640 2539 2713 sind weit weniger Ereignis als Charakteristik.
377 2657 1600 2712 Publikums einzelne Werke des Dichters von besonders guten
2810 2669 3310 2732 Haarkranz und dem Spi
1684 2662 2817 2746 Man kommt dem Wesen des Dichters am tiefsten auf die
360 2712 1592 2760 Aufführungen her oder aus anderen, höchst bedenklichen
2810 2707 3323 2775 zum Publikum sitzt und
1595 2717 2817 2788 Spur, wenn man ihn einmal eine seiner Novellen selbst hat
373 2741 1588 2805 Gründen, kennt und daß auch die Gebildeten noch kaum eine
2822 2758 3322 2832 wie um nicht gesehen zu
1593 2764 2808 2822 vorlesen hören. Er tut dies zuweilen im kleinen Kreise
372 2788 1602 2848 Ahnung haben von dem Umfang und dem Wesen seines
2808 2802 3112 2872 und Tochter.
1592 2820 2804 2879 irgend eines ganz ernst zu nehmenden Woblfahrtsnereins
373 2831 1585 2887 Werkes, so daß einen beinahe eine leise Furcht beschleicht,
2899 2827 3319 2895 Das Spiel beginnt;
1598 2861 2807 2919 in Wien und die Menschen, die sich da um ihn scharen, können
361 2880 1597 2941 auch er möchte dem österreichischen Schicksal verfallen, drüben
2826 2865 3312 2945 Stück eigentlich, sagt man
1711 2896 2802 2973 sellsam das klingen mag — für ihre Arbeit am Men¬
374 2918 1527 3009 als Lokalberos gefeiert und hier fast vergessen zu sein.
2814 2933 3320 3012 Leben nachgezeichneten W
1594 2944 2803 3018 schen manches leinen von ihm, der mit kühler, scharf
527 2959 1598 3022 s würde ein solches Schicksal keinen unverdienter
2894 2987 3332 3050 Die Schauspieler ##
1592 2991 2814 3052 acrentuierender Stinme liest und dadurch den Eindruck noch
371 2998 1597 3068 treffen als Schnitzler, denn keiner ist im letzten Grunde
2812 3012 3315 3095 Korff ganz groß aus de
1593 3047 2805 3118 verschärft, den Eindruck des Arztes, der die Sonde an die
372 3050 1597 3115 moderner und daber lebendiger als er. Die Menschen, die
2825 3069 3332 3141 fühlt man leisen Kontak
1606 3093 2184 3161 Seelen der Menschen legt.
369 3102 1601 3164 handelnd durch seine Komödien geben, haben zwar durch
2823 3124 3319 3175 bei den halb ironischen
1683 3114 2826 3187 Dies alles, was ich hier gesagt habe, wird, so glaube ich,
367 3139 1596 3201 den Krieg manches Attribut ihres Milieus verloren, aber
2819 3161 3319 3225 dem sympathischen Wesen
1599 3178 2821 3237 bei meinen Lesern ein gewisses Erstaunen hervorrufen; sie
361 3171 1596 3246 die von äußeren Willenshemmungen verdeckten, Fäden der
2814 3215 3323 3288 arzt Dr. Schnitzler ahnt.
1608 3221 2822 3287 kannten Schmitzler nur als den Dichter des leichten, zwar
366 3235 1588 3297 Erotik, des Ehrgeizes und der gesellschaftlichen Sitte und
2898 3253 3318 3324 Bereits nach dem
1598 3265 2812 3324 formschönen, aber etwas frivolen Spie's, von dem sie nur
369 3277 1598 3338 Korruption sind immer noch die Beweger ihres Seins. Die
2815 3293 3324 3367 den Gefeierten auf die
1596 3301 2825 3368 seinen „Professor Bernhardi“ und „Liebelei“ und vielleicht
377 3324 1609 3387 Konflikte, die Schnitzler uns zeigt in der Welt des satten
2810 3330 3340 3420 die Vegeisterung, für d
1595 3355 2820 3407 noch den sehr tapferen Roman um das Judenprob'em „Der
370 3362 1603 3431 Bürgertums, der Aestheten und Künstler, wo sie am
378 3430 3166 3475 leichtesten zu demonstrieren sind, sie sind die Konflikte des Weg ins Freie“ ernst nahmen. Sie sehen nicht, daß in jeder Freude dankte.
707 3477 1516 3670 GbO
