3392 4352
1902 186 2209 275 — —
1077 290 1529 373 box 39/3
205 304 925 406 goth Birthdar
2036 1267 2256 1345 12. Heft
1222 1266 1737 1350 Der Lesezirkel,
737 1281 1057 1356 9. Jahrgang
971 1494 2064 1611 Hauptmann und Schnitzler,
1102 1607 1911 1740 die Sechzigjährigen
1432 1743 1579 1820 Von
1336 1814 1662 1892 Robert Faesi
818 1918 2263 2014 ieliterarische Revolution Deutschlands Ende der achtziger Jahre,
741 1996 2265 2073 1 jene Erschütterung des geistigen Lebens, die von altersschwach
875 2037 2261 2119 gewordenen Konventionen befreite und vor allem einer wirk¬
737 2105 2263 2170 lichkeitssüchtigen Kunst zum Durchbruch verhalf, liegt um ein Drittel¬
751 2161 2261 2225 jahrhundert, um eine volle Generation zurück. Von den hoffnungs¬
745 2215 2274 2297 vollen Talenten, die jene Zeitwelle auf die Höhe trug, sind manche
746 2271 2277 2349 -hestorben und verdorben, manche haben sich in Schweigen gehüllt,
752 2357 2272 2404 andere sind der Vergessenheit anheimgefallen, und wie viele sind von
749 2420 2276 2467 den damals eingeschlagenen Straßen abgeschwenkt, haben sich zu
745 2452 2188 2511 neuen Fahnen bekannt, ja, bis zur Unkenntlichkeit gewandelt.
823 2514 2268 2578 In Gerhart Hauptmann und Arthur Schnitzler, deren Geburt ins
754 2578 2264 2650 selbe Jahr 1862 fällt, und deren aufsehenmachender Eintritt in die
757 2638 2276 2697 Literatur sich kurz hintereinander um 1890 vollzog, ist jene Zeit
750 2703 2276 2758 bis heute lebendig und wirkungsvoll geblieben. Die dominierenden
746 2773 2279 2828 Züge ihres Jugendbildes bestimmen noch die Physiognomie der
753 2801 2273 2862 rüstigen Sechziger, mag sich auch manches gemildert, anderes ver¬
749 2854 2278 2930 schärft haben, und mögen neue, kaum erwartete, aber flüchtigere
747 2920 2277 2994 Linien das literarische Bild — namentlich das Hauptmanns — be¬
754 2984 2276 3049 reichern. Sie sind die Sichtbarsten unter den Wenigen jener
762 3036 2282 3108 Generation, die in stetiger Fruchtbarkeit und fast ununterbrochenem
755 3098 2278 3175 Zusammenhang ihr in erster Linie dramatisches, in zweiter Linie
753 3154 2290 3245 erzählendes Lebenswerk gemehrt haben; ihre Gestalten sind zu
751 3247 2292 3285 kleinen Völkern angewachsen, ihre Gesamtschöpfungen zu einem
759 3274 2288 3345 reichen Mikrokosmos. Hätte nur die Zeitwoge von 1890 ihr Werk
761 3328 2277 3391 emporgetragen, so wäre es trotz des beharrlichen Weiterschaffens
755 3412 2292 3463 schon im Wellental der Vergessenheit verschwunden. Das sterbliche
752 3458 2302 3533 und das dauernde Teil darin ist im Begriff, sich immer deutlicher
