3392 4352
241 257 1569 390 6oth Birthdag box 39/3
2020 1546 2161 1631 —
2913 1601 3343 1668 Man hat Schnitzler oft
1507 1613 2827 1675 1 Puppenspiel des Lebens, das die Wiener Volksstücke mit unbewußter Ironie
1516 1656 3356 1724 darstellten, das bei ihm aber mit einem skeptischen Künstlertum geschildert] zu eng begrenzt seien. Tats
581 1566 1462 1784 Mher Sahiter. 6.
2823 1691 3342 1762 guren und Situationen, die si
1505 1688 2828 1769 wird. Das Schicksäl spielt mit uns, wir spielen unser Leben: „Es fließen
2831 1742 3353 1805 holen. Da ist die Stellung
1509 1731 2832 1812 ineinander Traum und Wachen, Wahrheit und Lüge. Sicherheit ist nir¬
311 1737 1328 1824 /0 Zu seinem 60. Geburistag, 15. mal.
2831 1782 3350 1845 süßen Mädel“ und der ver#
1514 1783 2830 1858 gends. Wir wissen nichts von andern, nichts von uns. Wir spielen alle,
788 1815 930 1896 Von
2827 1819 3349 1896 hältnis in der Ehe, da sind
1511 1827 2838 1900 wer es weiß, ist klug“, heißt es in seinem tiefsinnigen „Paracelsus“. „Das
196 1818 604 1905 (Nachdruck verboten.]
2825 1869 3341 1939 der Liebe kurze Seligkeit un
1517 1859 2827 1941 Leben — ein Traum“, dies Grillparzer=Motiv wird von Schnitzler in viel¬
658 1873 1092 1965 Dr. Paul Landau.
1524 1903 2828 1979 fachen Wandlungen und Spiegelungen ausgenommen, ebenso wie die Ver¬
2822 1911 3360 1976 und das Grauen vor dem Al
1527 1935 2831 2027 schmelzung von Liebe und Tod aus „Des Meeres und der Liebe Wellen“.
2828 1964 3350 2038 Leitmotive schon in seinen
306 1933 1525 2015 Arthur Schnitzler wird 60. Der Dichter der müden, überreisen
1518 1972 2828 2057 Kunst und Natur gehen ineinander über, und das Leben in der Phan¬
2836 2006 3344 2067 „Liebelei“ reich und dichteri
202 2000 1522 2062 Jvgend, der so früh die Tragik der Alterns, den „einsamen Weg“ ins
1527 2025 2837 2103 tasie ist ost wirklicher als das reale Leben. Daher seine Verehrung, ja
2842 2047 3335 2105 so berüchtigten Szenenfolge,
211 2041 1517 2114 Leere, ins Nichts geschildert, hat all die Empfindungen und Erlebnisse des
1520 2064 2827 2150 Ueberschätzung des Künstlers, sein Aesthetentum, daher aber auch die In¬
2837 2092 3353 2144 ters seinen stärksten Ausdruch
216 2080 1523 2157 absinkenden Lebens vorweg genommen, so daß er uns heut' im gauen Haar
1518 2115 2831 2182 brunst, mit der das Formale gegeben ist. In der Feinheit und Grazie
2827 2133 3355 2203 tanz der Liebe“ dessen Mol
203 2123 1517 2199 nicht viel älter erscheint als in fernen blühenden Tagen. Schnitzlere letzte
1528 2156 2841 2237 seines Stils folgt Schnitzler ebenfalls den besten heimischen Mustern, und
2842 2163 3348 2244 „Die Wollust der Kreaturen“
206 2165 1526 2254 Werke hatten etwas Zeitloses, Unpersonliches. Der unbestrittene Führer der
1530 2205 2778 2281 manches aus seiner letzten Prosa gemahnt an Stifters Erzählenskunst.
2834 2206 3356 2274 dramen, die nun folgen, wid
207 2213 1530 2289 „Wiener Schule", dieser Klassiker des Impressionismus, sieht heute, in den
1638 2238 2838 2312 Aus seinem Wienertum heraus wurde der Dichter zu dem bezeich¬
213 2257 1536 2326 Tagen des „sterbenden Wien“, des sieghaften Expressionismus, fremd in
2838 2266 3353 2326 höher stehende Fortsetzung in
1537 2285 2838 2356 nendsten Vertreter des Impressionismus. Da er nur die Empfindung des
222 2294 1535 2368 einer ihm fremden Welt. Er spielt noch die alten Melodien, die melancho¬
2838 2303 3350 2371 weite Land“, die der i
1534 2326 2835 2403 Augenblicks anerkennt, sich allein an den flüchtigen Adglanz des Lebens, an
207 2330 1530 2407 kischen Klänge eines raschen Lebensgenusses, einer bitteren Seligkeit, aber
2836 2344 3349 2408 vorhalten. Hier erliegt der #
1522 2370 2848 2431 den Mummenschanz' verhuschender Schatten klammert, so wußte er in das
211 2382 1534 2453 sie tönen etwas leer, leise, wie fernverweht. Schnitzler ist an seinem 60. Ge¬
2848 2391 3357 2460 Spannkraft entbehrt, bisweile
1535 2415 2836 2487 Momentane den stärksten Inhalt zu legen. Seine beiden ersten bedeuten¬
221 2420 1534 2491 burtstag schon historisch geworden und als den Vertreter einer abgeschlos¬
2843 2434 3352 2488 die ihm am besten im „Gr
1535 2452 2841 2532 deren Arbeiten, der Einakterzyklus „Anatol“ und die Novelle „Ster¬
219 2457 1533 2547 senen Epoche, als den Meister eines vollendeten Stils dürfen wir ihn
2846 2476 3354 2541 neuesten Berufsstücke, das vic
1537 2487 2843 2571 ben“, drängen bereits in einzelne Augenblicke ganze Welten des Er¬
2846 2521 3352 2591 hardi“ und die mißlungene
219 2529 425 2599 würdigen.
1532 2541 2846 2614 lebens. Das impressionistische Drama hat kein höheres Kunstwerk aufzu¬
2847 2562 3360 2624 busch“ sind reine Theaterst#
323 2550 1532 2617 Die Wiener Dichtung wird stets in der Literaturgeschichte des letzten
1540 2590 2844 2659 weisen als Schnitzlers „Einsamen Weg“, in dem man auch wohl sein
221 2599 1538 2667 Vierteklahrhunderts eine bedeutende Stelle einnehmen, sie ist ja nicht nur mit
2838 2609 3344 2665 Werken „Der Schleier
1543 2624 2850 2701 bestes Werk sehen darf. Hier entfaltet sich eine Kunst der Halbtöne, der
2849 2653 3358 2717 dardus“, die zur „großen
224 2640 1534 2719 den Schlagworten vom „Wiener Walzer“ und „süßen Mädel“ zu er¬
1536 2668 2843 2758 feinen Valeurs, eine silbergraue, von schweren Farben matt durchleuchtete
229 2676 1542 2767 schöpfen, sondern sie hat dem trüben und sachlichen norddeutschen Naturalis¬
2846 2691 3365 2759 noch die dramatische Architek
1542 2714 2855 2795 Herbststimmung ist über das Ganze gebreitet, und die Tragik des Alters,
230 2724 1537 2806 mus erst Anmut verliehen, Weichheit, Feinheit, Musik. Und der bezeichnende
2853 2742 3355 2795 Szenen besonders der „Sch
1541 2758 2849 2843 die hier angeschlagen wird und bei Schnitzler immer wiederkehrt, ist die
221 2768 1540 2846 Künstler dieser „Wiener Schule“ schlechthin ist Schnitzler, nicht etwa Hof¬
2837 2780 3356 2850 Einzelheiten, und überhaupt
1550 2805 2850 2883 eigentliche Tragik des impressionistischen Menschen, der stets die Stunde
225 2807 1539 2882 mannsthal, der viel internationaler ist und mit seinem fabelhaften Form¬
2849 2814 3368 2889 manchen Einaktern, in einze
1551 2839 2854 2922 genossen hat und sich nun einsam sieht mit den Schemen seiner Erinnerung.
221 2852 1543 2924 talent die verschiedenartigsten Stile neu zu beleben weiß. In Schnitzler
2849 2864 3365 2937 zuletzt das Casanova=Dramh
1532 2884 2846 2968 Die Wirrungen und Wandlungen der Seele, die „ein weites Land“ ist,
235 2891 1545 2976 findet umalte Wiener Tradition ihre letzte Verseinerung, ihren vollen Aus¬
2848 2906 3363 2972 Jahresfrist in Königsbe
1544 2919 2853 3006 beschäftigen Schnitzler hauptsächlich, der als Arzt ein scharfer Beobachter
231 2932 1545 3021 klang. Viel mehr als das Vorbild der Franzosen, wie Donnag und La¬
2854 2946 3360 3037 mit seiner prächtigen Nokoko¬
1601 2963 2862 3037 und sich mit Psychologie nicht nur als Künstler, sondern auch als Ge¬
227 2966 1559 3070 vedan, oder Ibsens, sollte man diese heimischen Einflüsse betonen. Sein
2964 3005 3355 3060 Schnitzler ist ein Mei
1546 3001 2860 3089 lehrter beschäftigt hat. In einem eigenen Buch ist von Theodor Neik auf
237 3006 1551 3102 Haupimotiv, die schaurigeschöne Verschwisterung von Liebesgenuß und
2858 3041 3351 3113 er braucht jemanden, der ihr
1548 3061 2848 3141 die Beziehung unseres Dichters zu der Psychoanalyse Freubs hingewiesen
231 3046 1551 3139 Todesnähe, ist der eigentliche Stimmungsfaktor des Barock, das nicht nur
2848 3091 3354 3153 eristik ist zu subtil und episch,
1549 3100 2852 3180 worden, der sein engster Wiener Landsmann ist und mit dem er sich auch
226 3105 1546 3175 in der Kunst Fischer von Erlachs, sondern auch im österreichischen Jesuiten¬
2859 3134 3362 3198 bekommen. Als Novellist h#
1561 3149 2857 3225 in seinen wissenschaftlichen Arbeiten über Hypnose und Suggestion berührte.
231 3134 1555 3236 Frama seine Höhe erreichte, und die stets wiederkehrende Situation bei
2865 3169 3365 3234 „Leutnani Gustl“ an
230 3194 1550 3262 Schnitzler, der Rausch der Liebe im Angesicht des Todes, ist nur ein
1551 3196 2861 3271 Schnitzler ist in seinen Dichtungen von verhältnismäßig einfachen Gefühlen,
2854 3210 3357 3270 kurz und reicht nicht zum R.
231 3230 1551 3311 müder Nachhall jener starken Barock=Kontraste, die hier zu einer schmerzlich
1554 3233 2861 3311 auf denen sich sein bekanntestes Drama „Liebelei“ aufbaute, zu immer
2866 3246 3365 3326 Wegins Freie“ vielleich
247 3266 1558 3356 stillen Harmonie verschmelzen Aber nicht nur dies eine Motiv, sondern
1566 3280 2857 3352 komplizierteren seelischen Beziehungen und Rätseln fortgeschritten, er dringt
2860 3307 3363 3365 Werk. Es ist ein Bekennt
235 3309 1558 3405 seine ganze Lebenshaltung ist typisch österreichlsch. Es ist jenes Gehen¬
1555 3313 2866 3397 tief in die Welt des Unbewußten, der verdrängten Gefühle und gestaltet
2858 3342 3366 3417 und als Oesterreicher mit de
233 3355 1552 3444 lassen, das im Postlied des „lieben Augustin“ erklingt: „'s ist mir alles
1562 3366 2862 3443 echt Freundsche Probleme, wie in der Novelle „Frau Beate und ihr
2866 3394 3358 3459 ringt. Gehört auch der Di
247 3393 1559 3483 eins“, es ist das Genießen des Augenblicks, das nicht nach dem Morgen
1567 3407 2857 3480 Sohn“. Aber so wichtig diese tief bohrende und zergliedernde Analyse
2862 3426 3351 3501 der Vergangenheit an, der
242 3445 1556 3539 fragt, wie es schon Abraham a Santra Clara an seinen Wienern tadelte.
1563 3443 2861 3525 für seine Kunst ist, so darf man sein Werk doch nicht, wie es Reik getan
2866 3481 3358 3552 lichen — Ewigmenschlichen
252 3485 1562 3561 Schnitzler ist ein geradezu sanatischer Versechter des Glaubens, daß der
1563 3496 2860 3574 hat, einseitig an der Freundschen Methode messen, sondern muß betrachten,
241 3526 1558 3607 Mensch nichts tun kann gegen sein Schicksal, daß er unfrei ist, eine Puppe
256 3521 2895 3666 in der Hand eines unsichtbaren Drahtziehers. Es ist dies lustig=traurige was er aus diesem reichen plochologischen Materiol lebendig gestaltet hat.
