3344 4480
219 261 916 365 irthdar
1080 252 1528 326 box 39/3
2006 83 2790 159 lter Skulle mühandn fer den, Semn
2008 131 2810 202 icke vore viss om ursprunget, lika väl
1999 164 2784 244 förefalla att härstamma frän nägon
1988 225 2784 297 sak av Oscar Wilde:'Jag känner det,
1980 280 2786 347 som om jag ginge miste om mycket i
1994 333 2788 400 fall Jag funne mig riktigt stark en dag.
1993 370 2788 447 Det finns sä mänga sjukdomar men
1988 419 2786 491 bara ett slags hälsa, Man mäste känna
1996 471 2800 544 sig just sä frisk som alla andra och
1995 521 2794 588 ündä kan man vara sjuk pä ett helt
1996 567 2580 640 olika sätt än nägon annan''.
2019 627 2794 706 Schnitzlers pessimism gär gära ut
1983 688 2793 761 över mannen, han är visserligen icke
1988 723 2786 798 feminist, men i alla fall en diametral mot¬
1988 783 2785 852 sats till Strindberg, som ju ständigt hem¬
1984 834 2784 899 föll ät den affekt nervspecialister bru¬
1987 882 2790 947 ka rubricera 'den manliga protesten'.
1983 923 2795 1000 Schnitzler gömmer under all sin ironi pä
1987 973 2792 1031 försvarslust, när det gäller kvinnorna.
1984 1028 2790 1098 Han bekänner sig icke till nägon
1984 1078 2780 1147 ''handskemoral“, men t. ex. i ’Märchen'
1984 1122 2783 1187 tager han upp frägan om den dubbla
1972 1182 2781 1247 moralen och dess olika krav: det rela¬
1972 1222 2795 1289 tiva, dä det gäller mannen, det absoluta,
1975 1278 2785 1340 dä det är fräga om kvinnan, Förfat¬
1978 1324 2785 1386 taren fär verkligt patos, i sina angrepp
1985 1371 2797 1427 mot de gammalmodiga, som icke kunna
1991 1417 2797 1486 se skillnaden mellan den andliga och den
1975 1473 2788 1522 fysiska oberördheten. Tragiken i stye¬
1982 1514 2792 1591 ket ligger dock i att mannen, som har
1985 1563 2795 1638 att förfäkta teorien, icke orkar fullfölja
1986 1626 2787 1688 den i praxis. Herman Bahr karaktäri¬
1989 1671 2796 1736 serar pä pricken figuren: ’Sein Gefühl
1985 1722 2787 1774 hat nicht den Mut seines Verstandes“.
2011 1771 2788 1837 Det är här knappast platsen att ingä
1985 1823 2781 1875 pä nägon undersökning av den rad scen¬
1984 1865 2784 1940 verk, som tillhör Schnitzlers produktion,
1990 1917 2783 1972 och icke heller pä det befogade eller
1990 1973 2778 2027 obefogade i den skandalösa uppmärk¬
1977 2003 2798 2088 samhet, som ägnats hans dialogeirkel
1997 2063 2795 2130 Reigen“. Den utomordentliga satir
1986 2111 2786 2172 cyklen rymmer förtager dock möjlighe¬
1971 2160 2790 2231 ten att ätminstone vid studiet chockeras
1976 2209 2550 2274 över de närgängna motiven.
2005 2263 2781 2324 Men Schnitzler, som av en essayist
1965 2307 2781 2376 fär den betecknande titulaturen '’Prosa¬
1971 2353 2780 2425 lyrikens Heine', griper ocksä stundom
1972 2403 2771 2467 metrisk form tih sin dramatik. När
1966 2459 2781 2523 man nämner ’Paracelsus', överskyggas
1976 2512 2771 2564 diktverket för stockholmarna av den
1972 2555 2775 2625 egendomliga Moissiframställningen i vä¬
1977 2603 2764 2669 ras. Dt är flödande verskonst 1
1969 2647 2779 2719 Schnitzlers jamber, ehuru i' Paracelsus“
1971 2706 2774 2764 de inskjutna rimmen emellanät verka
1967 2749 2771 2822 tämligen överflödiga. Den lilla pjäsen
1975 2799 2790 2869 är dock knappast jämbördig med det
1967 2848 2786 2923 stora versifierade renässansdramat'Der
1987 2901 2483 2968 Schleier der Beatrice“.
2001 2953 2780 3020 Det finns inte sà fä, som trots Arthur
1961 3000 2764 3064 Schnitzlers position inom Europas scen¬
1966 3047 2764 3129 konst sätta ännu större värde pä hans
1958 3105 2762 3166 novellistik. Vid en tanke tillbaka hej¬
1970 3157 2767 3213 dar man sig ofrivilligt inför minnet av
1991 3205 2775 3268 Blumen“, en färgstark och poetisk pro¬
1971 3251 2771 3314 sadikt om liv och död, i samlingen?'Die
1967 3302 2771 3372 Frauen der Weisen' eiler vid'Sterben'’,
1974 3346 2773 3418 Pein Kabinettsstück schwermutiger Stim¬
1964 3406 2774 3472 mungskunst', som sistnärnda gripande
1969 3457 2776 3522 novellett med ett lyckligt valt uttryck
1965 3505 2777 3554 kallas i en essay av Hans Land, Icke
1966 3547 2766 3614 minst i Schnitzlers novellistik har efter
1966 3604 2760 3669 hand en social idévärld gjort sig skönj¬
1960 3657 2768 3700 bar, och de framskridande ären sägas
1969 3703 2773 3780 djupare än förr hava riktat hans tenke
1966 3751 2766 3818 pä de problem hans egen ras har att
1973 3804 2187 3858 begrunda.
2003 3850 2773 3904 Fastän Arthur Schnitzler hunnit till
1967 3896 2767 3957 sin sextioärsdag, har man säker förtro¬
1972 3952 2761 4010 stan, att hans hand skall bringa ytter¬
1963 4003 2771 4062 ligare verk fyllda av klarögd ironi och
1955 4040 2527 4115 försonlig människokunskap.
2418 4094 2730 4152 Einar Smith.
