3392 4352
292 293 1601 404 6oth Birthdag box 39/3
1025 1837 1123 1920 S
341 1885 1563 1981 das Gleiche nicht zu sagen. Indes will mir scheinen, daß er als
336 1930 1562 2024 ernster, geistiger Arbeiter und scharfer Psychologe entschieden höher
341 1960 1567 2059 steht als der stets wechselnde Neuigkeitsbringer Hermann
334 2005 1554 2099 Bahr, neben dem Schnitzler heute zu einem wesentlichen Teil die
337 2047 1401 2135 gegenwärtige Dichtung Deutsch=Oesterreichs repräsentiert.
408 2083 1558 2159 Daß ers auch außerhalb des weichen Wiener Milieus versteht,
331 2110 1552 2213 das hat Schnitzler in seinem „Grünen Kakadu“ bewiesen.
327 2150 1556 2246 Einem grotesken Akt, der am Tage vor dem Bastillensturm in
319 2185 1552 2290 Paris spielt und in dem das Volk den Aristokraten zu Leibe geht.
324 2228 1202 2315 Leidenschaftliche; packende Szenen voller Plastik.
396 2276 1549 2368 Noch etwa ein Dutzend weiterer Bühnenarbeiten Schnitzlers
324 2309 1539 2402 wären zu nennen, jedoch sind diese fast durchweg nicht von klassischer
311 2348 1543 2441 Reife, wenn auch einzelne von ihnen vorübergehend auf unseren
307 2384 1531 2480 Bühnen brillierten. Erwähnt sei aber noch dasjenige seiner Stücke.
309 2427 1546 2527 das seit dem vorigen Jahre trotz lautem Protest Andersdenkender
319 2458 1538 2545 die Kassen deutscher Theater füllt, Zensurbehörden, Gerichte und
309 2483 1535 2603 Parlamente mobil machte und das dennoch schon in diesem Jahre
319 2540 1529 2630 ein — Vierteljahrhundert auf dem Rücken hat, der „Reigen“. Zehn
308 2583 1533 2683 Szenen aus dem Gebiet der sexuellen Liebe auf die verschiedensten
316 2609 1525 2706 Stände verteilt. Am Anfang und am Ende der Szenen steht die
292 2655 1529 2742 gleiche Dirne, so daß sich also der Reigen um die meist recht krassen
299 2697 1528 2798 Liebesvorkommnisse schließt. In das Werk. das keinesfalls als die
294 2732 1518 2836 höchste Offenbarung deutscher Bühnenkunst angesehen werden darf
298 2761 1520 2873 und das sich ebensowenig mit Zolaschem und Jung=Hauptmannschem
298 2804 1520 2896 Naturalismus messen kann, sind an französischen Vorbildern ge¬
292 2847 1513 2957 schulte Ironie und Satire eingestreut. Eben, wie gesagt,
288 2880 1515 2987 immer Geist und Grazie, aber auch ganz derbe Holzschnittmanieren!
293 2921 1515 3037 Unter Wilhelms II. herrlichen Zeiten war der „Reigen“ in
293 2958 1221 3059 Deutschland verboten, in Oesterreich aber erlaubt.
361 3021 1498 3099 So, kurz umrissen, der in Wien lebende, erfolgreiche Drama¬
279 3050 1514 3147 tiker und Erzähler Arthur Schnitzler, dessen Name in der modernen
282 3082 1504 3192 deutschen Literatur einen guten Klang hat und der besonders als
289 3125 1500 3227 namhafter Vertreter deutsch=österreichischer Bühnendichtung an¬
275 3161 1496 3273 zusprechen ist. Große Zeitprobleme hat Schnitzler nicht gestaltet;
298 3204 1500 3313 n seelischer Beziehung verrät er hier und da starke Kenner= und
277 3237 553 3308 Könnerschaft.
1353 3289 1462 3354 Kl.
323 3339 1542 3415 war mir, als gehe von ihr ein Duft von Weihrauch und Wachs¬
319 3397 1538 3456 kerzen aus, und als müsse sie bald sterben. Ich hätte mich gar
313 3446 1539 3492 nicht gemundert, wenn sie plötzlich vor mir mit dem Gesicht zur
317 3482 1539 3528 Erde hingefallen und tot liegen geblieben wäre. Vor lauter Furcht
321 3521 1446 3566 begann ich ganz laut zu sprechen, aber sie fiel mir ins Wort:
444 3551 1539 3606 5—st] Sprich leise, sonst erwacht das Gesindel und denkt,
317 3584 880 3665 dn bist mein Liebhaber
1128 3600 1512 3677 (Fortsetzung folgt.)
1978 683 2903 797 ADOLF SCHUSTTENN —
1914 780 3022 843 ZEITUNGSNACHRICHTEN-BUREAU“
2108 847 2795 931 BERLIN SO 16, RUNGESTR. 22-24.
1953 935 2692 1040 Zeitung: Wiener Stimmen
2723 1022 2802 1106 □
1964 1042 2956 1172 Adresse: Wien 17141#0
2648 1162 2801 1223 S
1949 1162 2222 1267 Datum:
1921 1256 2966 1352 Zum Sechziger des „Reigen“¬
2265 1329 2603 1413 Dichters.
2401 1379 2973 1468 Zeichnung von Theo Zasche.
1999 2595 2186 2695 9
2066 2768 2127 2842 *
2197 2812 2595 2944 *
2184 2920 2230 2981 *
2558 2952 2730 3036 (
2226 3124 2917 3247 30 40
1916 3160 2167 3246 4.704
1942 3259 3026 3347 „Wir winden dir den — Lorbeerkranz.“ #######
