<?xml version="1.0" encoding="UTF-8" standalone="yes"?>
<PcGts xmlns="http://schema.primaresearch.org/PAGE/gts/pagecontent/2013-07-15" xmlns:xsi="http://www.w3.org/2001/XMLSchema-instance" xsi:schemaLocation="http://schema.primaresearch.org/PAGE/gts/pagecontent/2013-07-15 http://schema.primaresearch.org/PAGE/gts/pagecontent/2013-07-15/pagecontent.xsd">
    <Metadata>
        <Creator>prov=University of Rostock/Institute of Mathematics/CITlab/Gundram Leifert/gundram.leifert@uni-rostock.de:name=ONB_Newseye_GT_M1+(htr_id=10810)::::v=2.4.2
prov=University of Rostock/Institute of Mathematics/CITlab/Tobias Gruening/tobias.gruening@uni-rostock.de:name=de.uros.citlab.module.baseline2polygon.B2PSeamMultiOriented:v=2.4.2
prov=University of Rostock/Institute of Mathematics/CITlab/Tobias Gruening/tobias.gruening@uni-rostock.de:name=/mnt/transkribus/LA/DEA/URO/LA_news_onb_att.pb:de.uros.citlab.segmentation.CITlab_LA_ML:v=2.4.2
Transkribus</Creator>
        <Created>2019-10-07T20:31:33.627+02:00</Created>
        <LastChange>2019-10-09T07:16:56.897+02:00</LastChange>
        <TranskribusMetadata docId="224438" pageId="9575401" pageNr="90" tsid="16625884" status="IN_PROGRESS" userId="40391" imgUrl="https://files.transkribus.eu/Get?id=SGQVZMMWXGSMISHDHVKXDFSQ&amp;fileType=view" xmlUrl="https://files.transkribus.eu/Get?id=KNGLUJRHATBFRPQTAYNCISWB" imageId="6207034"/>
    </Metadata>
    <Page imageFilename="224438_0090.jpeg" imageWidth="3344" imageHeight="4480">
        <ReadingOrder>
            <OrderedGroup id="ro_1711442670532" caption="Regions reading order">
                <RegionRefIndexed index="0" regionRef="r1"/>
                <RegionRefIndexed index="1" regionRef="r2"/>
            </OrderedGroup>
        </ReadingOrder>
        <TextRegion orientation="0.0" id="r1" custom="readingOrder {index:0;}">
            <Coords points="159,321 159,3312 1855,3312 1855,321"/>
            <TextLine id="r1l1" custom="readingOrder {index:0;}">
                <Coords points="1115,369 1246,368 1310,344 1413,372 1479,344 1515,361 1575,341 1575,312 1543,312 1497,282 1435,291 1418,280 1395,299 1339,290 1300,313 1114,294"/>
                <Baseline points="1125,351 1150,351 1176,351 1202,351 1228,352 1254,352 1280,352 1306,352 1332,352 1357,352 1383,352 1409,351 1435,350 1461,350 1487,349 1513,348 1539,346 1565,344"/>
                <TextEquiv>
                    <Unicode>box 39/3</Unicode>
                </TextEquiv>
            </TextLine>
            <TextLine id="r1l2" custom="readingOrder {index:1;}">
                <Coords points="255,392 710,399 966,369 965,326 825,296 784,321 753,296 665,314 542,298 505,327 446,303 302,302 255,329"/>
                <Baseline points="266,373 300,373 334,372 369,372 403,371 438,371 472,371 507,371 541,371 576,370 610,370 644,370 679,370 713,370 748,369 782,369 817,369 851,368 886,368 920,367 955,366"/>
                <TextEquiv>
                    <Unicode>goth Birthdar</Unicode>
                </TextEquiv>
            </TextLine>
            <TextLine id="r1l3" custom="readingOrder {index:2;}">
                <Coords points="652,1429 1827,1406 1826,1370 1757,1353 960,1393 651,1370"/>
                <Baseline points="661,1414 718,1413 776,1412 834,1412 892,1411 950,1410 1007,1409 1065,1408 1123,1407 1181,1406 1239,1405 1296,1404 1354,1403 1412,1402 1470,1402 1528,1401 1585,1400 1643,1400 1701,1400 1759,1399 1817,1399"/>
                <TextEquiv>
                    <Unicode>sich das Motiv aus den „Blumen“: Es gibt keine Freuden</Unicode>
                </TextEquiv>
            </TextLine>
            <TextLine id="r1l4" custom="readingOrder {index:3;}">
                <Coords points="162,1475 272,1462 291,1445 406,1472 445,1454 487,1468 526,1455 525,1378 448,1373 419,1395 375,1375 327,1373 292,1403 260,1383 212,1399 183,1376 160,1379"/>
                <Baseline points="172,1450 198,1451 224,1451 251,1451 277,1451 303,1450 330,1449 356,1448 383,1448 409,1447 435,1446 462,1446 488,1446 515,1446"/>
                <TextEquiv>
                    <Unicode>das Werk.</Unicode>
                </TextEquiv>
            </TextLine>
            <TextLine id="r1l5" custom="readingOrder {index:4;}">
                <Coords points="648,1478 1828,1462 1802,1406 648,1432"/>
                <Baseline points="659,1462 716,1463 774,1463 832,1463 890,1463 948,1463 1006,1462 1064,1462 1122,1461 1180,1460 1238,1459 1295,1458 1353,1457 1411,1456 1469,1455 1527,1454 1585,1453 1643,1452 1701,1451 1759,1451 1817,1451"/>
                <TextEquiv>
                    <Unicode>und keine Leiden, es gibt nur Grimassen der Lust und des</Unicode>
                </TextEquiv>
            </TextLine>
            <TextLine id="r1l6" custom="readingOrder {index:5;}">
                <Coords points="647,1521 1835,1517 1834,1471 1749,1451 647,1477"/>
                <Baseline points="657,1508 715,1510 773,1511 832,1512 890,1512 948,1512 1007,1511 1065,1510 1123,1509 1182,1508 1240,1506 1298,1505 1357,1503 1415,1502 1473,1502 1532,1501 1590,1501 1648,1501 1707,1503 1765,1504 1824,1506"/>
                <TextEquiv>
                    <Unicode>Schmerzes. Das ist der Grundion des Schnitzlerischen Werkes,</Unicode>
                </TextEquiv>
            </TextLine>
            <TextLine id="r1l7" custom="readingOrder {index:6;}">
                <Coords points="188,1513 256,1529 292,1515 332,1546 417,1534 434,1545 486,1542 556,1510 556,1452 454,1472 318,1454 300,1469 214,1461 187,1470"/>
                <Baseline points="197,1506 223,1509 250,1511 277,1512 304,1512 330,1512 357,1512 384,1512 411,1510 437,1510 464,1509 491,1508 518,1507 545,1507"/>
                <TextEquiv>
                    <Unicode>Schnitzlers am</Unicode>
                </TextEquiv>
            </TextLine>
            <TextLine id="r1l8" custom="readingOrder {index:7;}">
                <Coords points="652,1587 725,1559 906,1577 1450,1558 1449,1514 1364,1502 651,1520"/>
                <Baseline points="661,1558 702,1559 743,1560 784,1560 825,1561 866,1561 907,1561 948,1560 989,1560 1030,1559 1071,1559 1112,1558 1153,1558 1194,1557 1235,1557 1276,1556 1317,1556 1358,1555 1399,1555 1440,1555"/>
                <TextEquiv>
                    <Unicode>der auch in seinen Frauenseelen schwingt.</Unicode>
                </TextEquiv>
            </TextLine>
            <TextLine id="r1l9" custom="readingOrder {index:8;}">
                <Coords points="724,1612 1099,1640 1827,1616 1826,1552 1793,1542 1562,1573 724,1566"/>
                <Baseline points="735,1609 789,1608 843,1608 897,1607 951,1606 1005,1606 1059,1605 1113,1604 1167,1604 1221,1603 1276,1602 1330,1602 1384,1602 1438,1601 1492,1601 1546,1601 1600,1601 1654,1601 1708,1602 1762,1602 1817,1603"/>
                <TextEquiv>
                    <Unicode>Man kennt die Wiener Frauen nicht, wenn man sie nur</Unicode>
                </TextEquiv>
            </TextLine>
            <TextLine id="r1l10" custom="readingOrder {index:9;}">
                <Coords points="152,1622 279,1635 294,1622 323,1635 365,1622 602,1625 621,1623 621,1577 564,1557 504,1574 456,1552 312,1560 289,1547 264,1566 152,1584"/>
                <Baseline points="162,1616 188,1615 214,1615 241,1614 267,1613 294,1613 320,1612 346,1612 373,1612 399,1612 426,1612 452,1611 478,1611 505,1611 531,1611 558,1611 584,1611 611,1611"/>
                <TextEquiv>
                    <Unicode>Arten von Schriftstellern</Unicode>
                </TextEquiv>
            </TextLine>
            <TextLine id="r1l11" custom="readingOrder {index:10;}">
                <Coords points="641,1695 708,1695 764,1663 818,1677 960,1663 1001,1684 1035,1667 1099,1673 1099,1625 1040,1613 982,1630 888,1612 853,1631 836,1614 770,1621 717,1599 640,1608"/>
                <Baseline points="651,1660 676,1659 702,1659 728,1659 754,1659 779,1659 805,1659 831,1659 857,1659 882,1659 908,1658 934,1658 960,1658 985,1658 1011,1657 1037,1656 1063,1656 1089,1655"/>
                <TextEquiv>
                    <Unicode>im Glück gesehen hat.</Unicode>
                </TextEquiv>
            </TextLine>
            <TextLine id="r1l12" custom="readingOrder {index:11;}">
                <Coords points="166,1677 218,1672 239,1685 274,1665 353,1681 470,1667 624,1673 623,1629 598,1621 390,1630 319,1619 280,1636 257,1616 223,1631 165,1619"/>
                <Baseline points="175,1666 200,1666 226,1666 252,1666 278,1665 304,1665 329,1665 355,1664 381,1664 407,1664 433,1663 459,1663 484,1663 510,1662 536,1662 562,1661 588,1660 614,1660"/>
                <TextEquiv>
                    <Unicode>Blöcke ihres Ausdruckes</Unicode>
                </TextEquiv>
            </TextLine>
            <TextLine id="r1l13" custom="readingOrder {index:12;}">
                <Coords points="159,1734 279,1718 353,1733 436,1712 469,1730 594,1722 619,1709 618,1675 157,1682"/>
                <Baseline points="169,1723 194,1720 220,1718 246,1716 272,1715 298,1714 324,1713 350,1713 376,1713 401,1713 427,1712 453,1712 479,1712 505,1711 531,1710 557,1709 583,1707 609,1704"/>
                <TextEquiv>
                    <Unicode>etzte Geheimnis in vor¬</Unicode>
                </TextEquiv>
            </TextLine>
            <TextLine id="r1l14" custom="readingOrder {index:13;}">
                <Coords points="723,1727 1146,1718 1194,1738 1500,1712 1499,1676 1376,1659 1002,1684 912,1665 827,1693 762,1664 722,1688"/>
                <Baseline points="733,1719 770,1720 808,1720 846,1721 884,1720 922,1720 959,1720 997,1719 1035,1719 1073,1718 1111,1717 1148,1717 1186,1716 1224,1715 1262,1714 1300,1714 1337,1714 1375,1713 1413,1713 1451,1714 1489,1714"/>
                <TextEquiv>
                    <Unicode>Ihr Schicksal wächst mit dem Unglück.</Unicode>
                </TextEquiv>
            </TextLine>
            <TextLine id="r1l15" custom="readingOrder {index:14;}">
                <Coords points="160,1784 307,1767 545,1779 634,1750 634,1717 469,1730 455,1719 440,1732 394,1718 313,1734 280,1718 253,1733 234,1720 159,1734"/>
                <Baseline points="170,1766 195,1764 220,1763 245,1762 270,1762 296,1762 321,1762 346,1762 371,1762 397,1762 422,1762 447,1762 472,1762 497,1761 523,1761 548,1760 573,1758 598,1757 624,1754"/>
                <TextEquiv>
                    <Unicode>richte Voreingenommen¬</Unicode>
                </TextEquiv>
            </TextLine>
            <TextLine id="r1l16" custom="readingOrder {index:15;}">
                <Coords points="721,1792 1721,1789 1825,1769 1825,1723 720,1730"/>
                <Baseline points="731,1776 785,1776 839,1775 893,1775 947,1774 1002,1774 1056,1773 1110,1773 1164,1772 1218,1772 1273,1771 1327,1771 1381,1770 1435,1770 1489,1769 1544,1769 1598,1769 1652,1769 1706,1768 1760,1768 1815,1768"/>
                <TextEquiv>
                    <Unicode>Frau Berta Garlan kommt schließlich zur Überzeugung,</Unicode>
                </TextEquiv>
            </TextLine>
            <TextLine id="r1l17" custom="readingOrder {index:16;}">
                <Coords points="164,1831 189,1820 239,1835 356,1811 433,1830 462,1817 527,1829 629,1814 629,1789 585,1773 270,1768 223,1781 164,1770"/>
                <Baseline points="174,1814 200,1813 226,1813 252,1813 278,1813 304,1813 331,1813 357,1813 383,1814 409,1814 435,1814 461,1814 488,1814 514,1813 540,1813 566,1812 592,1810 619,1808"/>
                <TextEquiv>
                    <Unicode>tehmenden Neigung zur</Unicode>
                </TextEquiv>
            </TextLine>
            <TextLine id="r1l18" custom="readingOrder {index:17;}">
                <Coords points="642,1836 1842,1819 1819,1769 641,1780"/>
                <Baseline points="652,1828 711,1828 770,1827 829,1826 888,1826 947,1825 1006,1825 1065,1824 1124,1824 1183,1823 1242,1823 1301,1822 1360,1822 1419,1821 1478,1821 1537,1820 1596,1820 1655,1819 1714,1818 1773,1818 1832,1817"/>
                <TextEquiv>
                    <Unicode>daß es bei den Frauen Sühne fordert, wenn die Sehnsucht</Unicode>
                </TextEquiv>
            </TextLine>
            <TextLine id="r1l19" custom="readingOrder {index:18;}">
                <Coords points="163,1874 228,1883 255,1864 318,1880 382,1865 424,1896 465,1866 505,1895 539,1894 568,1869 617,1860 617,1812 500,1830 356,1811 319,1828 163,1832"/>
                <Baseline points="174,1864 199,1863 224,1863 250,1862 275,1862 301,1862 326,1862 352,1862 377,1862 403,1862 428,1862 454,1862 479,1861 505,1861 530,1860 556,1859 581,1858 607,1855"/>
                <TextEquiv>
                    <Unicode>sätze einer beginnenden</Unicode>
                </TextEquiv>
            </TextLine>
            <TextLine id="r1l20" custom="readingOrder {index:19;}">
                <Coords points="639,1887 1692,1886 1827,1874 1827,1826 639,1835"/>
                <Baseline points="649,1874 707,1874 765,1874 824,1874 882,1874 941,1874 999,1873 1057,1873 1116,1872 1174,1872 1233,1871 1291,1871 1349,1870 1408,1869 1466,1869 1525,1868 1583,1868 1641,1868 1700,1867 1758,1867 1817,1867"/>
                <TextEquiv>
                    <Unicode>nach Wonne nicht zugleich die Sehnsucht nach dem Kinde ist.</Unicode>
                </TextEquiv>
            </TextLine>
            <TextLine id="r1l21" custom="readingOrder {index:20;}">
                <Coords points="640,1932 1838,1920 1837,1872 1754,1863 639,1886"/>
                <Baseline points="651,1924 709,1924 768,1924 827,1924 886,1923 945,1923 1004,1922 1062,1922 1121,1921 1180,1920 1239,1920 1298,1919 1357,1918 1416,1917 1474,1917 1533,1916 1592,1916 1651,1915 1710,1915 1769,1915 1828,1915"/>
                <TextEquiv>
                    <Unicode>Der Erotik widerfährt hier poetische Gerechtigkeit und die</Unicode>
                </TextEquiv>
            </TextLine>
            <TextLine id="r1l22" custom="readingOrder {index:21;}">
                <Coords points="162,1974 352,1962 385,1978 479,1981 504,1960 583,1970 621,1958 621,1908 538,1912 513,1895 471,1914 434,1895 404,1918 386,1903 317,1899 242,1920 163,1917"/>
                <Baseline points="172,1960 197,1960 223,1959 249,1959 275,1959 301,1960 326,1960 352,1960 378,1960 404,1960 430,1960 456,1961 481,1961 507,1961 533,1960 559,1960 585,1960 611,1959"/>
                <TextEquiv>
                    <Unicode>Schon der Herzog de la</Unicode>
                </TextEquiv>
            </TextLine>
            <TextLine id="r1l23" custom="readingOrder {index:22;}">
                <Coords points="641,1979 1768,1984 1843,1926 640,1932"/>
                <Baseline points="651,1973 710,1972 769,1972 828,1972 887,1972 946,1971 1005,1971 1064,1971 1123,1971 1182,1971 1241,1971 1300,1971 1359,1970 1418,1970 1477,1969 1536,1969 1595,1968 1654,1967 1713,1965 1772,1964 1832,1962"/>
                <TextEquiv>
                    <Unicode>Sünde wird letzten Endes der große Reiz für die Liebe zur</Unicode>
                </TextEquiv>
            </TextLine>
            <TextLine id="r1l24" custom="readingOrder {index:23;}">
                <Coords points="148,2017 579,2022 627,2014 627,1966 504,1960 465,1979 148,1969"/>
                <Baseline points="159,2012 184,2012 209,2012 235,2011 260,2011 285,2012 311,2012 336,2012 362,2012 387,2012 412,2013 438,2013 463,2013 489,2013 514,2012 539,2011 565,2011 590,2010 616,2008"/>
                <TextEquiv>
                    <Unicode>die Literatur eingeführt</Unicode>
                </TextEquiv>
            </TextLine>
            <TextLine id="r1l25" custom="readingOrder {index:24;}">
                <Coords points="652,2029 1819,2036 1835,1986 651,1990"/>
                <Baseline points="662,2021 720,2021 778,2021 836,2021 894,2021 952,2021 1010,2021 1069,2021 1127,2021 1185,2020 1243,2020 1301,2019 1359,2019 1417,2018 1476,2018 1534,2017 1592,2016 1650,2015 1708,2015 1766,2014 1825,2013"/>
                <TextEquiv>
                    <Unicode>Gottheit. Aus diesem Gründe geht Frau Beate (in „Frau Beate</Unicode>
                </TextEquiv>
            </TextLine>
            <TextLine id="r1l26" custom="readingOrder {index:25;}">
                <Coords points="153,2088 373,2058 576,2074 619,2066 619,2019 152,2021"/>
                <Baseline points="163,2069 189,2067 215,2065 241,2065 267,2064 294,2063 320,2063 346,2063 372,2063 399,2063 425,2062 451,2062 477,2062 504,2061 530,2061 556,2060 582,2058 609,2056"/>
                <TextEquiv>
                    <Unicode>Form der dialogischen</Unicode>
                </TextEquiv>
            </TextLine>
            <TextLine id="r1l27" custom="readingOrder {index:26;}">
                <Coords points="645,2084 1783,2080 1847,2065 1847,2022 645,2040"/>
                <Baseline points="655,2073 714,2072 773,2071 832,2070 891,2069 950,2069 1009,2068 1068,2068 1127,2068 1186,2067 1246,2067 1305,2067 1364,2067 1423,2067 1482,2066 1541,2066 1600,2066 1659,2065 1718,2064 1777,2064 1837,2063"/>
                <TextEquiv>
                    <Unicode>und Ihr Sohn“) nach Nächten der Ausschweifung mit ihrem</Unicode>
                </TextEquiv>
            </TextLine>
            <TextLine id="r1l28" custom="readingOrder {index:27;}">
                <Coords points="163,2113 357,2128 467,2114 590,2121 629,2105 629,2068 495,2076 374,2057 343,2083 254,2067 162,2084"/>
                <Baseline points="173,2112 199,2112 225,2112 251,2112 277,2112 304,2112 330,2112 356,2112 382,2112 409,2111 435,2111 461,2111 487,2110 514,2109 540,2108 566,2107 592,2105 619,2103"/>
                <TextEquiv>
                    <Unicode>wandelte sic) das alles</Unicode>
                </TextEquiv>
            </TextLine>
            <TextLine id="r1l29" custom="readingOrder {index:28;}">
                <Coords points="646,2128 1838,2107 1837,2068 1704,2058 645,2080"/>
                <Baseline points="657,2120 715,2120 774,2120 832,2119 891,2119 949,2119 1008,2118 1066,2118 1125,2117 1183,2117 1242,2117 1300,2116 1359,2116 1417,2115 1476,2115 1534,2114 1593,2113 1651,2112 1710,2112 1768,2110 1827,2109"/>
                <TextEquiv>
                    <Unicode>Buben in den Tod. Wozu also die Analyse dieses unirdischen</Unicode>
                </TextEquiv>
            </TextLine>
            <TextLine id="r1l30" custom="readingOrder {index:29;}">
                <Coords points="161,2173 348,2163 365,2175 450,2159 503,2177 548,2162 598,2168 629,2153 629,2107 591,2120 160,2123"/>
                <Baseline points="170,2162 196,2161 222,2160 249,2159 275,2159 302,2158 328,2158 354,2158 381,2158 407,2158 434,2158 460,2157 486,2157 513,2157 539,2156 566,2155 592,2155 619,2153"/>
                <TextEquiv>
                    <Unicode>ntschwundenen Rokokos</Unicode>
                </TextEquiv>
            </TextLine>
            <TextLine id="r1l31" custom="readingOrder {index:30;}">
                <Coords points="651,2173 1835,2166 1834,2120 1717,2115 651,2129"/>
                <Baseline points="661,2169 719,2170 777,2170 835,2170 893,2170 951,2170 1009,2169 1068,2169 1126,2168 1184,2168 1242,2167 1300,2166 1358,2165 1416,2164 1475,2164 1533,2163 1591,2162 1649,2161 1707,2161 1765,2161 1824,2160"/>
                <TextEquiv>
                    <Unicode>Endes? Was soll uns die Incest=Deutung Professor Freuds?</Unicode>
                </TextEquiv>
            </TextLine>
            <TextLine id="r1l32" custom="readingOrder {index:31;}">
                <Coords points="161,2228 361,2214 409,2229 513,2209 621,2223 621,2167 160,2174"/>
                <Baseline points="172,2212 197,2210 223,2210 249,2209 275,2209 301,2209 326,2209 352,2209 378,2209 404,2210 430,2210 456,2210 481,2210 507,2209 533,2208 559,2207 585,2206 611,2204"/>
                <TextEquiv>
                    <Unicode>ußes Mädel hatte von</Unicode>
                </TextEquiv>
            </TextLine>
            <TextLine id="r1l33" custom="readingOrder {index:32;}">
                <Coords points="650,2239 1650,2237 1835,2222 1835,2166 649,2175"/>
                <Baseline points="659,2219 717,2220 775,2220 833,2220 892,2220 950,2219 1008,2219 1066,2218 1125,2218 1183,2217 1241,2216 1299,2215 1358,2215 1416,2214 1474,2213 1532,2212 1591,2211 1649,2211 1707,2210 1765,2209 1824,2209"/>
                <TextEquiv>
                    <Unicode>Gerade dieser Rest von Fragwürdigkeit und dieser feine Leidens¬</Unicode>
                </TextEquiv>
            </TextLine>
            <TextLine id="r1l34" custom="readingOrder {index:33;}">
                <Coords points="163,2277 217,2265 255,2283 321,2265 340,2279 365,2262 378,2275 413,2261 540,2275 621,2261 620,2220 581,2210 512,2209 460,2227 443,2215 408,2228 255,2214 162,2227"/>
                <Baseline points="173,2262 198,2261 224,2261 250,2260 276,2260 301,2259 327,2259 353,2258 379,2258 404,2257 430,2257 456,2257 482,2256 507,2255 533,2255 559,2254 585,2253 611,2252"/>
                <TextEquiv>
                    <Unicode>und Grisette, im besten</Unicode>
                </TextEquiv>
            </TextLine>
            <TextLine id="r1l35" custom="readingOrder {index:34;}">
                <Coords points="643,2287 1764,2285 1843,2257 1843,2221 643,2241"/>
                <Baseline points="653,2270 712,2269 771,2269 830,2268 889,2268 948,2267 1007,2267 1066,2267 1125,2266 1184,2266 1243,2266 1302,2266 1361,2265 1420,2265 1479,2264 1538,2264 1597,2263 1656,2262 1715,2261 1774,2260 1833,2258"/>
                <TextEquiv>
                    <Unicode>zug von Unvollkommenheit erhöht den Zauber der Novelle.</Unicode>
                </TextEquiv>
            </TextLine>
            <TextLine id="r1l36" custom="readingOrder {index:35;}">
                <Coords points="163,2326 311,2322 347,2307 413,2323 626,2312 625,2273 573,2267 163,2276"/>
                <Baseline points="173,2309 199,2309 225,2309 251,2309 277,2309 303,2308 329,2308 355,2308 381,2307 407,2307 433,2306 459,2306 485,2306 511,2306 537,2305 563,2305 589,2305 616,2306"/>
                <TextEquiv>
                    <Unicode>und auch diese war an</Unicode>
                </TextEquiv>
            </TextLine>
            <TextLine id="r1l37" custom="readingOrder {index:36;}">
                <Coords points="725,2332 1840,2341 1840,2285 1635,2266 725,2289"/>
                <Baseline points="735,2329 789,2329 844,2329 899,2329 954,2328 1008,2328 1063,2327 1118,2327 1173,2326 1227,2326 1282,2325 1337,2325 1392,2324 1446,2323 1501,2322 1556,2322 1611,2321 1665,2320 1720,2319 1775,2319 1830,2318"/>
                <TextEquiv>
                    <Unicode>Hingegen verläßt Maria (im „Sterben“) ihren Felix in</Unicode>
                </TextEquiv>
            </TextLine>
            <TextLine id="r1l38" custom="readingOrder {index:37;}">
                <Coords points="160,2366 623,2371 623,2316 160,2325"/>
                <Baseline points="170,2358 196,2357 222,2357 248,2357 274,2358 300,2358 326,2358 352,2358 378,2358 404,2358 430,2358 456,2358 482,2357 508,2357 534,2357 560,2356 586,2355 613,2354"/>
                <TextEquiv>
                    <Unicode>ben, schalkhaften Anmut.</Unicode>
                </TextEquiv>
            </TextLine>
            <TextLine id="r1l39" custom="readingOrder {index:38;}">
                <Coords points="642,2387 1836,2376 1835,2320 1775,2318 642,2343"/>
                <Baseline points="653,2381 711,2380 770,2379 828,2378 887,2378 946,2377 1004,2376 1063,2375 1122,2375 1180,2374 1239,2374 1298,2373 1356,2373 1415,2372 1474,2372 1532,2372 1591,2371 1650,2371 1708,2371 1767,2371 1826,2370"/>
                <TextEquiv>
                    <Unicode>der Stunde seines Todes und im „Rufe des Lebens“ vergiftet</Unicode>
                </TextEquiv>
            </TextLine>
            <TextLine id="r1l40" custom="readingOrder {index:39;}">
                <Coords points="165,2416 247,2430 334,2411 578,2422 622,2409 621,2372 569,2374 551,2360 503,2374 426,2362 407,2375 165,2364"/>
                <Baseline points="175,2405 200,2406 226,2406 251,2406 277,2406 303,2406 328,2406 354,2405 380,2405 405,2404 431,2403 457,2403 482,2403 508,2403 534,2403 559,2404 585,2405 611,2406"/>
                <TextEquiv>
                    <Unicode>wahrhaftiges Blümchen,</Unicode>
                </TextEquiv>
            </TextLine>
            <TextLine id="r1l41" custom="readingOrder {index:40;}">
                <Coords points="655,2436 1764,2433 1843,2418 1843,2385 655,2386"/>
                <Baseline points="665,2427 723,2427 781,2426 840,2426 898,2425 956,2425 1015,2424 1073,2424 1131,2423 1190,2423 1248,2422 1306,2421 1365,2421 1423,2420 1481,2419 1540,2419 1598,2418 1656,2418 1715,2417 1773,2417 1832,2416"/>
                <TextEquiv>
                    <Unicode>die Tochter den Vater, um erlöst in die Arme des Freundes</Unicode>
                </TextEquiv>
            </TextLine>
            <TextLine id="r1l42" custom="readingOrder {index:41;}">
                <Coords points="168,2477 239,2478 264,2463 356,2476 416,2458 629,2469 627,2405 582,2424 467,2409 401,2423 375,2409 246,2430 167,2415"/>
                <Baseline points="178,2460 203,2460 229,2460 255,2459 281,2459 307,2459 333,2459 359,2458 385,2458 410,2457 436,2457 462,2456 488,2456 514,2455 540,2455 566,2454 592,2453 618,2452"/>
                <TextEquiv>
                    <Unicode>hte, als sich mit seinen</Unicode>
                </TextEquiv>
            </TextLine>
            <TextLine id="r1l43" custom="readingOrder {index:42;}">
                <Coords points="654,2487 1788,2488 1850,2479 1850,2431 654,2439"/>
                <Baseline points="665,2483 723,2481 782,2480 841,2478 899,2477 958,2475 1017,2474 1075,2473 1134,2471 1193,2470 1252,2470 1310,2469 1369,2468 1428,2468 1486,2467 1545,2467 1604,2466 1662,2466 1721,2466 1780,2467 1839,2467"/>
                <TextEquiv>
                    <Unicode>zu eilen. Nicht die Müden, nicht die Verzguberten mit dem</Unicode>
                </TextEquiv>
            </TextLine>
            <TextLine id="r1l44" custom="readingOrder {index:43;}">
                <Coords points="148,2528 383,2515 423,2536 640,2519 639,2469 264,2464 147,2487"/>
                <Baseline points="159,2507 185,2507 211,2507 237,2507 263,2507 289,2507 315,2507 341,2507 367,2507 394,2507 420,2507 446,2506 472,2506 498,2505 524,2505 550,2504 576,2503 602,2502 629,2501"/>
                <TextEquiv>
                    <Unicode>gen, dem Geliebten zu</Unicode>
                </TextEquiv>
            </TextLine>
            <TextLine id="r1l45" custom="readingOrder {index:44;}">
                <Coords points="655,2530 1739,2542 1847,2516 1847,2471 655,2490"/>
                <Baseline points="665,2527 723,2525 782,2525 840,2524 899,2523 958,2522 1016,2522 1075,2521 1133,2521 1192,2520 1251,2520 1309,2520 1368,2519 1426,2519 1485,2519 1544,2519 1602,2519 1661,2519 1719,2519 1778,2519 1837,2519"/>
                <TextEquiv>
                    <Unicode>visionären Blick erringen den Preis, sondeln die Liebenden,</Unicode>
                </TextEquiv>
            </TextLine>
            <TextLine id="r1l46" custom="readingOrder {index:45;}">
                <Coords points="659,2585 1703,2586 1849,2569 1849,2535 659,2537"/>
                <Baseline points="670,2574 728,2574 786,2574 845,2574 903,2574 962,2574 1020,2573 1079,2573 1137,2573 1196,2572 1254,2571 1312,2570 1371,2570 1429,2569 1488,2569 1546,2568 1605,2567 1663,2567 1722,2567 1780,2566 1839,2566"/>
                <TextEquiv>
                    <Unicode>wenn sie den Ruf der Natur („des Lebens“) vernehmen, die</Unicode>
                </TextEquiv>
            </TextLine>
            <TextLine id="r1l47" custom="readingOrder {index:46;}">
                <Coords points="161,2620 224,2625 278,2608 351,2621 372,2604 387,2619 438,2599 512,2622 599,2606 632,2616 631,2535 427,2533 388,2556 358,2536 267,2531 200,2567 161,2567"/>
                <Baseline points="171,2606 196,2606 221,2606 246,2606 271,2606 296,2606 321,2605 346,2605 371,2605 396,2605 421,2604 446,2604 471,2603 496,2603 521,2603 546,2602 571,2602 596,2601 621,2601"/>
                <TextEquiv>
                    <Unicode>genen Witz ist eher den</Unicode>
                </TextEquiv>
            </TextLine>
            <TextLine id="r1l48" custom="readingOrder {index:47;}">
                <Coords points="663,2633 1376,2629 1375,2587 1234,2572 663,2585"/>
                <Baseline points="674,2622 708,2621 743,2621 777,2620 812,2620 846,2620 881,2620 915,2620 950,2620 984,2620 1019,2620 1054,2619 1088,2619 1123,2619 1157,2619 1192,2618 1226,2618 1261,2617 1295,2616 1330,2615 1365,2614"/>
                <TextEquiv>
                    <Unicode>Menschen des lustvollen Erleidens.</Unicode>
                </TextEquiv>
            </TextLine>
            <TextLine id="r1l49" custom="readingOrder {index:48;}">
                <Coords points="150,2670 242,2651 292,2667 419,2658 473,2676 513,2655 573,2672 642,2654 642,2623 600,2605 540,2624 439,2600 350,2623 277,2607 229,2634 150,2618"/>
                <Baseline points="160,2654 186,2654 212,2654 238,2654 264,2654 290,2655 317,2655 343,2655 369,2655 395,2654 421,2654 447,2654 474,2653 500,2653 526,2653 552,2652 578,2652 604,2651 631,2650"/>
                <TextEquiv>
                    <Unicode>ar, obgleich Melitta und</Unicode>
                </TextEquiv>
            </TextLine>
            <TextLine id="r1l50" custom="readingOrder {index:49;}">
                <Coords points="720,2686 1772,2690 1845,2680 1845,2617 719,2642"/>
                <Baseline points="731,2681 786,2681 841,2681 896,2681 951,2680 1006,2680 1061,2679 1117,2679 1172,2678 1227,2678 1282,2677 1337,2676 1392,2676 1447,2676 1503,2675 1558,2675 1613,2675 1668,2676 1723,2676 1778,2677 1834,2678"/>
                <TextEquiv>
                    <Unicode>Lustvolle Erleider oder umgekehrt melancholische Genießer</Unicode>
                </TextEquiv>
            </TextLine>
            <TextLine id="r1l51" custom="readingOrder {index:50;}">
                <Coords points="165,2717 264,2707 327,2725 356,2705 373,2718 571,2702 644,2725 643,2675 606,2662 164,2665"/>
                <Baseline points="174,2704 199,2705 225,2705 250,2705 276,2705 301,2705 327,2705 352,2705 378,2705 404,2704 429,2704 455,2703 480,2702 506,2702 531,2701 557,2700 582,2699 608,2698 634,2696"/>
                <TextEquiv>
                    <Unicode>n Einfluß haben als das</Unicode>
                </TextEquiv>
            </TextLine>
            <TextLine id="r1l52" custom="readingOrder {index:51;}">
                <Coords points="661,2743 1798,2737 1844,2680 660,2691"/>
                <Baseline points="671,2736 729,2735 787,2733 845,2732 903,2731 961,2730 1019,2729 1078,2729 1136,2728 1194,2728 1252,2728 1310,2728 1368,2728 1426,2728 1485,2727 1543,2727 1601,2727 1659,2726 1717,2726 1775,2725 1834,2724"/>
                <TextEquiv>
                    <Unicode>sind Anatol und Max. In ihnen sprüht der Geist des Baudelair¬</Unicode>
                </TextEquiv>
            </TextLine>
            <TextLine id="r1l53" custom="readingOrder {index:52;}">
                <Coords points="180,2758 259,2770 342,2759 363,2780 399,2754 436,2771 495,2752 520,2766 559,2755 638,2780 638,2713 617,2720 598,2705 373,2717 359,2705 323,2726 265,2707 180,2718"/>
                <Baseline points="191,2751 216,2752 242,2752 268,2753 293,2753 319,2753 345,2754 370,2754 396,2754 422,2754 448,2754 473,2753 499,2753 525,2752 550,2751 576,2750 602,2749 628,2748"/>
                <TextEquiv>
                    <Unicode>Und doch rührt dieses</Unicode>
                </TextEquiv>
            </TextLine>
            <TextLine id="r1l54" custom="readingOrder {index:53;}">
                <Coords points="651,2788 1760,2794 1845,2783 1845,2720 651,2749"/>
                <Baseline points="661,2787 719,2784 778,2783 836,2781 895,2780 954,2779 1012,2779 1071,2779 1130,2779 1188,2779 1247,2779 1306,2779 1364,2779 1423,2779 1482,2779 1540,2779 1599,2778 1658,2777 1716,2776 1775,2775 1834,2772"/>
                <TextEquiv>
                    <Unicode>schen Dandys, dessen einzige Beschäftigung es ist, die Idee</Unicode>
                </TextEquiv>
            </TextLine>
            <TextLine id="r1l55" custom="readingOrder {index:54;}">
                <Coords points="166,2808 254,2817 381,2802 442,2822 468,2806 577,2817 625,2805 624,2768 590,2756 518,2764 494,2752 436,2770 399,2756 366,2779 342,2759 263,2771 211,2759 166,2777"/>
                <Baseline points="177,2800 202,2802 228,2803 254,2804 280,2805 305,2805 331,2804 357,2804 383,2803 408,2802 434,2802 460,2801 486,2799 511,2798 537,2797 563,2796 589,2796 615,2796"/>
                <TextEquiv>
                    <Unicode>Symhol. Der Dichter</Unicode>
                </TextEquiv>
            </TextLine>
            <TextLine id="r1l56" custom="readingOrder {index:55;}">
                <Coords points="650,2824 811,2854 1840,2831 1840,2785 1727,2774 650,2788"/>
                <Baseline points="661,2831 719,2830 777,2829 836,2828 894,2828 953,2828 1011,2827 1069,2827 1128,2827 1186,2827 1245,2827 1303,2827 1361,2827 1420,2827 1478,2826 1537,2826 1595,2825 1653,2824 1712,2823 1770,2822 1829,2820"/>
                <TextEquiv>
                    <Unicode>des Schönen in eigener Person zu pflegen, und der sich darin</Unicode>
                </TextEquiv>
            </TextLine>
            <TextLine id="r1l57" custom="readingOrder {index:56;}">
                <Coords points="159,2863 221,2847 305,2866 351,2851 405,2869 438,2843 468,2861 530,2845 572,2866 634,2841 633,2812 608,2809 158,2811"/>
                <Baseline points="170,2850 195,2851 220,2851 245,2852 270,2852 296,2852 321,2852 346,2851 371,2851 397,2850 422,2849 447,2849 472,2848 497,2847 523,2846 548,2845 573,2845 598,2845 624,2844"/>
                <TextEquiv>
                    <Unicode>del nennt sich aus ver¬</Unicode>
                </TextEquiv>
            </TextLine>
            <TextLine id="r1l58" custom="readingOrder {index:57;}">
                <Coords points="660,2894 1858,2869 1857,2823 659,2848"/>
                <Baseline points="669,2887 727,2884 786,2882 845,2880 904,2879 963,2878 1022,2877 1081,2876 1140,2875 1199,2875 1258,2874 1316,2874 1375,2874 1434,2873 1493,2873 1552,2873 1611,2873 1670,2872 1729,2872 1788,2872 1847,2871"/>
                <TextEquiv>
                    <Unicode>gefällt, niemals erstaunt zu sein. Baudelaire erzählt uns, daß</Unicode>
                </TextEquiv>
            </TextLine>
            <TextLine id="r1l59" custom="readingOrder {index:58;}">
                <Coords points="335,2877 372,2880 376,2885 382,2883 403,2885 405,2860 391,2857 389,2859 385,2854 376,2856 373,2851 364,2855 362,2852 356,2854 348,2849 337,2848"/>
                <Baseline points="346,2875 394,2879"/>
                <TextEquiv>
                    <Unicode>2##</Unicode>
                </TextEquiv>
            </TextLine>
            <TextLine id="r1l60" custom="readingOrder {index:59;}">
                <Coords points="150,2930 221,2911 275,2927 295,2908 389,2917 418,2903 639,2919 639,2848 574,2868 530,2845 474,2862 449,2852 401,2876 276,2856 233,2882 201,2857 149,2870"/>
                <Baseline points="161,2903 187,2901 213,2900 239,2898 265,2897 291,2897 317,2896 343,2897 369,2897 395,2897 421,2897 447,2898 473,2898 499,2898 525,2897 551,2897 577,2895 603,2894 629,2892"/>
                <TextEquiv>
                    <Unicode>ich „Biebiß“. Damit ist</Unicode>
                </TextEquiv>
            </TextLine>
            <TextLine id="r1l61" custom="readingOrder {index:60;}">
                <Coords points="659,2929 1845,2941 1844,2885 1761,2877 659,2892"/>
                <Baseline points="669,2929 727,2929 785,2928 843,2928 902,2928 960,2927 1018,2926 1077,2926 1135,2926 1193,2925 1252,2925 1310,2924 1368,2924 1426,2923 1485,2923 1543,2923 1601,2922 1660,2922 1718,2922 1776,2921 1835,2921"/>
                <TextEquiv>
                    <Unicode>dieser Typus mit Vorliebe in den Übergangszeiten erscheint,</Unicode>
                </TextEquiv>
            </TextLine>
            <TextLine id="r1l62" custom="readingOrder {index:61;}">
                <Coords points="156,2966 280,2950 326,2960 366,2936 389,2957 451,2944 493,2966 528,2951 639,2956 638,2906 451,2915 388,2901 311,2920 295,2908 276,2927 253,2913 155,2926"/>
                <Baseline points="166,2954 191,2952 217,2951 243,2950 268,2950 294,2949 320,2949 346,2949 371,2949 397,2949 423,2949 448,2949 474,2949 500,2949 526,2948 551,2948 577,2947 603,2946 629,2945"/>
                <TextEquiv>
                    <Unicode>peutet, das nur inmitten</Unicode>
                </TextEquiv>
            </TextLine>
            <TextLine id="r1l63" custom="readingOrder {index:62;}">
                <Coords points="657,2986 1834,2988 1849,2942 657,2947"/>
                <Baseline points="667,2979 725,2978 784,2977 842,2976 901,2975 960,2975 1018,2975 1077,2974 1135,2974 1194,2974 1253,2974 1311,2973 1370,2973 1428,2973 1487,2973 1546,2973 1604,2972 1663,2972 1721,2971 1780,2971 1839,2970"/>
                <TextEquiv>
                    <Unicode>wenn die Demokratie noch nicht allmächtig ist und wenn die</Unicode>
                </TextEquiv>
            </TextLine>
            <TextLine id="r1l64" custom="readingOrder {index:63;}">
                <Coords points="160,3028 302,3029 329,3010 385,3022 406,3005 473,3029 558,3005 575,3020 635,3013 634,2954 449,2944 388,2957 365,2936 322,2966 290,2950 159,2966"/>
                <Baseline points="171,2998 196,2998 221,2999 246,2999 271,2999 296,2999 322,2999 347,2998 372,2998 397,2997 422,2997 447,2997 473,2996 498,2996 523,2995 548,2995 573,2995 598,2995 624,2995"/>
                <TextEquiv>
                    <Unicode>nderschmelzenden Glücks</Unicode>
                </TextEquiv>
            </TextLine>
            <TextLine id="r1l65" custom="readingOrder {index:64;}">
                <Coords points="659,3040 1822,3038 1845,2981 659,2986"/>
                <Baseline points="669,3030 727,3029 785,3029 843,3029 902,3028 960,3028 1018,3028 1077,3028 1135,3027 1193,3027 1252,3027 1310,3027 1368,3026 1426,3026 1485,3025 1543,3025 1601,3024 1660,3023 1718,3022 1776,3021 1835,3020"/>
                <TextEquiv>
                    <Unicode>Aristokratie erst zum Teil wankt und herabsinkt. Auch der</Unicode>
                </TextEquiv>
            </TextLine>
            <TextLine id="r1l66" custom="readingOrder {index:65;}">
                <Coords points="662,3081 1819,3089 1846,3035 662,3040"/>
                <Baseline points="673,3077 731,3077 789,3077 847,3077 905,3077 963,3076 1021,3076 1079,3076 1137,3075 1195,3075 1254,3074 1312,3074 1370,3074 1428,3073 1486,3073 1544,3073 1602,3073 1660,3073 1718,3074 1776,3074 1835,3075"/>
                <TextEquiv>
                    <Unicode>Dandy ist leidend: Anatol zweifelt an Emiliens Treue und Fritz</Unicode>
                </TextEquiv>
            </TextLine>
            <TextLine id="r1l67" custom="readingOrder {index:66;}">
                <Coords points="162,3132 273,3132 337,3099 375,3132 618,3109 641,3098 640,3029 285,3025 240,3055 160,3029"/>
                <Baseline points="173,3102 198,3101 223,3100 249,3100 274,3099 300,3099 325,3098 351,3098 376,3098 402,3097 427,3097 452,3097 478,3096 503,3096 529,3095 554,3095 580,3094 605,3093 631,3092"/>
                <TextEquiv>
                    <Unicode>g nicht alle Biebitze des</Unicode>
                </TextEquiv>
            </TextLine>
            <TextLine id="r1l68" custom="readingOrder {index:67;}">
                <Coords points="669,3139 1806,3144 1848,3128 1848,3075 669,3085"/>
                <Baseline points="679,3126 736,3126 794,3126 852,3126 910,3126 968,3126 1026,3127 1084,3127 1142,3127 1200,3127 1258,3127 1315,3127 1373,3127 1431,3127 1489,3127 1547,3126 1605,3126 1663,3125 1721,3125 1779,3124 1837,3123"/>
                <TextEquiv>
                    <Unicode>Lobheimer in der „Liebelei“ glaubt nur an ein Sekundenglück.</Unicode>
                </TextEquiv>
            </TextLine>
            <TextLine id="r1l69" custom="readingOrder {index:68;}">
                <Coords points="744,3186 1855,3199 1840,3122 744,3157"/>
                <Baseline points="755,3187 809,3185 863,3183 918,3182 972,3181 1027,3180 1081,3179 1136,3179 1190,3179 1245,3179 1299,3179 1353,3179 1408,3179 1462,3179 1517,3179 1571,3179 1626,3179 1680,3179 1735,3178 1789,3178 1844,3177"/>
                <TextEquiv>
                    <Unicode>Eine herbe deutsche Kritik will den Ursprung dieser leid¬</Unicode>
                </TextEquiv>
            </TextLine>
            <TextLine id="r1l70" custom="readingOrder {index:69;}">
                <Coords points="164,3201 203,3213 224,3199 281,3221 301,3202 579,3207 653,3194 653,3152 601,3153 555,3124 524,3145 405,3128 163,3145"/>
                <Baseline points="174,3194 200,3195 226,3196 252,3196 278,3197 304,3197 330,3197 356,3196 382,3196 409,3195 435,3195 461,3195 487,3194 513,3194 539,3193 565,3192 591,3192 617,3192 644,3192"/>
                <TextEquiv>
                    <Unicode>Abneigung zünftlerischer</Unicode>
                </TextEquiv>
            </TextLine>
            <TextLine id="r1l71" custom="readingOrder {index:70;}">
                <Coords points="663,3250 1866,3244 1865,3186 663,3180"/>
                <Baseline points="674,3237 733,3236 792,3235 851,3235 910,3235 969,3235 1028,3235 1087,3235 1146,3235 1205,3236 1264,3236 1323,3236 1382,3236 1441,3236 1500,3236 1559,3235 1618,3234 1677,3233 1736,3232 1795,3230 1855,3228"/>
                <TextEquiv>
                    <Unicode>vollen tatenlosen Entsagung nach Frankreich verweisen. Nicht</Unicode>
                </TextEquiv>
            </TextLine>
            <TextLine id="r1l72" custom="readingOrder {index:71;}">
                <Coords points="192,3243 245,3257 282,3246 299,3260 384,3244 439,3270 465,3248 603,3254 655,3232 654,3218 612,3200 569,3196 483,3209 421,3199 379,3215 302,3202 284,3221 223,3199 192,3214"/>
                <Baseline points="203,3245 229,3247 255,3248 281,3248 307,3249 333,3249 359,3249 385,3249 411,3249 437,3248 463,3247 489,3246 515,3245 541,3244 567,3242 593,3241 619,3240 645,3238"/>
                <TextEquiv>
                    <Unicode>der sein eigenes Ans¬</Unicode>
                </TextEquiv>
            </TextLine>
            <TextLine id="r1l73" custom="readingOrder {index:72;}">
                <Coords points="167,3334 1855,3289 1854,3239 1718,3228 166,3255"/>
                <Baseline points="178,3301 261,3298 344,3296 427,3293 511,3291 594,3289 677,3288 761,3286 844,3285 927,3284 1011,3283 1094,3282 1177,3282 1260,3282 1344,3281 1427,3281 1510,3281 1594,3281 1677,3281 1760,3281 1844,3282"/>
                <TextEquiv>
                    <Unicode>ssem Bacchanal offenbart) durchaus mit Recht! Di melancholisch lächelnde Lebensweisheit</Unicode>
                </TextEquiv>
            </TextLine>
            <TextEquiv>
                <Unicode>box 39/3
goth Birthdar
sich das Motiv aus den „Blumen“: Es gibt keine Freuden
das Werk.
und keine Leiden, es gibt nur Grimassen der Lust und des
Schmerzes. Das ist der Grundion des Schnitzlerischen Werkes,
Schnitzlers am
der auch in seinen Frauenseelen schwingt.
Man kennt die Wiener Frauen nicht, wenn man sie nur
Arten von Schriftstellern
im Glück gesehen hat.
Blöcke ihres Ausdruckes
etzte Geheimnis in vor¬
Ihr Schicksal wächst mit dem Unglück.
richte Voreingenommen¬
Frau Berta Garlan kommt schließlich zur Überzeugung,
tehmenden Neigung zur
daß es bei den Frauen Sühne fordert, wenn die Sehnsucht
sätze einer beginnenden
nach Wonne nicht zugleich die Sehnsucht nach dem Kinde ist.
Der Erotik widerfährt hier poetische Gerechtigkeit und die
Schon der Herzog de la
Sünde wird letzten Endes der große Reiz für die Liebe zur
die Literatur eingeführt
Gottheit. Aus diesem Gründe geht Frau Beate (in „Frau Beate
Form der dialogischen
und Ihr Sohn“) nach Nächten der Ausschweifung mit ihrem
wandelte sic) das alles
Buben in den Tod. Wozu also die Analyse dieses unirdischen
ntschwundenen Rokokos
Endes? Was soll uns die Incest=Deutung Professor Freuds?
ußes Mädel hatte von
Gerade dieser Rest von Fragwürdigkeit und dieser feine Leidens¬
und Grisette, im besten
zug von Unvollkommenheit erhöht den Zauber der Novelle.
und auch diese war an
Hingegen verläßt Maria (im „Sterben“) ihren Felix in
ben, schalkhaften Anmut.
der Stunde seines Todes und im „Rufe des Lebens“ vergiftet
wahrhaftiges Blümchen,
die Tochter den Vater, um erlöst in die Arme des Freundes
hte, als sich mit seinen
zu eilen. Nicht die Müden, nicht die Verzguberten mit dem
gen, dem Geliebten zu
visionären Blick erringen den Preis, sondeln die Liebenden,
wenn sie den Ruf der Natur („des Lebens“) vernehmen, die
genen Witz ist eher den
Menschen des lustvollen Erleidens.
ar, obgleich Melitta und
Lustvolle Erleider oder umgekehrt melancholische Genießer
n Einfluß haben als das
sind Anatol und Max. In ihnen sprüht der Geist des Baudelair¬
Und doch rührt dieses
schen Dandys, dessen einzige Beschäftigung es ist, die Idee
Symhol. Der Dichter
des Schönen in eigener Person zu pflegen, und der sich darin
del nennt sich aus ver¬
gefällt, niemals erstaunt zu sein. Baudelaire erzählt uns, daß
2##
ich „Biebiß“. Damit ist
dieser Typus mit Vorliebe in den Übergangszeiten erscheint,
peutet, das nur inmitten
wenn die Demokratie noch nicht allmächtig ist und wenn die
nderschmelzenden Glücks
Aristokratie erst zum Teil wankt und herabsinkt. Auch der
Dandy ist leidend: Anatol zweifelt an Emiliens Treue und Fritz
g nicht alle Biebitze des
Lobheimer in der „Liebelei“ glaubt nur an ein Sekundenglück.
Eine herbe deutsche Kritik will den Ursprung dieser leid¬
Abneigung zünftlerischer
vollen tatenlosen Entsagung nach Frankreich verweisen. Nicht
der sein eigenes Ans¬
ssem Bacchanal offenbart) durchaus mit Recht! Di melancholisch lächelnde Lebensweisheit</Unicode>
            </TextEquiv>
        </TextRegion>
        <TextRegion orientation="0.0" id="r2" custom="readingOrder {index:1;}">
            <Coords points="1861,1374 1861,3289 3070,3289 3070,1374"/>
            <TextLine id="r2l1" custom="readingOrder {index:0;}">
                <Coords points="1858,1406 2858,1422 3058,1410 3059,1379 1858,1371"/>
                <Baseline points="1869,1399 1928,1399 1987,1399 2046,1398 2105,1398 2164,1398 2223,1398 2282,1399 2341,1399 2400,1399 2459,1399 2518,1399 2577,1399 2636,1400 2695,1400 2754,1400 2813,1401 2872,1401 2931,1402 2990,1402 3049,1403"/>
                <TextEquiv>
                    <Unicode>und die gepflegte Art, die deutsche Sprache zu benützen, über¬</Unicode>
                </TextEquiv>
            </TextLine>
            <TextLine id="r2l2" custom="readingOrder {index:1;}">
                <Coords points="1854,1449 2675,1478 2719,1447 3054,1449 2933,1403 1854,1413"/>
                <Baseline points="1864,1452 1923,1451 1982,1451 2041,1450 2100,1450 2159,1450 2218,1450 2277,1450 2336,1450 2395,1450 2454,1450 2513,1450 2572,1450 2631,1450 2690,1450 2749,1451 2808,1451 2867,1451 2926,1451 2985,1451 3044,1451"/>
                <TextEquiv>
                    <Unicode>trifft das gallische Vorbild. Und schließlich könnte Theodor</Unicode>
                </TextEquiv>
            </TextLine>
            <TextLine id="r2l3" custom="readingOrder {index:2;}">
                <Coords points="1852,1511 3060,1513 3029,1454 1852,1469"/>
                <Baseline points="1863,1501 1922,1500 1981,1498 2041,1498 2100,1497 2159,1497 2219,1497 2278,1498 2337,1498 2397,1499 2456,1499 2515,1500 2575,1501 2634,1501 2693,1502 2753,1502 2812,1502 2871,1502 2931,1501 2990,1500 3050,1499"/>
                <TextEquiv>
                    <Unicode>Storms „Posthuma“ ebenso von Schnitzler geschrieben worden</Unicode>
                </TextEquiv>
            </TextLine>
            <TextLine id="r2l4" custom="readingOrder {index:3;}">
                <Coords points="1866,1561 3062,1557 3062,1511 2912,1498 1866,1509"/>
                <Baseline points="1876,1551 1934,1550 1993,1549 2052,1548 2111,1548 2170,1547 2228,1548 2287,1548 2346,1548 2405,1548 2464,1549 2522,1549 2581,1550 2640,1550 2699,1551 2758,1551 2816,1551 2875,1551 2934,1551 2993,1550 3052,1549"/>
                <TextEquiv>
                    <Unicode>sein. Auch läßt die österreichische Blutmischung dem typischen</Unicode>
                </TextEquiv>
            </TextLine>
            <TextLine id="r2l5" custom="readingOrder {index:4;}">
                <Coords points="1852,1599 2992,1612 3065,1597 3065,1558 1852,1565"/>
                <Baseline points="1863,1598 1922,1597 1982,1598 2041,1598 2101,1598 2161,1598 2220,1598 2280,1599 2339,1599 2399,1599 2459,1599 2518,1599 2578,1599 2637,1599 2697,1599 2757,1599 2816,1598 2876,1598 2935,1597 2995,1595 3055,1594"/>
                <TextEquiv>
                    <Unicode>Menschenschicksal noch immer genügenden Spielraum. Andreas</Unicode>
                </TextEquiv>
            </TextLine>
            <TextLine id="r2l6" custom="readingOrder {index:5;}">
                <Coords points="1864,1653 2049,1686 2099,1646 3012,1663 3068,1656 3068,1602 1863,1607"/>
                <Baseline points="1874,1650 1933,1650 1992,1650 2051,1650 2110,1649 2170,1649 2229,1649 2288,1649 2347,1648 2406,1648 2466,1648 2525,1648 2584,1647 2643,1647 2702,1647 2762,1647 2821,1646 2880,1646 2939,1646 2998,1646 3058,1645"/>
                <TextEquiv>
                    <Unicode>Thameyers Gattin hat sich an einem Tiergarten=Neger „ver¬</Unicode>
                </TextEquiv>
            </TextLine>
            <TextLine id="r2l7" custom="readingOrder {index:6;}">
                <Coords points="1862,1714 3062,1706 3062,1660 2912,1645 2087,1681 1862,1656"/>
                <Baseline points="1873,1697 1935,1697 1997,1696 2059,1696 2121,1696 2183,1696 2245,1697 2307,1697 2369,1697 2431,1697 2493,1697 2555,1697 2617,1697 2679,1698 2741,1698 2803,1698 2865,1698 2927,1698 2989,1698 3052,1698"/>
                <TextEquiv>
                    <Unicode>sehen“. . . . . in jenem Teil des Praters, wo auf den Wiesen</Unicode>
                </TextEquiv>
            </TextLine>
            <TextLine id="r2l8" custom="readingOrder {index:7;}">
                <Coords points="1861,1766 2928,1771 3057,1750 3057,1712 1861,1714"/>
                <Baseline points="1871,1751 1929,1748 1988,1747 2047,1746 2106,1745 2165,1745 2223,1745 2282,1745 2341,1746 2400,1746 2459,1747 2517,1747 2576,1748 2635,1748 2694,1748 2753,1747 2811,1746 2870,1744 2929,1741 2988,1738 3047,1734"/>
                <TextEquiv>
                    <Unicode>graue Dämpfe liegen, in denen sich die Lichter spiegeln ———</Unicode>
                </TextEquiv>
            </TextLine>
            <TextLine id="r2l9" custom="readingOrder {index:8;}">
                <Coords points="1851,1814 3074,1806 3034,1740 1851,1760"/>
                <Baseline points="1861,1801 1921,1799 1981,1797 2041,1797 2101,1796 2161,1796 2221,1796 2281,1796 2341,1796 2401,1797 2462,1797 2522,1798 2582,1798 2642,1798 2702,1798 2762,1798 2822,1798 2882,1797 2942,1796 3002,1794 3063,1792"/>
                <TextEquiv>
                    <Unicode>„Die Wahrheit aber ist, daß mir meine Frau treu war — ich</Unicode>
                </TextEquiv>
            </TextLine>
            <TextLine id="r2l10" custom="readingOrder {index:9;}">
                <Coords points="1855,1859 2984,1883 3072,1807 1855,1811"/>
                <Baseline points="1866,1847 1925,1846 1985,1845 2045,1844 2105,1844 2165,1844 2224,1844 2284,1844 2344,1844 2404,1845 2464,1845 2523,1846 2583,1846 2643,1847 2703,1847 2763,1847 2822,1848 2882,1848 2942,1848 3002,1848 3062,1847"/>
                <TextEquiv>
                    <Unicode>schwöre es bei allem, was mir heilig ist, und ich besiegle es</Unicode>
                </TextEquiv>
            </TextLine>
            <TextLine id="r2l11" custom="readingOrder {index:10;}">
                <Coords points="1865,1915 1892,1904 1948,1915 1979,1894 2019,1906 2098,1898 2135,1908 2154,1897 2213,1909 2246,1888 2281,1887 2280,1856 2249,1852 2149,1847 2108,1863 2078,1847 2031,1866 1966,1848 1920,1862 1864,1858"/>
                <Baseline points="1874,1892 1900,1891 1926,1891 1953,1891 1979,1891 2006,1891 2032,1891 2058,1891 2085,1891 2111,1890 2138,1890 2164,1889 2190,1888 2217,1887 2243,1885 2270,1883"/>
                <TextEquiv>
                    <Unicode>durch meinen Tod.“</Unicode>
                </TextEquiv>
            </TextLine>
            <TextLine id="r2l12" custom="readingOrder {index:11;}">
                <Coords points="1936,1950 3001,1958 3061,1935 3061,1889 1936,1913"/>
                <Baseline points="1947,1942 2002,1943 2057,1943 2112,1944 2167,1944 2222,1944 2277,1944 2333,1944 2388,1944 2443,1944 2498,1944 2553,1944 2608,1944 2663,1943 2719,1943 2774,1943 2829,1942 2884,1942 2939,1941 2994,1941 3050,1940"/>
                <TextEquiv>
                    <Unicode>Trotz der uiverkennbaren Ironie greift uns das Los des</Unicode>
                </TextEquiv>
            </TextLine>
            <TextLine id="r2l13" custom="readingOrder {index:12;}">
                <Coords points="1872,2004 2940,2008 3055,1998 3055,1940 1872,1950"/>
                <Baseline points="1881,1990 1939,1991 1997,1992 2055,1992 2113,1993 2171,1993 2229,1994 2288,1994 2346,1994 2404,1995 2462,1995 2520,1995 2578,1995 2636,1995 2695,1995 2753,1995 2811,1994 2869,1994 2927,1993 2985,1993 3044,1992"/>
                <TextEquiv>
                    <Unicode>seligen Thameyer sehr ans Herz, benn es enthält eine höhere</Unicode>
                </TextEquiv>
            </TextLine>
            <TextLine id="r2l14" custom="readingOrder {index:13;}">
                <Coords points="1859,2056 3028,2054 3070,1992 1859,2006"/>
                <Baseline points="1869,2039 1928,2039 1988,2040 2047,2041 2107,2042 2166,2043 2226,2044 2285,2045 2345,2046 2404,2047 2464,2048 2523,2048 2583,2048 2642,2048 2702,2048 2761,2048 2821,2047 2880,2045 2940,2044 2999,2041 3059,2038"/>
                <TextEquiv>
                    <Unicode>Wahrheit: Einfältig und leichtgläubig den Weibe gegenüber</Unicode>
                </TextEquiv>
            </TextLine>
            <TextLine id="r2l15" custom="readingOrder {index:14;}">
                <Coords points="1867,2106 3036,2100 3070,2036 1867,2054"/>
                <Baseline points="1877,2089 1936,2089 1995,2089 2054,2089 2113,2089 2172,2090 2231,2091 2290,2093 2349,2094 2408,2095 2468,2096 2527,2097 2586,2097 2645,2098 2704,2097 2763,2097 2822,2096 2881,2094 2940,2092 2999,2089 3059,2084"/>
                <TextEquiv>
                    <Unicode>ist jeder Mann im Tiefsten seines Wesens. Hofreiter im</Unicode>
                </TextEquiv>
            </TextLine>
            <TextLine id="r2l16" custom="readingOrder {index:15;}">
                <Coords points="1863,2161 2984,2158 3067,2133 3067,2085 1863,2109"/>
                <Baseline points="1873,2144 1932,2141 1991,2139 2050,2138 2109,2138 2168,2138 2227,2138 2287,2139 2346,2140 2405,2141 2464,2142 2523,2143 2582,2144 2641,2145 2701,2145 2760,2144 2819,2144 2878,2142 2937,2139 2996,2136 3056,2131"/>
                <TextEquiv>
                    <Unicode>„weiten Land“ und Casanova (in „Casanovas Heimfahrt")</Unicode>
                </TextEquiv>
            </TextLine>
            <TextLine id="r2l17" custom="readingOrder {index:16;}">
                <Coords points="1870,2204 3064,2205 3064,2134 1870,2154"/>
                <Baseline points="1880,2193 1938,2192 1997,2191 2056,2190 2114,2189 2173,2189 2232,2189 2290,2189 2349,2189 2408,2189 2467,2189 2525,2189 2584,2190 2643,2190 2701,2190 2760,2190 2819,2190 2877,2190 2936,2189 2995,2189 3054,2188"/>
                <TextEquiv>
                    <Unicode>wollen in marternder Selbstsucht das Geröhnliche belämpfen und</Unicode>
                </TextEquiv>
            </TextLine>
            <TextLine id="r2l18" custom="readingOrder {index:17;}">
                <Coords points="1865,2248 2890,2260 3063,2244 3063,2207 1865,2208"/>
                <Baseline points="1876,2242 1934,2241 1993,2240 2052,2239 2111,2239 2170,2238 2229,2238 2287,2238 2346,2238 2405,2238 2464,2238 2523,2238 2582,2238 2641,2238 2699,2238 2758,2238 2817,2237 2876,2236 2935,2235 2994,2234 3053,2232"/>
                <TextEquiv>
                    <Unicode>verfallen doch dem natürlichen Verhängnis. Ihre im Duell</Unicode>
                </TextEquiv>
            </TextLine>
            <TextLine id="r2l19" custom="readingOrder {index:18;}">
                <Coords points="1866,2298 3067,2299 3066,2235 1866,2267"/>
                <Baseline points="1876,2294 1935,2291 1994,2289 2053,2288 2112,2287 2171,2286 2230,2286 2289,2286 2348,2286 2407,2286 2466,2286 2525,2286 2584,2286 2643,2287 2702,2287 2761,2287 2820,2287 2879,2287 2938,2287 2997,2286 3056,2286"/>
                <TextEquiv>
                    <Unicode>gefällten Opfer sind Jünglinge von strahlender Kraft. Lorenzi</Unicode>
                </TextEquiv>
            </TextLine>
            <TextLine id="r2l20" custom="readingOrder {index:19;}">
                <Coords points="1861,2354 3071,2340 3071,2299 2946,2288 1861,2298"/>
                <Baseline points="1871,2337 1930,2337 1989,2337 2049,2338 2108,2338 2168,2338 2227,2338 2287,2338 2346,2338 2406,2338 2465,2337 2524,2337 2584,2337 2643,2337 2703,2336 2762,2336 2822,2336 2881,2335 2941,2335 3000,2335 3060,2334"/>
                <TextEquiv>
                    <Unicode>ist herrlich wie ein Gott, ehe ihn die Klinge des verwelkenden</Unicode>
                </TextEquiv>
            </TextLine>
            <TextLine id="r2l21" custom="readingOrder {index:20;}">
                <Coords points="1861,2391 2851,2419 3080,2385 3080,2350 1861,2353"/>
                <Baseline points="1871,2386 1934,2387 1997,2388 2060,2388 2123,2388 2186,2388 2249,2388 2312,2388 2375,2388 2438,2387 2502,2387 2565,2386 2628,2386 2691,2386 2754,2385 2817,2385 2880,2385 2943,2385 3006,2385 3070,2386"/>
                <TextEquiv>
                    <Unicode>Casanova trifft. „Alter hat sich gegen Jugend mnenlos und</Unicode>
                </TextEquiv>
            </TextLine>
            <TextLine id="r2l22" custom="readingOrder {index:21;}">
                <Coords points="1868,2463 1952,2468 2003,2441 2039,2459 2089,2438 2156,2465 2195,2443 2226,2458 2320,2451 2320,2397 2297,2388 2236,2403 2041,2401 2028,2388 1905,2406 1868,2394"/>
                <Baseline points="1878,2435 1903,2433 1928,2433 1954,2432 1979,2432 2005,2432 2030,2433 2055,2433 2081,2433 2106,2433 2132,2434 2157,2434 2182,2433 2208,2433 2233,2432 2259,2430 2284,2428 2310,2426"/>
                <TextEquiv>
                    <Unicode>unsühnbar vergangen.“</Unicode>
                </TextEquiv>
            </TextLine>
            <TextLine id="r2l23" custom="readingOrder {index:22;}">
                <Coords points="1943,2504 3075,2526 3075,2426 3045,2420 2927,2457 2875,2418 2600,2458 1943,2448"/>
                <Baseline points="1953,2493 2008,2494 2064,2494 2119,2495 2175,2495 2230,2495 2286,2495 2341,2495 2397,2495 2452,2495 2508,2495 2564,2495 2619,2494 2675,2494 2730,2494 2786,2494 2841,2494 2897,2494 2952,2494 3008,2494 3064,2495"/>
                <TextEquiv>
                    <Unicode>Ob dieser Leitspruch nicht eine prickelnde Spannung des</Unicode>
                </TextEquiv>
            </TextLine>
            <TextLine id="r2l24" custom="readingOrder {index:23;}">
                <Coords points="1867,2565 2049,2557 2074,2575 2134,2557 2397,2552 2397,2515 2361,2498 2265,2515 2157,2494 2059,2519 2026,2500 1867,2509"/>
                <Baseline points="1878,2542 1903,2542 1928,2542 1954,2542 1979,2542 2005,2542 2030,2542 2056,2542 2081,2543 2107,2543 2132,2543 2157,2543 2183,2543 2208,2543 2234,2543 2259,2543 2285,2543 2310,2542 2336,2542 2361,2541 2387,2540"/>
                <TextEquiv>
                    <Unicode>alternden Dichters verrät?</Unicode>
                </TextEquiv>
            </TextLine>
            <TextLine id="r2l25" custom="readingOrder {index:24;}">
                <Coords points="1942,2607 3011,2616 3067,2602 3067,2566 1941,2563"/>
                <Baseline points="1952,2604 2007,2603 2062,2603 2117,2602 2172,2602 2228,2601 2283,2601 2338,2601 2393,2601 2448,2601 2504,2600 2559,2600 2614,2600 2669,2600 2724,2600 2780,2600 2835,2600 2890,2600 2945,2600 3000,2600 3056,2600"/>
                <TextEquiv>
                    <Unicode>Jung war ja Schnitzler eigentlich niemals. Sein Alter</Unicode>
                </TextEquiv>
            </TextLine>
            <TextLine id="r2l26" custom="readingOrder {index:25;}">
                <Coords points="1863,2657 3063,2662 3063,2625 2931,2600 1863,2603"/>
                <Baseline points="1874,2652 1932,2653 1991,2653 2050,2653 2109,2653 2168,2653 2227,2653 2286,2653 2345,2653 2404,2653 2463,2653 2521,2652 2580,2652 2639,2652 2698,2651 2757,2651 2816,2651 2875,2651 2934,2651 2993,2651 3052,2651"/>
                <TextEquiv>
                    <Unicode>äußert sich nur gemächlich an der Wandlung seiner Gestalten.</Unicode>
                </TextEquiv>
            </TextLine>
            <TextLine id="r2l27" custom="readingOrder {index:26;}">
                <Coords points="1856,2708 3048,2717 3062,2660 1855,2679"/>
                <Baseline points="1867,2702 1926,2702 1985,2702 2044,2702 2104,2702 2163,2702 2222,2702 2281,2702 2341,2702 2400,2702 2459,2702 2518,2702 2578,2701 2637,2701 2696,2700 2755,2700 2815,2699 2874,2698 2933,2697 2992,2696 3052,2695"/>
                <TextEquiv>
                    <Unicode>Graf Tasmandy, Komtesse Mitzi, Fürst Ravenstein und Leut¬</Unicode>
                </TextEquiv>
            </TextLine>
            <TextLine id="r2l28" custom="readingOrder {index:27;}">
                <Coords points="1863,2757 2955,2764 3066,2748 3066,2707 1863,2726"/>
                <Baseline points="1874,2752 1933,2752 1992,2751 2051,2751 2110,2751 2169,2751 2228,2751 2287,2750 2346,2750 2405,2750 2465,2750 2524,2750 2583,2749 2642,2749 2701,2749 2760,2748 2819,2748 2878,2747 2937,2746 2996,2745 3056,2744"/>
                <TextEquiv>
                    <Unicode>nant Gustl haben den Krieg nicht überlebt. Soferne diese Herr¬</Unicode>
                </TextEquiv>
            </TextLine>
            <TextLine id="r2l29" custom="readingOrder {index:28;}">
                <Coords points="1870,2809 3070,2815 3070,2761 3007,2749 1870,2763"/>
                <Baseline points="1880,2800 1939,2800 1998,2800 2057,2800 2116,2800 2175,2799 2234,2799 2293,2799 2352,2798 2411,2798 2470,2798 2529,2797 2588,2797 2647,2796 2706,2796 2765,2796 2824,2795 2883,2795 2942,2795 3001,2795 3060,2795"/>
                <TextEquiv>
                    <Unicode>schaften eine Dekoration zur Stilisi## unseres Lebens bil¬</Unicode>
                </TextEquiv>
            </TextLine>
            <TextLine id="r2l30" custom="readingOrder {index:29;}">
                <Coords points="1869,2887 2061,2856 2113,2875 2183,2855 2232,2874 2342,2852 2392,2877 2461,2851 2586,2861 2585,2824 2502,2801 1869,2809"/>
                <Baseline points="1879,2847 1913,2848 1948,2850 1983,2850 2018,2851 2053,2852 2087,2852 2122,2852 2157,2852 2192,2852 2227,2852 2261,2851 2296,2851 2331,2850 2366,2849 2401,2848 2435,2848 2470,2847 2505,2846 2540,2845 2575,2845"/>
                <TextEquiv>
                    <Unicode>oeten, sind sie liebenswert geblieben.</Unicode>
                </TextEquiv>
            </TextLine>
            <TextLine id="r2l31" custom="readingOrder {index:30;}">
                <Coords points="1947,2906 3070,2930 3070,2866 2938,2831 2847,2871 1947,2872"/>
                <Baseline points="1957,2907 2012,2907 2067,2908 2122,2908 2177,2909 2232,2909 2287,2909 2342,2909 2397,2908 2452,2908 2508,2907 2563,2907 2618,2906 2673,2906 2728,2905 2783,2905 2838,2904 2893,2904 2948,2903 3003,2902 3059,2902"/>
                <TextEquiv>
                    <Unicode>Die Menschen Schnitzlers haben alle ihr Leben gelebt und</Unicode>
                </TextEquiv>
            </TextLine>
            <TextLine id="r2l32" custom="readingOrder {index:31;}">
                <Coords points="1872,2970 3066,2968 3066,2920 2995,2908 1974,2928 1872,2898"/>
                <Baseline points="1883,2958 1941,2958 2000,2958 2058,2958 2117,2957 2176,2957 2234,2956 2293,2956 2352,2955 2410,2955 2469,2955 2528,2954 2586,2954 2645,2954 2704,2954 2762,2954 2821,2954 2880,2954 2938,2954 2997,2955 3056,2955"/>
                <TextEquiv>
                    <Unicode>sind reiner als die andern, die im trüben Dunst ihrer Wünsche</Unicode>
                </TextEquiv>
            </TextLine>
            <TextLine id="r2l33" custom="readingOrder {index:32;}">
                <Coords points="1950,3082 3030,3086 3077,3078 3077,3013 1950,3025"/>
                <Baseline points="1961,3069 2016,3068 2071,3068 2126,3067 2182,3067 2237,3066 2292,3066 2348,3065 2403,3065 2458,3064 2514,3064 2569,3064 2624,3063 2679,3063 2735,3063 2790,3064 2845,3064 2901,3064 2956,3065 3011,3066 3067,3067"/>
                <TextEquiv>
                    <Unicode>Schnitzler gehört nicht zu jenen Künstlern, die erlöschen;</Unicode>
                </TextEquiv>
            </TextLine>
            <TextLine id="r2l34" custom="readingOrder {index:33;}">
                <Coords points="1865,3131 2655,3137 2655,3080 2569,3068 1865,3085"/>
                <Baseline points="1876,3114 1914,3116 1952,3117 1991,3118 2029,3118 2068,3119 2106,3119 2144,3118 2183,3118 2221,3117 2260,3117 2298,3116 2336,3115 2375,3115 2413,3114 2452,3114 2490,3114 2528,3113 2567,3114 2605,3114 2644,3115"/>
                <TextEquiv>
                    <Unicode>wenn sie nicht mehr verstanden werden.</Unicode>
                </TextEquiv>
            </TextLine>
            <TextLine id="r2l35" custom="readingOrder {index:34;}">
                <Coords points="1957,3182 2833,3205 3066,3176 3024,3125 2778,3112 2517,3148 1957,3140"/>
                <Baseline points="1967,3176 2021,3175 2075,3175 2130,3175 2184,3175 2239,3174 2293,3174 2348,3174 2402,3174 2457,3174 2511,3174 2565,3173 2620,3173 2674,3173 2729,3172 2783,3171 2838,3170 2892,3169 2947,3167 3001,3165 3056,3164"/>
                <TextEquiv>
                    <Unicode>Diese Gewißheit erfüllt uns am heutigen Tage mit Ga¬</Unicode>
                </TextEquiv>
            </TextLine>
            <TextLine id="r2l36" custom="readingOrder {index:35;}">
                <Coords points="1864,3250 1889,3259 1902,3254 1919,3265 1939,3265 1960,3250 1994,3262 2035,3253 2052,3264 2098,3255 2097,3195 2039,3197 2024,3187 1993,3195 1964,3179 1928,3196 1891,3188 1864,3194"/>
                <Baseline points="1875,3229 1901,3229 1928,3227 1954,3226 1981,3226 2007,3226 2034,3226 2060,3227 2087,3229"/>
                <TextEquiv>
                    <Unicode>nugtuung.</Unicode>
                </TextEquiv>
            </TextLine>
            <TextLine id="r2l37" custom="readingOrder {index:36;}">
                <Coords points="2514,3291 2633,3312 2801,3272 2962,3293 2993,3271 3028,3281 3028,3225 2944,3228 2919,3204 2871,3231 2825,3217 2803,3239 2734,3204 2632,3241 2579,3212 2513,3238"/>
                <Baseline points="2524,3275 2550,3276 2576,3276 2602,3277 2628,3277 2654,3277 2680,3277 2706,3276 2732,3276 2758,3276 2784,3275 2810,3274 2836,3274 2862,3273 2888,3273 2914,3272 2940,3271 2966,3271 2992,3271 3018,3270"/>
                <TextEquiv>
                    <Unicode>Dr. Hans Kaiser</Unicode>
                </TextEquiv>
            </TextLine>
            <TextEquiv>
                <Unicode>und die gepflegte Art, die deutsche Sprache zu benützen, über¬
trifft das gallische Vorbild. Und schließlich könnte Theodor
Storms „Posthuma“ ebenso von Schnitzler geschrieben worden
sein. Auch läßt die österreichische Blutmischung dem typischen
Menschenschicksal noch immer genügenden Spielraum. Andreas
Thameyers Gattin hat sich an einem Tiergarten=Neger „ver¬
sehen“. . . . . in jenem Teil des Praters, wo auf den Wiesen
graue Dämpfe liegen, in denen sich die Lichter spiegeln ———
„Die Wahrheit aber ist, daß mir meine Frau treu war — ich
schwöre es bei allem, was mir heilig ist, und ich besiegle es
durch meinen Tod.“
Trotz der uiverkennbaren Ironie greift uns das Los des
seligen Thameyer sehr ans Herz, benn es enthält eine höhere
Wahrheit: Einfältig und leichtgläubig den Weibe gegenüber
ist jeder Mann im Tiefsten seines Wesens. Hofreiter im
„weiten Land“ und Casanova (in „Casanovas Heimfahrt")
wollen in marternder Selbstsucht das Geröhnliche belämpfen und
verfallen doch dem natürlichen Verhängnis. Ihre im Duell
gefällten Opfer sind Jünglinge von strahlender Kraft. Lorenzi
ist herrlich wie ein Gott, ehe ihn die Klinge des verwelkenden
Casanova trifft. „Alter hat sich gegen Jugend mnenlos und
unsühnbar vergangen.“
Ob dieser Leitspruch nicht eine prickelnde Spannung des
alternden Dichters verrät?
Jung war ja Schnitzler eigentlich niemals. Sein Alter
äußert sich nur gemächlich an der Wandlung seiner Gestalten.
Graf Tasmandy, Komtesse Mitzi, Fürst Ravenstein und Leut¬
nant Gustl haben den Krieg nicht überlebt. Soferne diese Herr¬
schaften eine Dekoration zur Stilisi## unseres Lebens bil¬
oeten, sind sie liebenswert geblieben.
Die Menschen Schnitzlers haben alle ihr Leben gelebt und
sind reiner als die andern, die im trüben Dunst ihrer Wünsche
Schnitzler gehört nicht zu jenen Künstlern, die erlöschen;
wenn sie nicht mehr verstanden werden.
Diese Gewißheit erfüllt uns am heutigen Tage mit Ga¬
nugtuung.
Dr. Hans Kaiser</Unicode>
            </TextEquiv>
        </TextRegion>
    </Page>
</PcGts>
