3392 4352
756 317 841 382 d
273 325 972 420 601
1099 305 1587 389 box 39/3
2135 490 2560 607 16 MATG
1708 801 2798 914 Die Schuitzler-Feier des Burgtheaters.
1960 867 2625 942 * „Der junge Medardus.“)
1791 899 2880 991 Das Burgtheater hat den sechzigsten Geburtstag Artur
1720 960 2863 1042 Schnitzlers,, dessen Wesen und Jugend mit der „Burg“
1718 996 2888 1080 untrennbar verkünden ist, durch die Wiederaufführung der großen
1722 1051 2884 1127 dramatischen Historie „Der junge Medardus“ gefeiert,
1718 1091 2892 1166 eine Wahl, der man in jedem Betracht mit Wärme beipflichten
1722 1127 2889 1211 muß. Man hatte sich gerade für dieses figurenreichste, beinahe die
1733 1178 2892 1255 gesamte Künstlerschaft aufbietende, überdies, wie man vernimmt,
1730 1218 2886 1288 durch gewisse technische Vorkehrungen in den gegenwärtigen Zeit¬
1730 1249 2901 1340 läuften sehr kostspielig gewordene Werk entschieden, weil es nach
1727 1301 2898 1386 einer Aeußerung des Direktors Schnitzlers repräsentabelstes und
1734 1348 2894 1422 am meisten österreichisches Werk bedeutet. Wie gerade dieses
1725 1389 2896 1462 Werk seinen Dichter, kennzeichnet die „Medardus“=Aufführung
1732 1430 2895 1502 den Ernst der Arbeit des Burgtheaters. Man darf es ohne
1739 1474 2907 1557 Ruhmredigkeit für die eigene Stadt und unsere kunstlerische
1739 1519 2909 1595 Kultur, die sich jetzt erst den Fremden zu offenbaren beginnt,
1731 1558 2897 1648 behaupten; ein Gesamtbild, wie es die fünfzehn Szenen oder
1743 1599 2906 1680 kleinen Akte dieses so lange für unaufführbar gehaltenen und
1744 1656 2903 1717 dabei höchst publikumswirksamen Dramas darbieten, ist
1731 1700 2911 1760 nirgendwo sonst denkbar. Ungezählte Rollen und Röllchen, wie
1736 1727 2903 1806 man sich aus der bekannten feststehenden und auch diesmal von
1727 1774 2911 1843 dem Regisseur Paulsen beibehaltenen „Medardus“=Inszenierung
1735 1839 2915 1896 erinnert. Und dabei jede Episode nuanciert, nicht bloß von den
1749 1854 2909 1937 Meisterinnen Frau Bleibtreu (Franziska Klähr), Frau
1743 1900 2907 1971 Medelsky (Agathe), diesmal auch Frau Wohlgemuth
1748 1943 2908 2021 (Helene), Frau Wilbrandt (Frau Winkler) und
1742 1983 2914 2068 Meistern Paulsen (Eschenbacher), Arndt (Arzt), Siebert
1749 2023 2919 2105 (Desolteux) und Korl Zeska (Renault), zu denen man in der
1751 2083 2921 2140 Episode des alten Herrn auch Straßni rechnen muß, während
1751 2113 2916 2177 Höbling (Rapp) zu den jungen, stürmischen Adepten zählt.
1759 2149 2911 2230 Einige wesentliche Rollen waren neu besetzt. Sie haben den Glanz
1757 2192 2926 2284 der „Medardus“=Aufführung nicht erhöht, aber gewiß überall
1760 2269 1955 2332 gewahrt.
1840 2276 2931 2359 Herr Schott gab die Titelrolle, die doch für das Stück
1765 2328 2925 2402 nicht die eigentlich entscheidende ist. Man könnte sich den jungen
1757 2359 2924 2447 Medardus, diese Mischung eines Schwärmers, Helden und Narren,
1771 2412 2919 2486 anders gespielt denken, als ihn vormals Herr Gerasch und
1763 2459 2933 2527 jetzt Herr Schott gibt. Interessanter und eindringlicher. Skep¬
1775 2486 2927 2572 tischer, wie ihn der Dichter sah. Als einen verwirrten Brause¬
1777 2545 2935 2614 kopf, der bald vom Schicksal, bald von den Sinnen, bald von
1781 2574 2939 2658 jedem großen Wort der anderen genarrt und verführt wird
1777 2626 2926 2699 darüber an sich und in sich verzweifelt und zuletzt, mit einem
1779 2665 2940 2761 Ruck gegen sich selbst, mannhaft stirbt, weil er fühlt, daß er
1808 2813 2968 2877 doch nicht mannhaft in leben vermöchte. Herr Schott unterließ
1823 2861 2973 2924 diese (nicht leichte) Färbung und Nuancierung. Er gab den
1821 2899 2976 2965 Medardus naiver, aus seiner starken Begabung: als einen ver¬
1814 2941 2974 3002 wertenen, hitzigeleidenschaftlichen Jnkgling, dem das Schön¬
1813 2983 2968 3044 Rednerische aus der Jugend strömt. Georg Reimers gab den
1806 3014 2966 3087 alten, blinden Herzog von Valois, noch eine der würdigsten
1817 3054 2977 3134 Figuren Hartmanns. Sie war auch bei Reimers voll Adel, von
1812 3114 2968 3167 feierlicher, ein bißchen starrer Größe, wie ein steinern=ornamen¬
1808 3157 2969 3209 tales französisches Wappenschild. Von der feinsten Wärme und
1806 3190 2964 3257 in vornehm zurückhaltender Lebensechtheit war Herr Rom¬
1806 3224 2979 3311 berg als lahmer Etzelt, der Bewunderer des Medardus und sein
1801 3282 2970 3323 enttäuschter Freund, Herr Aslan als Marquis von Valois,
1795 3315 2985 3375 edel im Ton und von seigneurialer Würde, der bleichen
1807 3364 2973 3421 Erscheinung, Herr Maierhofer (Wachshuber) traf das
1806 3401 2976 3446 saloppe Wienertum vergnüglich, Herr Schmöle die ärztlich¬
1804 3444 2976 3512 höfische Delikatesse des Assalagny, Herr Pranger das Aristo¬
1801 3486 2976 3553 kratische des François. Frau Kallina war als Herzogin
1801 3529 2980 3583 ergreifend in ihrem Ausbruch am Grab des Sohnes, lebenswahr:
1803 3575 2983 3613 und wie immer bestes Theater. Frau Albach=Retty als
1796 3610 2969 3675 Zofe Nerina brachte mit ihrer heiteren Natürlichkeit in den Ernst
1804 3660 2971 3712 der Historie die Lustspiellaune, Frau Seidler war eine
1800 3698 2974 3747 mädchenhaft zarte Anna, Frau Pünkösdy erwies mit den
1802 3742 2968 3793 wenigen scharfen Zügen ihrer Elisabeth, was man an dieser
2736 3784 2969 3838 Das Haus
1803 3783 2727 3834 Choristin besitzt und noch mehr besitzen könnte....
1802 3827 2980 3865 war von einem festlich gestimmten, erwartungsvollen Publikum
1806 3870 2972 3919 gefüllt. Dieses Werk ist nicht auf lauten, demonstrativen
1808 3914 2969 3968 Beifall oder Aktschlüsse gestellt. Aber dennoch brach dieser nach
1793 3957 2968 4015 dem Bild der Verhaftung Eschenbachers und seiner Justifizierung
1805 3994 2975 4056 von allen Rängen stürmisch los. Man rief den Dichter, dem
1794 4032 2981 4084 offensichtlich persönliche Huldigungen zugedacht waren, oft und
1794 4073 2970 4135 vergebens. Zuletzt richtete sich der Applaus gegen eine Loge, in
1792 4115 2995 4191 der man irrtümlicherweise Schnitzler, der sich bekanntlich auf“
1791 4155 2710 4201 einer Vortragsreise in Holland befindet, vermutete.
