3392 4320
1047 268 1499 363 box 39/3
189 298 899 388 —Blethday
1281 938 1389 1018 J2
664 959 1362 1084 Ieous schnvergabaden
508 1080 1499 1193 A
558 1183 1427 1255 eacaaree erursches ##ronel-aunsennur sdao
543 1250 1438 1316 BERLIN SO 16. RUNGESTRASSE 22-24
555 1402 1454 1532 Frankfurter Zeitung
733 1510 1272 1561 Ausschnitt aus der Nummer vom:
1147 1524 1510 1651 13 MATUF
855 1623 1158 1696 Abendblatt
805 1798 1367 1897 Arthur Schnitzler
773 1871 1386 1953 zu seinem sechtigsten Geburrslag.
496 1827 701 1973 %
714 1919 1647 1999 Wir entnehmen einer Rundfrage aus der bei S. Fischer,
652 1977 1647 2047 Berlin erscheinenden „Neuen Rundschau“ die folgenden
647 2013 1649 2090 Aeußerungen zum 60. Geburtstag Arthur Schnitzlers:
567 2062 1644 2129 Arthur Schnitzlers warme und feine Begabung besitzt einen
497 2111 1659 2186 Zug, der in Deutschland selten ist, Grazie. Es ist deutsche Grazte,
493 2152 1651 2224 keine französische. Seine Gestalten, sein Theater ist unaufdring¬
501 2187 1652 2260 lich bis zur möglichen Grenze. Man wird diesen deshalb manch¬
512 2226 1653 2291 imal ein wenig blaß anmutenden Schriftsteller immer wieder revi¬
512 2265 1654 2350 dieren müssen, um die farbigen Reize und großen Schönheiten sei¬
514 2299 1659 2376 nes Werkes nicht zu verlieren und für den deutschen Dauerbesitz
517 2343 1663 2420 zu retten. Den Sinn für Schnitzler besitzen, heißt Kultur besitzen,
521 2384 1667 2456 und sich von Schnitzler angezogen fühlen, heißt die Kultur suchen.
522 2417 1670 2490 Es sollte viel mehr, als es geschieht, Schnitzler gespielt werden.
1087 2475 1625 2547 Gerhart Hauptmann.
580 2573 1670 2656 Schnitzlers Theaterstücke sind vollkommene Theaterstücke, ge¬
516 2617 1665 2677 baut, um zu fesseln, zu beschäftigen, zu unterhalten, in geistreicher
517 2657 1667 2716 Weise zu überraschen; sie tun dem Augenblick genug und vermögen
509 2695 1662 2756 noch nachträglich, das Gemüt und die Gedanken zu beschäftigen;
510 2732 1669 2788 ihre Handlung und ihr Dialog beschwingen einander wechsel¬
526 2762 1675 2837 weise, die Charaktere sind vorzüglich erfunden, leben ihr eigenes
520 2808 1672 2883 Leben und dienen dach nur dem Ganzen. Wenn man diese Stücke
516 2847 1662 2915 auf der Bühne sieht, hat man das Gefühl: derjenige, der sie ge¬
518 2889 1672 2962 macht hat, ist auf den Brettern zuhause und hat keinen anderen
526 2938 1295 3010 Chrgeiz, als durch das Theater zu wirken.
605 2965 1675 3049 Schnitzlers Erzählungen sind lebendig, spannend; sie haben
525 3013 1679 3091 immer das nötige Detail, aber nie zu viel davon, sie haben
538 3050 1679 3109 Psycholegie, aber die Psychologie dient nur dazu, den Gang
526 3097 1683 3161 des Ganzen in einem reizenden Rhythmus bald zu verlangsamen,
536 3131 1682 3195 bald zu beschleunigen sie stecken voll Beobachtung, aber auch die
533 3174 1686 3242 Beobachtung ist dem eigentlichen Reiz der Erzählung
1483 3203 1694 3259 sie von
534 3203 1485 3276 untergeordnet. Man hat das Gefühl daß
536 3242 1687 3313 einem Mann herrühren, dessen primäres Talent das Talent
533 3280 1689 3358 des Erzählens kurzer oder eigentlich mittellanger Erzählungen ist.
541 3325 1686 3391 In beiden Formen: Drama und Erzählung ist er durchaus ein
536 3369 1684 3443 Künstler, und war es vom ersten Tage an. Es ist ein erstaunlicher
542 3402 1686 3458 Gedanke, daß die kleinen Szenen aus dem Leben einer erfundenen
554 3441 1688 3508 Figur „Anatol“ die heute aller Welt in Europa und über Europa
551 3473 1704 3559 hinaus grläufig ist, und eine kurze in ihrer Art vo kommen reife
549 3524 1697 3584 und meisterhafte Erzählung „Reichtum“ das erste waren, womit
550 3573 1179 3629 er vor so vielen Jahren hervortrat.
615 3596 1689 3678 Ihm sind alle Instrumente zu Dienst, die das Handwerk einem
561 3652 1693 3727 erfahrenen und sehr nachdenklichen Künstler in die Hand gibt,
555 3697 1699 3756 um selbst den scheinbar unergiebigen Stoff ganz zu bezwingen und
548 3737 1707 3789 der Materie ihren inneren Reichtum zu entlocken. Keines davon
556 3755 1723 3866 gebraucht er mit größerer und reizvollerer Virtuosität als die
2369 1661 2532 1738 Eunasen
1657 1721 2807 1794 Ironie. Je kühner er diese anwendet, je mehr er seinen Stoff!
1658 1754 2828 1841 und seine Motive mit ihr in die Enge treibt, desto weiter er¬
1665 1814 2816 1879 scheint paradoxerweise sein geistiger Horizont. So würde ich
1664 1840 2804 1914 sagen, daß neben der „Liebelei“, die eine Arbeit von ganz einziger
1665 1871 2808 1957 Art ist, einige seiner kleinen Kunstwerke — Erzählungen oder
1674 1922 2805 1993 Drenen — durch den Zauber der Ironie als die größten er¬
1670 1960 2750 2034 scheinen. Ihnen allen wohnt nicht nur die Andeutung inne, d
1666 2004 2743 2079 der Schöpfer dieser kleinen Welten mehr von der Welt weiß,
1664 2038 2805 2115 er zu sagen vorhat — dies ist ein gewöhnlicher Reslex aller Ironie
1731 2080 2814 2147 sondern auch dieses Besondere: man ahnt, er hätte noch mehr
1665 2115 2819 2193 und vielleicht noch stürkeres zu geben, als ihm bisher zu geben
2151 2154 2806 2217 war. Unter diesen Umständen kann
1674 2176 2151 2243 gefallen hat oder gestattet
1667 2199 2817 2269 man nicht vom Alter eines solchen Menschen sprechen, denn es ist
1677 2232 2811 2314 durchaus möglich, daß ein solcher von einem Teil seiner Kräfte
1677 2278 2810 2346 noch niemals sichtbaren Gebrauch gemacht und auch einen Teil
1671 2334 2734 2403 seiner Jugend irgendwo zurückbehalten oder verborgen hat.
2158 2359 2777 2439 Hugo von Hofmannsthal.
1719 2478 2823 2542 Ich bin der wiederkehrenden Gelegenheit froh, Arthur Schnitz¬
1674 2497 2823 2596 ler meiner alten und immer neuen Bewunderung zu versichern.
1680 2548 2824 2614 Die Stunden, ich wiederhole es, die ich im Theater oder zu Hause
1686 2588 2824 2660 im Lesestuhl mit der Anschauung seiner Werke verbrachte,
1682 2625 2823 2692 waren solche künstlerischer Geborgenheit, unzweifelhaftesten
2636 2665 2829 2720 Vollendet
1690 2680 2602 2739 Vergnügens, glücklich erhöhten Lebensgefühls.
2308 2707 2826 2766 jene seelische Sphäre in
1980 2719 2309 2776 er heute für
1684 2731 1934 2786 österreichisch,
2518 2740 2822 2806 hineingewachsen,
1789 2760 2522 2821 ähnlich repräsentative Stellung
1687 2774 1789 2825 eine
1692 2786 2845 2855 wie etwa Hauptmann für das Reich. Seine Schöpfungen
1694 2826 2830 2894 besitzen allen Schmelz, alle Geschmackskultur, alle Liebenswürdig¬
1694 2862 2846 2938 keiten des Oesterreichertums; aber als ihr besonderes Charakte¬
1690 2919 2838 2979 ristikum erscheint mir eine gewisse Lebensstrenge, die weh tut —
1692 2935 2853 3013 und die wohl eigentlich nicht österreichisch ist. Hofmannsthal ist
1693 3008 2847 3045 traumhaft intensiv, aber er hat nicht dies, und auch Altenberg*
1700 3012 2840 3095 hat es nicht. Es mag vom Aerztlichen herrühren, — das Un¬
1691 3053 2844 3122 empfindliche, Unerbittliche. Es ist außerdem erotischer Ernst, die
1700 3099 2841 3163 Lebensstimmung des Friedrich Hofreiter im „Weiten Land“ der
1702 3137 2838 3203 sagt: „Ah, hältst du das für so besonders lustig?“ Steinrück, eine
1695 3170 2845 3249 schraffe Natur, sprach es unübertrefflich. Leidenschaft ... ist sie
1696 3209 2851 3278 österreichisch? Aber von Anfang war auch das andere im Spiel:
1700 3243 2854 3317 Weisheit; zuerst als Skepfis und Lockerheit, dann immer männ¬
1695 3302 2851 3356 licher und gütiger sich ausbreitend. Was aber wäre liebenswert,
1706 3328 2850 3398 was ehrwürdig, was ergäbe Dichterwerk, Dichterleben, wenn nicht
1705 3372 2839 3437 die Vereinigung von Leidenschaft und Weisheit, Strenge und
2413 3410 2814 3476 Thomas Mann.
1705 3427 1837 3490 Güte?
1770 3492 2845 3573 Ich habe Schnitzler, vom allerersten Anfang her, begleitet und
1716 3538 2842 3608 geliebt. Meine Sätze stehn in der „Welt im Drama“: Band I,
1715 3576 2842 3641 Seite 119—142. Band II Seite 275—309. Er war ein
1707 3613 2854 3680 Mehrer des Reichs: für die Frage der Vermischung oder Unver¬
2488 3656 2848 3724 Alfred Kerr. „
1717 3664 2191 3743 mischbarkeit zweier Seelen
