3392 4480
2021 160 2264 247 —
222 255 1571 383 goth Birthdag box 39/3
1734 1019 3336 1115 Liesen Worten soigie eine kurze Ansprache dis Tileltors Nef Lebensversicherungsponzze
1244 1045 1656 1153 o
1612 1099 3339 1188 Nationalbibliothei Donabaum, der die Gäste als Hausherr aus den in der Hofburg
412 1100 767 1209 unstaltet wurde.
499 1139 3325 1217 Der große fünfzehn Meter hohe Saal, dessen Deckengewölbe begrüßte, worauf Bundespräsident Hainisch mit dem Hinweis Hetzendorf und Baden n
395 1178 3337 1277 jund Kuppel mit wundervollen Fresken geschmückt ist, bot einen darauf erwiderte, daß sich Oesterreich in einer Katastrophe befinde, richtungsgegenstände usw
403 1231 3330 1341 überaus reizvollen Anblick, der durch die stimmungsvolle, ab= in einem schweren wirtschaftlichen Kampse. Die Atempause, die Nachlasses im Betrage von
403 1280 3294 1389 getönte Beleuchtung unsichtbarer Scheinwerfer in seiner uns gegönnt ist, wollen wir benutzen, um in die Vergangenheit dem Erzherzog im
394 1303 3328 1439 Wirkung e höht wurde. Im Kuppelsaal, der die zu blicken. Aus ihr werden wir Zuversicht schöpfen, denn die Deimler=Automobil (Inh
1623 1390 3280 1483 Uchrnschticher unt ighr der mahfassen isene eingschnt, wude.
1631 1470 3335 1557 schaft wie ein Literatur=, Kunst= und speziell Theaterfreund war, Sachsens Fastnachtspiel
791 1463 1310 1596 Feuilleton.
1634 1517 3323 1609 daß er die literarischen Bestrebungen seines Sohnes Artur mit stand mit dem Text auf
1640 1568 3336 1651 großem Interesse, wenn auch mit ein klein wenig Bedauern sonders wichtigen Schluß
382 1592 1647 1674 Aus Artur Schnitzlers unberühmten Tagen.
1630 1608 3324 1684 beobachte, förmlich aus der Vogelperspektive sich ausehe. Der behalf, indem er einige
980 1670 1116 1737 Von
1633 1647 3337 1765 junge Schnitzler wuchs ja gerade in dem Hause seines Vaters in sich zum Schluß, da ihm
2858 1711 3335 1791 fiel, unter stürmischer H#
1636 1716 2865 1802 einer prächtigen künstlerischen Atmosphäte auf, denn der Salon
800 1702 1284 1805 Siegfried Loewy.
3113 1756 3330 1830 „Mir ist
526 1769 2874 1847 Schnitzler will es nicht gelten lassen, daß er die Scheitel= Schnitzler war der Sammelpunkt der vornehmsten literarischen und
3120 1800 3335 1866 Ich muß
1648 1812 2883 1887 theattalischen Kreise. Auch Vertreter der Hocharistokratie ftanden in
407 1833 1653 1909 höhe des Lebens schon überschritten hat, und findet auch, daß
2963 1831 3338 1914 (Schnitzler hat au
1644 1850 2891 1935 freundschaftlichen Beziehungen zu dem gewiegten Menschen= und
411 1886 1661 1954 ein sechzigster Gebuitstag keinen Anlaß zu einer besonderen Feier
2872 1894 3334 1958 wennser auch kein stram
1644 1906 2869 1983 Seelenkenner Professor Schnitzler, so besonders Prinz Cumberland
410 1930 1657 2002 bietet. Solche Marksteine des Lebens besonders zu markieren,
2860 1946 3333 2015 immer bei der Sache un
1654 1956 2875 2032 und Prinzessin Thyra von Cumberland. Regierungsrat Schnitzler
412 1982 1655 2052 liebt begreiflicherweise nicht jedermann. Schnitzler scheint es da
2865 1988 3338 2073 wie „Leutnant Gustel“.
414 2005 2866 2103 mit Bauernfeld zu halten, der mir bei seinem achtzigsten Geburts= war nicht allein der Arzt, sondern auch in sehr vielen Fällen
2955 2039 3319 2106 Schnitzler war
415 2051 2885 2150 tag in einem Jammerbrief über die vielen Ovationen, denen er der Seelenarzt, der treue Berater, der eingeschworene Vertrauens¬
2864 2085 3334 2161 der rigorosierte und er
1649 2096 2881 2173 mann angesehenster Erscheinungen des Wiener Theaterlebens, so
418 2120 1665 2199 ausgesetzt sei und die über ihn hereinzubrechen „drohen“, schrieb:
420 2120 3341 2248 „Alt und älter wird man gern im stillen.“ Und tatsächlich insbesondere von Charlotte Wolter, Adolf Sonnenthal, Helenes teilung des Professors 2
410 2232 3335 2303 hat Schnitzler sozusagen die Flucht vor dem sechzigsten und Ernst Hartmann und von nahezu allen Berühmtheiten als Sekundararzt zugeteilt
418 2290 3343 2346 Geburtstag ergriffen. Der ältere Schnitzler wäre gewiß des Hofoperntheaters, die nicht allein Zuflucht bei ihm suchten, Arzt,ssondern auch ein
414 2268 3345 2400 lieber der junge Medardus, aber wenn man einmal in der wenn ihre Kehlen das gebieterisch erforderten, sondern, schöne Wort Nothnagels
408 2327 3319 2445 Literatur eine so prominente Stellung einnimmt wie er, wie gesagt, auch wenn sie eines nichtmedizinischen klugen Mensch sein. Doch g
762 2375 3308 2485 häßlich das Wort auch klingt, einer der Rates bedurften. Artur =Schnitzler stand damals in unbesiegbare Aversion.
2883 2416 3346 2491 untergeordnet war, bew
418 2432 593 2488 der
418 2434 2887 2535 Protagonisten des literarischen Jung=Wien gewesen, kann man's der ersten Hälfte der Zwanziger und ich erinnere
2873 2468 3350 2536 spätenn, Anatol“=Zyklus
413 2483 2883 2576 nicht verhindern, daß die Verehrer und Freunde ihren Gefühlen mich noch eines Gesprächs, das wir über den jungen Arzt führten,
411 2521 3342 2612 Ausdruck leihen. Schnitzler ist sozusagen ein literarischer Self= als wir, Regierungsrat Schnitzler, Julius Bauer und ich, an führen ließ. Es waren
1662 2562 3336 2649 einem herrlichen Sommertag auf der unvergleichlichen Weißen= einkässe“; die Uraufführ
423 2592 1681 2690 mademan, hat sich nie in sogenannte „Kasterln“ von Schulen
1665 2603 3348 2707 bacher Waldstraße, einer Einladung von Charlotte Wolter folgend, im Sophiensaal improv#
411 2650 1673 2734 einreihen lassen und ist dem Café Größenwahn — außer als
1653 2661 3343 2750 nach Weßenbach am Attersee fuhren. Die universelle Bildung ganz Herstklassigen Besetz
422 2692 1673 2781 gelegentlicher Besucher — in weitem Bogen ausgewichen. Schon
1666 2703 3341 2799 Schnitzleis, sein reiches Wissen auf allen Pfaden und Stegen der Rudoff Christians und
426 2740 1679 2813 in sehr jungen Jahren zeigte sich neben einem unerhörten Arbeits¬
1668 2759 3151 2842 modernen wie der klassischen Literatur weckten unsere rückhaltlose Schilzkraut.
428 2782 1675 2871 drang und einem unsillbaren Wissensdurst seine literarische Be¬
2964 2776 3347 2880 Der Mediziner=D
1658 2813 2909 2894 Bewunderung, und wir dachten uns im stillen, daß der Sohn
432 2838 1678 2926 fähigung. Er dachte allerdings kaum daran, daß die Literatur
436 2848 3342 2964 einmal sein ausschließlicher Beruf sein werde, widmete sich mit eines so bewanderten und geistvollen Mannes gewiß eine sozu= Kollezen in Apoll, de
2875 2883 3338 2975 beginit, hinzuweisen, a#
425 2914 2899 3019 voller Hingabe dem medizinischen Studium und später, wenn sagen natürliche Berechtigung besitzen dürfte, sich von Aeskulap zu!
2870 2941 3351 3036 Schiller, der ja bekan
431 2951 2651 3062 auch nur für kurze Zeit, der ärztlichen Tätigkeit. Hatte er doch trennen und den Weg auf den Helikon anzutreten.
2885 2997 3339 3072 etwas cocur und in
1772 2996 2895 3077 Artur Schnitzler war nicht allein ein eifriger Student,
435 3012 1690 3102 an seinem Vater, dem berühmten Laryngologen Regierungsrat
438 3050 3333 3156 Dr. Schnitzler, ein glänzendes Vorbild, der es sehr gerne gesehen sondern auch ein prächtiger Kollege Einem der Altersgenossen ist es im Augenblick n
424 3090 3307 3200 hätte, daß auch sein Sohn jenem Zweig der Naturwissenschaften hatte er sich an der Universität und später bei der Spitalspraxis er als Feldscheer
426 3132 3342 3251 lich widme, de er so virtuos beherrschte. Jung=Schnitzler sprang besonders angefreundet und die beiden waren beim Ernst des gebracht hätte. Aus
435 3243 3345 3309 jedoch eines Tages aus der Kutte — nicht viel früher als sein Studiums wie bei den lockenden Unterhaltungen ein Herz auch Schonheir gesprt
1877 3236 3334 3334 Seele. Schon damals hatte er Gelegen-den Patienten auf den
432 3268 1903 3344 viel jüngerer Kollege in Apoll Hugo v. Hofmannsthal, dessen und eine
2888 3291 3339 3351 Ordnung zu bringen, de
434 3338 2901 3403 eiste zarten, finnigen, zumeist lyrischen Produkte unter dem heit, seine Befähigung als Dichter und als Theater¬
1847 3329 3329 3403 zu erweisen. Es wurde nämlich in einer der Bühne die Psyche
435 3356 1870 3449 Pseudonym „Loris“ erschienen —, um sofort die Aufmerksamkeit kundiger
436 3377 3345 3495 aller Kenner zu erregen. Wie oft sagte mir Papa Schnitzler, der Familie, in welcher Schnitzler von seinem Freunde und auf so manches #
1229 3557 1413 3680 2
474 3520 857 3702 7 h
842 3743 939 3843 2
1186 3778 1321 3867 7.
