3436 4320
254 308 944 398 T
635 1200 1061 1301 elenraaf K#
506 1228 599 1320 Na
678 1518 1121 1619 9• MATIR
302 1703 1152 1762 Het Arthur Schnitzler-nummer der „Neue
588 1750 884 1818 Rundschau“
314 1793 1188 1877 Hef Arthur Schnitzler-nummer
277 1856 1179 1900 der-Näffe Rudschau opent met een groot essay
285 1897 1183 1946 van Richard Specht, een gedeelte van een
289 1928 1185 1984 werk over Schnitzler, dat dezer dagen bij
297 1966 1189 2022 S. Fischer verschiinen zal. Oscar Bie en
273 2016 1196 2075 Raoul Auernheimer openen dan de
281 2066 1186 2109 rij der huldigende literatoren, waarna Her¬
278 2076 1190 2160 man Bahr ziin „lieber Arthur“ geluk¬
285 2134 474 2187 wenscht.
315 2158 1189 2224 „Als men de zeden, denkwiizen en levens¬
537 2220 1185 2271 het teedere avondrood, waarin
283 2215 527 2268 wiize van
278 2244 1198 2315 Oestenrijk zich spiegelde, zal hebben door¬
283 2289 1181 2338 schouwd, dan zal men dien kunstenaar de
277 2327 1193 2397 vcorkeur geven die dat avondrood van 1890
291 2369 1185 2413 tot 1920 het zuiverst weerspiegelt. En die,
277 2408 1190 2466 beste Arthur, zijt gij (want ik zeif kom daar¬
280 2459 1189 2501 om al niet in aanmerking omdat ik het avond¬
281 2488 1184 2525 rood voor een zonsopgang hield; in 't gunstig¬
277 2526 1200 2593 sto geval moet ik mij tevreden stellen met de
279 2571 1025 2622 onsterfelijkheid van een spotvogel).
322 2613 1184 2653 Als geen van ons heb je de laatste schoon¬
275 2638 1196 2704 heid van het langzaam uitdoovend Weenen met
276 2689 1184 2730 teedere hand gevat, je was de dokter aan de
284 2719 1191 2775 stervenssponde, je hebt het inniger liefgehad
279 2768 1188 2810 dan een van ons, omdat je al wist dat er geen
287 2805 1188 2851 hoop meer was. Juist de naamlooze melan¬
283 2848 1188 2897 cholie, die mij soms ongedullig over je werk
278 2877 1197 2932 en hifna over jezelf deed worden, verzekert
283 2922 1190 2973 je toekomst: als een rocrend afscheid van
288 2963 1197 3012 Oostenrijk leven ze, zoolang nog cen dank¬
288 3008 1191 3048 bare herinnering aan de keizerstad niet ge¬
279 3032 1202 3103 heel zal ziin uitgedoofd. Je beut de laatste
273 3085 1044 3128 dichter van hun doodsangst geweest“.
328 3122 1189 3165 S. Fischer, die al de werken van
287 3160 1194 3219 Schnitzler uitgaf, volgt met ecn hartelijk
279 3203 459 3255 woord.
331 3218 1201 3285 Gerhart Hauptmann, die zooals
275 3273 1196 3335 bekend — eveneens spoedig zestig jaar wondt,
277 3318 570 3369 schrifft dan:
292 3345 1204 3414 Schnitzler apprecieeren beteekent cultuur be¬
286 3396 1205 3450 zitten, en zich tot Schnitzler aangetrokken
283 3445 1198 3488 voelen, beteekent cultuur zocken. Veel meer
287 3473 1196 3530 dan nu het geval is, moet Schnitzler gespeeld
295 3514 480 3568 worden.
328 3545 1210 3608 Van Hofmannstal legt er vooral den
288 3584 1202 3654 nadruk op hoe Schnitzler reeds van den aller¬
296 3647 1193 3681 eersten tijd, de knappe dramaticus en novel¬
292 3676 1198 3728 list was, die hij nu nog is, hoe „Anatol“
289 3710 1213 3761 evenals ziin vertelling „Reichtum' het aller¬
294 3752 869 3803 cerste was wat hij schreek.
1099 289 1550 376 box 39//3
1693 1296 2591 1410 Hamburger Fremdenblatt
2082 1388 2200 1443 Mu
2049 1418 2253 1484 u
1877 1458 2448 1527 Ausschnitt aus der Nummer vom:
2255 1721 2514 1792 Rn
1735 1819 2464 1915 Archur Schnitzter.
1642 3461 2569 3506 Der österreichische Dichter begeht am 15. Mal seinen
1643 3505 2569 3555 00. Goburtstag. Er hat wesentlich andere literarliche
1643 3545 2574 3608 Qualitäten als sie dem heutigen Theaterpublikum durch
1643 3593 2565 3640 Whleigen“ bekannt geworden sind. Ris Mitglied der
1635 3632 2571 3677 Jungöster eichischen Dichtergrupße hat er jei en ersten
1646 3666 2577 3710 großen Erfolg mit dem Drama „Tiebelei“ errungen, in
1637 3703 2578 3760 dem sich leine künstlerische Wesensart scharf ensbrückt.
