3392 4480
1741 111 2142 161 re
107 128 1126 184 ehete Er wäre ungerecht, welte man in ihm
1122 128 2174 189 öffentlichen Aufführung, bei all ihrer anscheinenden
110 171 1126 215 nur den Poeten der Wiener „Gesellschaft“ vor ihrem
1128 178 2166 238 Leichtigkeit doch geradezu tief sind. Er gibt sein Bestes
99 215 1128 259 Untergang sehen, auch abseits dieses Preises hat er viel
1135 216 2162 269 in kleinen Stücken und Novellen: zum großen Epiker hat
107 249 1128 298 Schönes gespendet, das lebendig bleiben wird. Man
1132 253 2169 294 er nicht den vollen Atem, zum großen Tragiker nicht die
105 287 1124 338 enke an seine Meistergroteske vom „Grünen Kakadu“,
1127 295 2174 346 entschlossene Leidenschaft. Er ist nicht stark und nicht
103 329 1117 376 n welcher ins Unheimlich=Spielerische gewendet die
1127 331 2167 392 unbedingt genug für einen solchen Wurf. Aber keiner
110 371 1114 417 ganze Weltuntergangsstimmung des Bastillensturmes ist.
1132 368 2169 416 der Mitlebenden erreicht ihn an Anmut und Vieldeutig¬
104 406 1118 453 Wie man es vor vier Jahren mit Moissi in Basel sah,
1129 407 2169 470 keit des Einfalls, keiner ist so gepflegt, so sicher seiner
104 446 1120 496 chlug unter dem Eindruck des Kriegendes und des roten
1124 445 2171 498 selbst und so unerschütterlich abwehrend gegen Konzes¬
108 484 1125 529 Rußland der Atem des Meisterwerkes uns so heiß ent¬
1122 488 2170 545 sionen an das Wirksame und an den schlechten Ge¬
99 522 1128 568 egen, daß man fast erschrak. Oder die zeitlos schöne
1123 526 2173 575 schmack. Inmitten offizieller Bewunderung ist man meist
94 562 1116 603 Movelle vom „Blinden Geronimo und seinem Bruder“.
1122 568 2172 604 sehr geneigt, mit den Sechzigjährigen in der Kunst sehr
103 603 1122 647 kussisch feelenhaft, nur straffer, tritt vor die Erinnerung.
1125 602 2173 659 strenge zu sein; hari und undankbar stellt sich das
113 638 1114 681 Oder sein zugleich objektiver und doch guter, hassender
1122 637 2172 701 heranwachsende Geschlecht gegen sie, die ihnen den Bo¬
103 677 1119 725 Professor Bernhardi“ oder sein „Tapferer Kassian“ um
1123 677 2173 740 den verstellen, verkennt sie, verhöhnt sie, oder, noch
102 698 1118 759 haus seinem gefüllten Schrein nur einige Juwelen durch
1125 714 2180 761 schlimmer, vergißt sie. In diesem Kampfe der Genera¬
99 735 1118 799 die Hand gleiten zu lassen. Aber in seinem Wesentlichen
1123 756 2168 813 tion sind einige von den jüngst Unsterblichen augenblick¬
107 791 1119 832 bleibt er doch zumeist der Dichter des franzeskojosefini¬
1124 790 2161 856 lich ins Hintertreffen geraten: Ibsen und Boecklin, um
111 829 1120 870 chen Wiens, seiner arrivierten Sozietät, die von keinen
1133 829 2168 883 bloß einige der am stärksten Betroffenen zu nennen; bei
103 860 1127 909 Pebenssorgen geplagt ist, sich in Spiel mit dem Dasein
1126 868 2163 917 Wagner und Hodler zeigen sich die ersten Anzeichen einer
110 894 1127 953 und Erotik zurückgezogen hat, ist er der Dichter der
1135 908 2167 959 solchen Entwicklung. Es wäre ein Wunder, wenn die
103 937 1114 996 Tragikomödien des Wiener Cottage, wo die Landhäuser
1131 947 2171 1004 Expressionisten, die Stammler und die Maßlosen gegen
112 983 1113 1037 der Reichen hingelagert sind am Rande der großen
1121 984 2181 1031 Schnitzler sanfter wären. Er kann diesen Ansturm ruhig
105 1016 1060 1084 ladt, weich geschmiegt in die Wiener Landschaft.
1121 1020 2166 1081 überdauern, wenn er auch sein poetisches Handwerk un¬
1128 1061 2166 1117 modern gut meistert und seine literarische Abstammung
131 1059 1119 1123 Das Spiel des Schicksals ist ein Grundmotiv des
1128 1097 2167 1153 von dem älteren Oesterreich und von der gepflegten,
106 1099 1115 1164 Schnitzlerschen Schaffens; das andere ist die Beziehung
1128 1137 2168 1212 wohlerzogenen Pariser Gesellschaft= und Problemdrama¬
101 1152 1120 1199 wischen Tod und Liebe. Auf tiesen beiden Säulen
1127 1176 1519 1239 tik nicht verleugnet.
103 1194 1130 1255 uht sein dichterisches Lebenswerk. Manchmal wie in
112 1236 1124 1284 keiner Meisterzählung vom „Schicksal des Freiherrn von
1163 1232 2157 1292 Wien, die Stadt der Tradition und der Kompro¬
113 1270 1119 1316 Leisenbogh“ verknüpfen sich beide. Warheit und Lüge
1129 1262 2166 1329 misse bis 1918, konnte niemals leidenschaftlich, ungeber¬
113 1312 1119 1358 berschlingen, wir spielen alle. „Wer es weiß, ist klug.“
1122 1309 2159 1372 dig kraftgenialische Genies erzeugen. Aengstlich hielt es
107 1344 1113 1392 Diese Wahrheit verkündet schon sein „Paracelsus.“ Leise
1123 1349 2173 1415 sich vom Wirklichen ab, daß entfesselt Stadt und Reich
107 1383 2173 1439 Resignation, beste feelische Haltung ist das Merkmal von ihrer Geltung herunterstüzen mußte. Desto mehr
115 1422 1118 1473 einer Gestalten. Anatol altert, und er wird der Herr
1125 1427 2162 1490 pflegte es seine Anmut, verfeinerte es sich, hielt es auf
113 1465 1127 1506 . Sala in dem „Einsamen Weg“, diesem zarten herbst¬
1133 1468 2167 1523 gute Formen, verstand es die Kunst der Andeutung, und
99 1503 1118 1546 ichen Schauspiel, das viel zu wenig bekannt ist. Zufall
1129 1506 2154 1565 Schnitzlers Stellung war und ist es, dieses Wesen der
113 1543 1127 1590 der Schicksal führt zum Fehltritt einer Ehefrau, und
1134 1543 2153 1589 Wiener Bourgeoiste in die ganze Problematik oder nun¬
107 1582 1118 1631 achher sehen wir den Sohn zwischen den zwei Vätern,
1138 1579 2160 1631 mehr abgeschlossenen Epoche hinübergeführt zu haben.
114 1621 1131 1662 dem wirklichen, der ihn verloren hat, dem falschen, der
1132 1619 2149 1664 Das Jüdische, das man öfters gegen ihn betonte, ist da¬
123 1659 1119 1702 hn sich erobert hat durch ein Leben voll Güte. Niemals
1131 1657 2156 1719 bei nicht das Dominierende; der Wiener Jude ist vor
128 1697 1127 1738 st falsches, lärmendes Pathos in Schnitzlerischen Men¬
1133 1700 2152 1758 allem Wiener und vom deutschen, vom ungarischen und
121 1732 1117 1781 schen; in ihre behütete, kränkelnde Welt, die etwas von
1134 1738 2151 1808 vom russischen Juden grundverschieden. Das Wiener¬
133 1779 1579 1825 er linden unnatürlichen Wärme der Treibhäuser hat, ium hatte stets diese
1957 1782 2171 1855 Gane—
1098 1819 3169 1882 und Umwandlung, zog wie das alte habsburgischef fälle belauernd, jedes Motiv in allen Variationen seiner
2116 1870 3161 1925 Arbeit festhält. Zu seinem sechzigsten Geburtstage wer¬
1092 1878 2124 1937 Oesterreich von überallher Kräfte. Wenn man etwas
2114 1903 3167 1961 den viele ihm glückwünschend nahen, und wenn er auf
1087 1926 2116 1972 genauer hinsieht, so entdeckt man, wie gerade der Weg
2129 1949 3159 2006 seine Gartenveranda tritt, dann wird sein lebhaftes Auge
1092 1962 2126 2011 ist, der von Grillparzer zu Schnitzler führt, wie bei aller
2125 1982 3168 2041 in dem schönen, geisterhellten Dichterantlitz wieder sein
1093 2000 2117 2046 persönlichen und zeitlichen Verschiedenheit doch in bei¬
2129 2017 3161 2079 Wien zu seinen Füßen sehen, dieses Wien, das ihm
1086 2037 2115 2083 den das Wienerische dominiert. Die Hero ist eine
2137 2051 3162 2120 Reich und Grenze, Lebensinhalt, Bestimmung und Liebe
1087 2082 2116 2131 ältere Schwester des Schnitzlerschen süßen Mädels, und
2130 2115 2325 2179 bedeutet.
1097 2115 2121 2161 Anatol hat ebenso große Angst vor der Tat, wie schon
2659 2120 3113 2205 Dr. Ludwig Bauer.
1100 2156 2126 2200 Rustan und Rudolf bei Grillparzer sich in Traum und
1091 2196 2133 2239 Magie flüchteten. Nur hat Grillparzer Goethe und Schil¬
2358 2193 2908 2281 Gleine Rundichen
1088 2232 2138 2289 ler erlebt, Schnitzler aber Maupassant und Dostojewski.
1092 2272 2139 2320 Weniger eklektisch als etwa Hauptmann und seiner
1085 2307 2145 2364 Grenzen sich selbstkritisch bewußt, hat er in sich bloß auf¬
1091 2349 2131 2404 genommen, was er auch verarbeiten konnte. Als An¬
1089 2388 2131 2437 gehöriger einer Stadt und eines Reiches, dessen Existenz
1082 2425 2132 2476 und Größespiel Zufall schien, das in seiner Vielfältigkeit
1088 2460 2138 2514 auch keinen großen sozialen Kampf kannte, war Schnitz¬
1091 2497 2141 2546 ler vom Schicksal dazu bestimmt, in einem engen Gebiete
1083 2534 2136 2595 zu bleiben; aber er hat es in allen seinen Tiefen erkannt
1087 2580 2144 2631 und eine Leichtigkeit dabei gewonnen, die spielerisch
1078 2611 1757 2673 über Abgründen zu gaukeln weiß.
1151 2641 2145 2698 Das Beziehungsvolle und Geistreiche des Zufalls,
1079 2691 2129 2742 der wohl mehr ist, als wir alle wissen, hat vielleicht noch
1087 2719 2140 2784 miemand vorher so voll erfühlt; eine Studie wie sein
1084 2767 2142 2818 „Puppenspieler“ ist mit einem so zarten Griffel hinge¬
1080 2804 2142 2860 hhaucht, daß der Kenner danach stets wieder mit Freude
1085 2849 2134 2890 greifen wird. Neben ihm steht die lange Reihe seiner
1088 2883 2133 2935 Schöpfungen, nicht alle vom gleichen Wert, einige wohl
1089 2926 2136 2978 mehr Abstraktionen und im Ersonnenen haftend, aber
1080 2961 2127 3010 alle vornehm, alle so, daß sie auf unserem Erdball nur
1081 3001 2141 3035 just der Doktor Arthur Schnitzler in Wien schreiben!
1088 3039 2128 3085 konnte, keiner vor ihm und keiner nach ihm. Er wurde
1089 3079 2124 3120 viel nachgeahmt, ist viel bewundert, und Wien, min¬
1081 3108 2141 3180 destens jenes Wien, das der Schreiber dieser Betrach¬
1092 3156 2126 3197 tungen noch kannte, hat niemals aufgehört, in Schnitzler
1089 3187 2133 3246 seinen repräsentativen Dichter zu sehen. Das gibt ihm
1082 3229 2132 3282 eine ganz einzigartige Stellung; denn kein anderer von
1091 3266 2133 3317 dden Lebenden, wobei Höhenmessungen ganz unterlassen
1086 3308 2138 3367 sein sollen, hatte eben dies Repräsentative, das bei
1079 3346 2127 3393 Schnitzler ergibt, wie eine große Stadt mit ihrem be¬
1081 3388 2136 3439 stimmten Kulturkreise sich durch ein volles Menschen¬
1084 3418 2126 3467 alter hindurch künstlerisch mit gerade diesem einen be¬
1089 3459 2129 3505 stimmten Poeten sich vollkommen deckt. Hauptmann ist
1084 3499 2134 3542 weniger Deutschland, d'Annunzio weniger Italien,
1078 3542 2130 3600 France weniger Frankreich als Schnitzler Oesterreich
1083 3573 2128 3624 war. Ist er es noch imemer? Darüber steht jemandem,
1079 3613 2126 3662 der es in seinen schweren Wandlungen nicht mehr erlebt
1085 3652 2140 3706 chat, kein Urteil zu. Hier wollte nur einer, der ein Vier¬
1080 3689 2140 3741 teljahrhundert neben dem reinen und noblen Dichter
1090 3724 2134 3778 weilen durfte, ihm danken und ihn grüßen. Die Erinne¬
1082 3769 2140 3823 rung zieht in sein stilles und seines Heim in der Stern¬
1084 3806 2141 3849 wartestraße, in seinen kleinen Garten und zu den vielen;
1072 3842 2132 3900 Schränken, wo er in Schubladen sich selbst und seine Ein¬
