3392 4320
502 319 539 383 1
241 331 934 403 —47
1098 304 1550 389 box 39/3
1030 686 1990 811 ADOLF SCHUSTERMANN
956 791 2044 884 ZEITUNGSNACHRICHTEN-BUREAU
1107 866 1881 957 BERLIN SO. 16, RUNGESTR. 22-24.
1035 949 1979 1067 zelung Prager Tagblatt
1029 1059 1483 1152 Adresse, Prag
1013 1192 1248 1259 Datum:
1538 1176 1973 1279 6- AUGe
1901 1296 2010 1355 KEN
1351 1328 1739 1434 Oinztichun¬
1086 1440 2021 1508 Josef Körner: „Arthur Schnitzler“ Gestalten und
1058 1486 2016 1559 Probleme.“ Als eine der litgaskivissenschaftlichen
1058 1545 2026 1585 Gaben zu Schnitzlers sechzigstem Geburtstag, ist im
1058 1582 2011 1635 Wiener Amalthea=Verlag diese Schrift des Prager
1058 1617 2037 1665 Literarhistorikers erschienen. Sie wendet eine von
1060 1658 2032 1718 der üblicn=Litemfrbetrachtung abweichende Me¬—
1056 1701 2011 1736 thode an. Knde# sie das künstlerische Denkmal losge¬
1053 1734 2002 1790 löst von stinem Schöpfer und ohne Rücksicht auf
1061 1774 2002 1834 seinen Esstchngsprozeß zu würdigen unternimmt
1056 1820 2008 1859 Man könnte bezweifeln, ob solche Art der Analyse
1059 1859 2007 1897 in anderen Fällen, etwa auf einen Dichter bezogen.
1050 1898 2003 1945 der stärker von dem eigenen wechselnden Erlebnis
1052 1933 2005 1989 abhängig ist oder in seinen Werken leidenschaftlicher
1054 1976 2006 2023 die Ereignisse der Zeit spiegelt, genügend reiche
1058 2007 2009 2070 Früchte trägt. Daß sie sich auf Schnitzler erfolgreich
1040 2053 2015 2106 anwenden läßt, beweist dieses inhaltsreiche und
1051 2093 2019 2127 klärende Buch. Denn Schnitzler stellt, indem sein
1065 2131 2004 2177 Schaffen unablässig um die erotischen Konflikte einer
1058 2164 2019 2218 fast immer gleichen bürgerlichen Schichte kreist, einen
1062 2212 2001 2251 Sonderfall dar. Man empfindet es darum nicht als
1048 2242 2007 2297 Mangel, wenn sein Erklärer, abgesehen davon, daß
1054 2284 1998 2344 er Biographisches überhaupt beiseite läßt, auch auf
1048 2327 2017 2370 leine innere Entwicklungsgeschichte bewußt verzichtet.
1061 2363 2018 2413 Körner spannt Schnitzlers reiches und zumindest
1048 2407 2014 2458 in seiner Fülle imposantes. Werk so auf, daß sich
1054 2438 2009 2499 lälteste und jüngste Produkte dieses Schaffens auf
1049 2477 2008 2522 lgleicher Ebene bewähren. Die Darstellung ist nach
1046 2519 2008 2586 Motiven geordnet; das dramatische Moment, das
1030 2562 1996 2636 sonst in Dichter=Monographien eine wesentliche Rolle
1034 2613 1998 2685 spielt, kommt hier nicht für die Wechselbeziehungen &
1028 2674 1977 2716 zwischen Autor und Werk, sondern nur für die Be¬
1036 2687 1998 2772 ziehungen seiner Geschöpse zu einander in Betracht.
1042 2745 1994 2798 Jndem Körner diese Motive mit größter Feinheit
1024 2777 1995 2838 und Gründlichkeit uniersucht, entstehen Einzelbetrach¬
1032 2810 1988 2873 tungen jedes Dramas und jeder Novelle, die über die
1021 2851 2012 2916 luckenlose. Inhaltsausgabe hinaus wertvolle Kommen=
1029 2878 2017 2955 stare darstellen. Nicht nur der Fachmann, sondern vor #
1027 2940 1990 3001 allem der Laie, der seine durch Theaterbesuch oder
1024 2994 1994 3032 Lektüre erworbene Kenntnis der Schnitzlerischen Dies
1036 3021 2001 3070 tung vertiefen will, findet hier schätzenswerte Auf¬?
1036 3057 1985 3115 schlüsse. Aber Körner steht dem Objekt seiner Dar¬
1037 3092 1998 3152 stellung nicht kritiklos gegenüber, und es ist interes¬
1022 3128 2014 3194 sant zu verfolgen, wie ihm aus der Verehrung des
1030 3180 1942 3225 Dichters — denn ohne sie entsteht schließlich kei
1036 3219 1990 3268 solches Buch — allmählich auch ein nicht unbeträcft¬
1029 3244 1995 3307 licher Zweifel an der Erstrangigkeit von Schnigkers
1034 3298 1998 3348 Schöpferkraft erwächst und die das abschlichende
1029 3315 2000 3389 Werkurteil aus der Erkenntnis der Schwächen
1028 3363 2002 3423 Schnitzlers kein Hehl macht. Denn eben die Leson¬
1023 3418 1990 3459 derheiten, die dem Ausdeuter eine solche nur vom
1030 3449 1993 3498 Motiv ausgehende Betrachtungsart ermöglichen, sind?
1025 3489 1995 3535 sein Zeugnis gegen den Dichter, dessen Höchstes noch
1023 3517 1993 3587 in eine kühle Grazie gebannt bleibt. Der Philister¬
1025 3559 1998 3621 Aufruhr gegen den „Reigen“ widerlegt nicht die Tat¬
1024 3598 2001 3658 sache, daß keiner von Schnitzlers Menschen und keines
1028 3627 2001 3697 seiner Prohleme, wenigstens in der Art, wie er sie
1020 3695 1995 3739 behandelt, zur Liebe dem zum Haß entflammen kann
1029 3736 1996 3780 Schnitzlers Figuren ####en sich ohne Leidenschaft aus,
1021 3767 1997 3815 wohlgefällig in ihre selonfähigen Dialoge eingespon¬
1032 3800 2006 3851 inen. Es ist nicht das e ringste Verdienst von Körners
1028 3836 2000 3897 kenntnisreicher und seinsinniger Schrift, daß sie
1873 3886 1953 3930 st.
1033 3888 1615 3946 diesen Tatbestand nicht verhüllt.
1064 3951 1993 4019 Im Verlage Wila, Wien, erscheint soeben eine kleine
1787 4009 1991 4059 Wioder¬
1037 4012 1714 4062 Sammlung von Miniaturbüchern:
1036 4041 1993 4105 gabe“ — Wiener Gegenwart und ihr Besitz, her¬
1216 4105 1306 4145 ——„
1449 4105 2025 4164 r
