3392 4352
1074 368 1538 450 box 39/3
235 380 323 443 6 (
233 388 1050 481 Lotn Birthday
3077 1917 3325 1971 klugen Wieh
2122 1907 3078 1978 ständlich, daß dieser Poet gerade in der Dar¬
947 1936 2108 2012 gleichgül.ig ist, für was er sich begeistert, und
3079 1954 3304 2008 Oronaro ##
2129 1963 3077 2021 stellung des Todes die feinste Hand zeigt.
1151 1970 2119 2023 der, wenn ich nicht irre, auch der Schöpfer des
311 1967 1163 2061 A Arthur Schnitzler. 1####
3070 1986 3326 2046 lichkeit nich
2123 1994 3075 2052 Immer wird man sich an der Feinheit seiner
1159 2005 2115 2067 unglückseligen Modewortes „Expressio¬
3079 2025 3323 2086 stellung vo
2124 2022 3080 2089 Gedanken, an der Stimmungsmal rei, an der
187 2034 1154 2098 Zu seinem 69. Geburtstag am 15. Mal.
1164 2043 2123 2102 nismus“ ist, steht uns und der jungen
3067 2060 3330 2128 ob die klei
2121 2067 3081 2123 Seelenanalyse und an seiner virtnosen Fähig¬
1153 2085 2117 2136 Generation wenigstens in dem näher, was sie
292 2087 1166 2145 Akthur Schnitzlers Anfänge fallen un¬
3068 2106 3301 2162 scheidende
2121 2110 3085 2166 keit erfreuen, den Dialog zu führen, aus heite¬
1156 2114 2123 2182 will. Es ist hier ja schon oft dargelegt wor¬
193 2138 1161 2190 gefähr zusammen mit den Anfängen Gerhart
3080 2146 3302 2204 doch nicht
2129 2133 3074 2200 rer Nachdenklichkeit heraus die Tragik zu strei¬
1157 2160 2117 2222 den, daß zwischen Kunst=Willen und Kunstver¬
207 2167 1155 2216 Hauptmanns, dessen 60. Geburtstag evenfalls
3078 2176 3307 2237 sich von ih
2130 2190 3074 2243 fen, um dann mit einem wehmütig lächelnden
1157 2199 2113 2253 mögen bei unseren Jüngsten ein Abgrund
202 2207 1154 2261 in dieses Jahr fällt. Schnitzlers literarisches
3069 2215 3317 2277 die Wahrh
2128 2221 3073 2283 Fragezeichen zu schließen, hinter dem eine ganz
1161 2241 2109 2300 klajt, daß ihr Programm sehr viel größer ist
209 2248 1172 2300 Schaffen setzt also ein, als man, d. h. das kri¬
3076 2261 3328 2313 es nur gas
2228 2251 3083 2313 gar nicht künstlerische Sentimentalität
2124 2265 2239 2323 und
1630 2270 2119 2338 Aber sie wollen
1164 2281 1659 2331 als dessen Erfüllung.
208 2287 1156 2339 tische junge Deutschland der neunziger Jahre,
3073 2288 3309 2353 nur wenig
2120 2301 3080 2357 lauert. Schnitzler macht Konversatlon — sogar
1168 2323 1319 2375 etwas
1350 2323 2116 2386 und Schnitzler will — ganz bewußt
210 2313 1158 2370 im Naluralismus eine neue hoffnungsvolle
3075 2331 3278 2397 matiker
2121 2344 3069 2399 in seinen historischen Dramen. Daher ist seine
1236 2340 1461 2412 nichts.
199 2352 1174 2414 Periode deutscher Dichtung begrüßte. Doch ge¬
3076 2375 3267 2428 sein une
2133 2394 2977 2448 Sprache auch ohne Eigenwuchs und Glanz.
1238 2374 2109 2439 Schnitzler ist der frühgereifte zarte und
210 2387 1162 2447 rade eine Gekalt wie die Schnitzleis zeigt uns,
3087 2413 3263 2470 unerträg
2210 2405 3085 2483 „Ich fühle, wie viel mir verloren ginge,
1168 2418 2116 2480 traurige, wie der ihm in vielem verwandte
200 2438 1172 2496 wie weng auf literarische Schlagworte zu geben
3077 2457 3250 2511 Zeit er
2122 2452 3086 2524 wenn ich mich eines Tages stark fände, sagt
1163 2471 2123 2529 dritte Wiener, Hugo von Hofmannsthal. ihn
197 2465 1165 2525 ist. Daß es nicht auf die Befolgung kritischer
3080 2490 3226 2551 gerade
2119 2495 3083 2559 Anatol der Held seines ersten Buches einer
1164 2507 2116 2560 genannt hat. Bei Schnitzler wächst das Drama
199 2514 1155 2563 Grundsätze ankommt, sondern auf das künstleri¬
3078 2534 3220 2582 zustell
2955 2520 3095 2590 wir
2119 2533 2970 2589 Sammlung von amüsanten Dialogen, die
1163 2554 2123 2605 nicht aus der kämpferischen Ei stellung der Men¬
197 2556 1160 2618 sche Gestaltungsvermögen. Wie häusig ist es in
3086 2572 3207 2622 Schni
2124 2562 3087 2636 vor einiger Zeit auch im „Schauspielhaus“ sahen.
1176 2581 2120 2640 schen hervor, nicht aus seelischer Tragik, son¬
202 2583 1157 2637 der Geschichte unserer Literatur geschehen, daß
3065 2601 3196 2663 Dem
2130 2610 3090 2676 Das ist ein Selbsthekenntnis des Dichters, und
1159 2627 2115 2674 dern aus der Stimmung, aus der müden, wei¬
202 2624 1173 2680 Werke, und vornelmlich Bühnen werke, Er¬
3076 2647 3206 2698 seiner
2133 2648 3077 2706 im Grunde sind alle seine männlichen Gestalten:
1157 2650 2128 2721 chen, melancholischen, überreifen Stimmung des
204 2652 1164 2725 folg hatten, weil sie den kritischen Forderungen
3084 2678 3180 2736 Nov
2122 2679 3086 2746 Anatol. Im Zeitalier der Empfindsamkeit, aus
1157 2692 2117 2760 ka#serlichen Wien. Insofern könnte mai Sch itz'er
205 2694 1169 2771 richtungseben er Aesthetiker entsprachen und Miß¬
3087 2731 3184 2786 die
2124 2724 3087 2788 dem der junge Gocthe hervorgewachsen ist, gab
1169 2740 2120 2791 vielleicht einen Naturaiisten nennen, als er,
202 2751 1154 2803 erfolg, weil sie ihnen widersprachen. Wie bald
3076 2767 3177 2816 „An
2132 2761 3100 2819 es keinen größeren Vorwurf für den Schaffen¬
1164 2769 2123 2834 weit ab von dem Wunsche, die Menschheit zu
203 2781 1162 2835 hat dann die svötere Mi welt oder die Nach¬
3083 2805 3188 2859 Weg
2127 2784 3079 2856 den, als wenn man ihn einen Virtuosen nannte.
1166 2820 2126 2870 bessern nid zu erwecken, nur objektiv, sein will,
205 2818 1161 2878 welt das Urteil korrigiert und oft sorar in das
3083 2844 3181 2892 Leb
2121 2830 3100 2911 Virtposentum war gleichbedeutend mit Fran¬
1160 2853 2124 2902 registrierend, nicht Tatsachen, sondern Stimmun¬
192 2853 1163 2917 Gegen'eil verkehrt. Schnitzler ist vom Naturalis¬
3081 2879 3181 2932 er si
2128 2873 3084 2939 zosentum, und das wollte man abschütteln.
1169 2896 2117 2955 gen. Ihm kommt es an auf die Darstellung
201 2896 1160 2958 mus eirentlich ganz frei gebliehen. Er hat ge¬
3079 2907 3203 2970 zucken
2123 2921 3090 2976 Schnlhler ist solch ein Virtnose desen Können
1165 2920 2125 2993 seinster Sümmungen, auf das Einfangen fast
206 2930 1166 2993 wiß, wie alle Dichter der damaligen Zeit. Ibsen
3072 2956 3206 3007 mäd
2122 2949 3085 3023 man nicht unterschätzen soll. im Gegenteil! et¬
1160 2949 2128 3015 nicht wahrnehmbarer Nuancen. Mit resionier¬
209 2966 1168 3037 seinen Tribut gezollt. Aber er ist, vielleicht
3079 2990 3210 3044 frage
2122 2992 3097 3054 was davon möchte man unsern stammelnden
1177 3018 2121 3061 tem. fer steplischem Lächeln siht Scheitzler d'm
203 3009 1171 3067 mehr als irgend ein anderer der Epoche selb¬
3070 3026 3215 3091 sagen
2133 3036 3081 3094 Stirmern von Herzen gönnen, aber auch ihm,
1171 3046 2131 3113 Treiben seiner „Helden“ zu, den ebenso stepti¬
198 3047 1161 3117 ständige Persönlichkeit, eben Artbur Schuitler
3082 3065 3284 3130 und selbst
2119 3066 3090 3142 dem heute Sechziajährtgen etwas von ihrer Be¬
1174 3079 2126 3142 schen, ebenso müden, ebenso ironischen, ebenso
203 3080 1178 3150 geblieben. Steht er daher uns, die wir den
3082 3094 3291 3163 Werk wi
2133 3109 3089 3178 geisterungsfäbigkeit, von ihrer Hingabe an die
1161 3116 2129 3192 eleganten und gebildeten Veriretern der Wiener
200 3134 1163 3181 Nauraliimus glöcklich überwunden haben, in
3081 3144 3329 3209 das relioiö
2123 3144 3091 3206 Idee des Menschen und des Menschentums, von
1173 3151 2129 3220 „goldenen Jugend“, diesen Lebemännern ohne
206 3170 1170 3241 demselben Mabe nabe wie dessen Worlführer
3111 3183 3286 3238 zu sehr
2133 3188 3089 3244 ihrer Bereitwilligkeit, sich seelisch zu verschwen¬
1174 3186 2133 3256 Leidenschaft und voll koketter Schwermet.
268 3197 672 3271 pielleicht — fer“?
3079 3215 3340 3288 Kunstwerk
2122 3230 3086 3285 den, und von ihrer Sehnsucht, diese angeblich
1175 3229 2134 3295 Schnitler hat den „Auf des Lehens“ in Wahr¬
293 3235 1171 3305 Diese Fra#e ist nur bedingt zu bejahen.
3161 3254 3332 3315 So kon
2121 3252 3092 3334 beste aller Welten zu einem Glarten des Friedens
1168 3264 2120 3333 heit nur selten vernommen, es ist ihm nur ein
197 3264 1168 3349 Einer, der viel mit Schritzler zusammen ge¬
3080 3297 3340 3362 leicht D an
2127 3308 3091 3365 umzuschaffen. Dennoch: etwas von der Empfind¬
1171 3311 2130 3373 „Zwischensviel“ das die Zeit von der Geburt
204 3319 1164 3390 nennt wird, Lerm##nn Mahr, der ewig
199 3368 3333 3410 Wechselvolle, der Enthusiast, dem es ziemlich 1 bis zum Sterben ausfüllt. Es ist fast selbsiver=I samkeit des 18. Jahrhunderts steckt auch in dem I hat. Die 9
