3344 4480
1035 271 1130 356 1
582 393 1249 532 Getsen-Zeitung
908 499 1210 589 Stertin
784 687 1250 822 14MAIE
318 1045 1428 1121 Ei eme Gabe des latenten großen deutschen Wesels.
790 1109 1500 1189 Hugo von Hofmannsthal.
654 1236 1193 1319 Arthur Schnitzler.
570 1304 1303 1379 Zu seinem 60. Geburtstag, 15. Mai.
388 1362 1531 1436 Arthur Schnitzler wird 60. Der Dichter der müden, überreifen
317 1418 1540 1478 Jugend, der so früh die Tragik des Alterns, den „einsamen Weg“ ins
316 1465 1543 1516 Leere, ins Nichts geschildert, hat all die Empfindungen und Erleb¬
322 1491 1542 1548 nisse des absinsenden Lebens vorweggenommen, so daß er uns heut
322 1548 1538 1595 im grauen Haar nicht viel älter erscheint als in fernen blühenden
323 1572 1547 1628 Tagen. Schnitzlers letzte Werke hatten etwas Zeitloses. Unpersön¬
323 1611 1545 1676 liches. Der unbestrittene Führer der „Wiener Schule“ dieser Klassiker
317 1642 1543 1700 des Impressionismus si ht heute, in den Tagen des „sterbenden Wien,
320 1692 1537 1748 des sieghaften Expressionismus, fremd in einer ihm fremden Welt.
319 1747 1539 1794 Er spielt noch die alten Melodien, die melancholischen Klänge eines
315 1795 1549 1815 raschen Lebensgenusses, einer bitteren Seligkeit, aber sie tönen etwas
318 1806 1543 1867 leer, leise, wie fernverweht. Schnitzler ist an seinem 60. Geburtstag
324 1854 1538 1910 schon historisch geworden und als den Vertreter einer abgeschlossenen
325 1897 1552 1957 Epoche, als den Meister eines vollendeten Stils dürfen wir ihn
309 1935 534 1998 würdigen.
406 1959 1542 2022 Der bezeichnende Künstler der „Wiener Schule“ schlechthin ist
323 2008 1551 2072 Schnitzler, nicht etwa Hofmannsthal, der viel internationaler ist und
329 2047 1541 2097 mit seinem fabelhaften Formtalent die verschiedenartigsten Stile neu
768 2096 801 2127 ch
322 2100 1554 2146 zu beleben weiß. In Schnitzler findet uralte Wiener Tradition ihre
321 2121 1545 2169 letzte Verfeinerung, ihren vollen Ausklang. Viel mehr als das Vor¬
324 2168 1543 2223 bild der Franzosen, wie Donnay und Lavedan, oder Ibsens, sollte man
322 2203 1558 2253 diese heimischen Einflüsse betonen. Sein Hauptmotiv, die schaurig¬
329 2245 1550 2290 schöne Verschwisterung von Liebesgenuß und Todesnähe, ist der eigent¬
338 2280 1563 2336 liche Stimmungsfaktor des Barock, das nicht nur in der Kunst Fischer
337 2328 1565 2378 von Erlachs, sondern auch im österreichischen Jesuitendrama ein Höhe
332 2362 1556 2412 erreichte, und die stets wiederkehrende Situation bei Schnitzler der
334 2400 1553 2449 Rausch der Liebe im Angesicht des Todes, ist nur ein müder Nachhall
328 2452 1564 2491 jener starken Barock=Kontraste, die hier zu einer schmeisich stillen
336 2479 1558 2539 Harmonie verschmelzen. Aber nicht nur dies eine Motiv, sondern seine
325 2514 1561 2562 ganze Lebenshaltung ist typisch österreichlsch. Es ist jenes Gehenlassen,
331 2577 1563 2608 das im Postlied des „Lieben Augustin“ erklinat= 's ist mir alles
324 2589 1570 2643 eins“, es ist das Genießen des Augenblicks, das nicht nach dem Morgen
334 2641 1553 2693 fragt, wie es schon Abraham a Santa Clara an seinen Wienern tadelte.
325 2672 1569 2731 Schnitzler ist ein geradezu fanatischer Versechter des Glaubens, daß
336 2707 1561 2767 der Mensch nichts tun kann gegen sein Schicksal, daß er unfrei ist, eine
330 2754 1568 2799 Puppe in der Hand eines unsichtbaren Drahtziehers. Es ist dies
334 2784 1569 2856 kustig=traurige Puppenspiel des Lebens, das die Wiener Volksstücke
334 2851 1564 2891 mit unbewußter Ironie darstellten, das bei ihm aber mit einem skep¬
331 2874 1567 2924 tischen Künstlertum geschildert wird. Das Schicksal spielt mit uns,
337 2914 1566 2959 wir spielen unser Leben: „Es fließen ineinander Traum und Wachen,
326 2950 1554 2999 Wahrheit und Lüge. Sicherheit ist nirgends. Wir wissen nichts von
331 2985 1547 3056 andern, nichts von uns! Wir spielen alle, wer es waiß, ist klug,
335 3035 1146 3100 heißt es in seinem tiefsinnigen „Paracelsus“
410 3078 1569 3121 Aus seinem Wienertum heraus wurde der Dichter zu dem be¬
338 3105 1574 3164 zeichnendsten Vertreter des Impressionismus. Da er nur die Emp¬
322 3135 1568 3200 ffindung des Augenblicks anerkennt, sich allein an den flüchtigen Ab¬
340 3171 1576 3247 Frlanz des Lebens, an den Mummenschanz verbuschender Schatten lam¬
339 3220 1563 3278 nert, so wußte er in das Momentane den stärksten Inbalt zu legen.
340 3265 1568 3313 Seine beiden ersten bedeutenderen Arbeiten, der Einakterzyklus
347 3298 1562 3354 „Anatol“ und die Novelle „Sterben“, drängen bereits in einzelne
343 3343 1565 3391 Augenblicke ganze Welten des Erlebens. Das impressionistische Drama
346 3376 1565 3427 hat kein höheres Kunstwerk aufzuweisen als Schnitzlers „Einsamen
335 3413 1563 3474 Wea“ in dem man wohl auch sein bestes Werk sehen darf. Hier entfal¬
343 3457 1566 3521 tet sich eine Kunst der Halbtöne, der feinen Valeurs; eine silbergraue,
335 3489 1568 3548 von schweren Farben matt durchleuchtete Herbststimmung ist über das
340 3532 1573 3582 Ganze gebreitet, und die Tragik des Alters, die hier angeschlagen wird
342 3571 1571 3626 und bei Schnitzler immer wiederkehrt, ist die eigentliche Tragik des
340 3605 1574 3682 impressionistischen Menschen, der stets die Stunde genossen hat und
339 3652 1575 3703 sich nun einsam sicht mit den Schemen seiner Erinnerung. Die Wir¬
339 3684 1578 3747 rungen und Wandlungen der Seele, die „ein weites Land“ ist, be¬
345 3728 999 3790 schäftigen Schnitzler ja hauptsächlich.
423 3774 1579 3826 Man hat Schnitzler oft vorgeworfen, daß seine Welt und seine
347 3808 1579 3853 Stoffe zu eng begrenzt seien. Tatsächlich sind es nur ganz wenige
342 3845 1570 3914 Motive, Fieuren und Situationen, die sich bei ihm in seinen Vari¬
339 3879 1579 3938 ationen stets wiederholen. Da ist die Stellung des Mannes zwischen
345 3921 1576 3993 zwei Frauen, dem süßen Madel“ und der verheirateten Dame, da
354 3957 1579 4017 ist das „dreieckige“ Verhältnis in der Ehe, da sind die beiden Freunde,
343 4011 1577 4065 die beiden Gegner, da ist der Liebe kurze Seligkeit und lange Qual,
1557 995 2770 1053 ist die Hoffnung auf das Kind und das Grauen vor dem Alter, ist
1560 1042 2780 1100 Duell und Tod. Schnitzler schlägt diese Leitmotive schon in seinen
1555 1066 2770 1130 ersten Dichtungen an, hat sie in „Anatol“ und „Liebelei“ reich und
1555 1108 2776 1169 dichterisch entwickelt. Die Tendenzdramen, die folgen, widmen sich der
1552 1156 2770 1204 Gesellschaftskritik und finden ihre höher stehende Fortsetzung in Weren
1566 1199 2769 1251 wie „Zwischenspiel“ und „Das weite Land“, die der modernen Gesell¬
1557 1229 2767 1296 schaft wirklich einen Sittenspiegel vorhalten. Hier erliegt der Dichter,
1561 1273 2771 1331 dessen passive Skepsis der dramatischen Spannkraft entbehrt, bisweilen
1561 1305 2779 1366 dem Streben nach rein theatralischer Wirkung, die ihm am besten im
1561 1348 2785 1412 „Grünen Kakadu“ gelungen ist. Auch seine neuesten Berufsstücke, das
1566 1396 2775 1450 vielgespielte Aerztedrama „Professor Bernhardi“ und die mißlungene
1556 1424 2783 1468 Journalistenkomödie „Fink und Fliederbusch“ sind reine Theaterstücke.
1570 1466 2780 1528 Größere Aufaaben stellte er sich in den Werken „Der Schleier der
1557 1501 2767 1555 Beatrice“ und „Der junge Medardus“ die zur „großen Tragödie“
1570 1543 2784 1603 hinstreben. Aber weder die Historie noch die dramatische Architek¬
1565 1595 2789 1643 tonik sind seine starke Seite. So wundervolle Szenen besonders der
1576 1612 2790 1683 „Schleier der Beatrice“ enthält, es sind doch nur Einzelheiten, und
1574 1668 2784 1721 überhaupt leistet er sein Höchstes in kleinen Werken, in manchen Ein¬
1571 1703 2788 1759 aktern, in einzelnen Akten, in subtilen Details, wie sie noch zuletzt
1567 1735 2792 1804 das Casanova=Drama mit seiner prächtigen Rokoko=Ornamentik enthält.
1652 1779 2792 1836 Schnitzler ist ein Meister des Dialogs der fein geschliffenen
1561 1816 2788 1880 Pointe: er braucht jemanden. der ihm „die Stichworte bringt“, aber
1577 1857 2787 1922 seine Charakteristik ist zu subtil und episch, so daß seine Dramen leicht
1579 1891 2798 1956 etwas Novellistisches bekommen. Als Novellist hat er von seinen
1574 1935 2798 1998 Jugendsachen „Sterben“ und „Leutnant Gustl“ an viel Feines ge¬
1582 1976 2798 2036 schaffen; sein epischer Atem ist aber kurz und reicht nicht zum Roman.
1578 2012 2818 2079 Trotzdem ist sein einziger Roman „Der Weg ins Freie“ vielleicht sein
1565 2054 2443 2119 bedeutendstes, jedenfalls sein persönlichstes Werk.
