3344 4480
1118 244 1579 349 box 39/3
243 259 1005 364 6oth Birthdar
228 950 337 1015 4C0
539 946 666 1022 AnD
1410 939 1912 1029 Boston, 4. April 1922.
2026 965 2506 1045 Mit den desten Wun,
199 985 791 1088 Polen mit seiner gleichfalls
855 991 3110 1107 Nunmehr, da der Oesterreich betreffende Gesetzes=] einsetzung Ihrer Heimat in ihre alte Stellung bin ich Ihr
191 1043 2352 1108 in Frankreichs Schachbrett; vorschlag vom Senat und vom Repräsentantenhaus der Ver= aufrichtig ergebener
2596 1067 3065 1145 Edward Filene.
155 1147 1928 1234 aß, wie schon die gleiche Zahl herrnsohn, der, in der Innern Stadt zuständig, jenseits der
1930 1172 3093 1239 beinahe etwas verlogen. Schnitzler wollte sich in ihr
171 1204 770 1256 drei — auf den beiden von
774 1205 1924 1281 Linienwälle des älteren Wien auf leichte Eroberungen aus¬
1936 1220 3097 1295 sichtlich zum Naturalismus zwingen, während es doch gerade
151 1239 761 1319 En bescheinigt, der Epiker und
769 1260 1926 1325 geht, ist, zumindest in der kultivierten Form, in der ihn
1942 1264 3110 1314 seine Mission war, mit anderen gleichgerichteten jungen
223 1296 774 1354 seiner Reife einander die
766 1309 1926 1365 Schnitzler auf die Nachwelt brachte, eine ebenso frei erfundene
1932 1311 3107 1390 Dichtern als ein Verteidiger unserer Ostmark die drohende
151 1321 768 1400 achtung dieser doppelten Reihe
762 1345 1937 1415 dichterische Gestalt, wie Christine, diese kleine, wienerische
1931 1357 3103 1428 Verhunnung durch den Naturalismus in jenen gefährlichen
167 1387 765 1434 etwas abfallenden dramati¬
763 1393 1924 1467 Butterfly. Aber spricht diese Erfundenheit seiner Jugend¬
1920 1412 3102 1471 neunziger Jahren vom deutschen Theater, von der deutschen
170 1423 771 1500 jüngsten Dezenniums („Pro¬
773 1426 1923 1503 gestalten gegen Schnitzler oder nicht vielmehr für ihn? Was
1923 1439 2370 1520 Novelle abzuwehren.
156 1474 766 1540 bunkt der onsteigenden epischen
770 1488 1926 1548 liegt daran, ob Anatol und Christine gelebt haben, da sie
2013 1491 3108 1591 Es ist dies eine Leistung, die der junge Schnitzler in
154 1519 761 1578 as Heimkehr"). Interessant
764 1512 1921 1605 doch leben? Hat Werther gelebt, hat Manon Lescaut gelebt?
1934 1528 3098 1622 Gemeinschaft mit den anderen jungen Häuptern und
162 1559 772 1628 breite Raum, den die Figur
771 1565 1928 1647 Gewiß nicht in der Form, in der sie noch heute ein Leben
1929 1591 3096 1668 Geistern der Wiener Schule von 1890 vollbrachte. Sie alle
158 1611 768 1672 letzten Jahrzehntes einnimmt.
771 1628 1931 1693 von Geistes, nicht von der Wirklichkeit Gnaden führen. Und
1922 1633 3100 1717 ließen, jeder nach seiner Art, die „Wiener Note“ erklingen,
157 1644 770 1723 kehrt als Hauptfigur in zwei
758 1670 1926 1730 ist es mit den ganz großen Gestalten der Weltliteratur etwa
1922 1685 3108 1740 was, wissenschaftlich ausgedrückt, nichts anderes heißen
151 1689 764 1777 en wieder, außer demjenigen,
768 1716 1928 1782 anders? Hat es einen Falstaff, einen Don Quichotte, einen
1929 1735 3101 1806 wollte, als daß sie die Tainesche Milieutheorie und überhaupt
164 1747 770 1826 Stirn trägt, auch in den
762 1757 1919 1828 Achill jemals gegeben? Und wenn es sie gab, so war der
1926 1778 3108 1856 die naturwissenschaftliche Methode, die damals auch in der
156 1797 712 1866 haftlicher Liebhaber er ist;
771 1808 1928 1880 eine wahrscheinlich ein elender Wirtshausbruder, der andere
1920 1823 3110 1899 Literatur Trumpf war, auf die Dichtkunst übertrugen. Am
159 1841 766 1911 urch ein drittes, die „Große
762 1857 1922 1929 ein armseliger Narr, der dritte ein gewöhnlicher Raufbold,
1920 1865 3099 1949 fühlbarsten machte sich dies auf dem Gebiete des Theaters,
169 1871 772 1955 Worte“, deren Held, der
761 1899 1922 1965 bevor sie ihr Dichter in die Hand nahm und ins Ewige
1917 1917 3099 2001 auf welchem das Epigonentum der achtziger Jahre und ein
173 1914 765 1995 Art Casanova ist; zumindest
769 1943 1923 2014 stilisierte. Ius Ewige hat Schnitzler seinen „Fünfgulden¬
1918 1972 3111 2030 in Wien von jeher grassierender Auslandsfnobismus eine
162 1962 764 2053 ien Nebenbuhler trotz einem
765 1989 1929 2070 Viveur“, wie eine boshafte Zunge den Anatol vor fünfund¬
1926 2005 3098 2081 völlige Verwischung der Formen herbeigeführt hatten. Das
149 2020 762 2080 ifelhafte Bevorzugung eines
763 2036 1931 2112 zwanzig Jahren nannte, nun freilich nicht stilisiert, nicht
1916 2047 3099 2125 Burgtheuterstück war damals entweder eine Jambentragödie
163 2070 758 2135 aften Liebeshelden hat sicher
759 2080 1916 2146 einmal noch im Casanova. Aber, wie es in der „Liebelei“
1928 2097 3104 2172 oder ein französisches Problemstück. Daß es auch in Oester¬
162 2105 761 2192 igen, der den Anfang und vor¬
767 2132 1928 2214 heißt: „Es gibt Augenblicke, die einen Duft von Ewigkeit
1922 2153 3100 2226 reich, ja sogar in Wien, Probleme gab, wollten die Gebil¬
166 2158 761 2228 tzlers bisheriger Laufbahn
756 2176 1931 2252 um sich sprühen.“ Solche Augenblicke gibt es sicherlich, und
1925 2188 3107 2275 deten nicht wahrhaben; höchstens in der Dialektsphäre, mo
166 2205 754 2274 eiteres klar, was. Casanova,
759 2220 1931 2291 die „Liebelei“ selbst, die, unverwelklich, wie ein immer
1925 2238 3107 2323 die Mundart das Pathos der Distanz vergrößerte, gab man
157 2240 763 2321 er auf verschiedenen Lebens¬
764 2272 1921 2330 frischer Fliederstrauß inmitten von Artur Schnitzlers bücher¬
1929 2285 3100 2358 solche zu. Man schätzte Anzengruber, zumal seitdem er tot
159 2276 755 2377 Verhüllungen sieht, ist nichts
762 2314 1929 2396 reichem Arbeitszimmer aufduftet, mag einem solchen zauber¬
1916 2332 3095 2403 war, aber man betrachtete sein Oesterreichertum doch mehr
156 2340 475 2410 isierte Anatol.
764 2361 1933 2432 haften Augenblick ihre geistige Entstehung verdanken. Die
1923 2378 3106 2453 als eine Vorstadtangelegenheit. Da trat Artur Schnitzler
167 2375 759 2466 bt uns in Schnitzlers Jugend
760 2420 1924 2491 „Liebelei“ bildet die bewußte Fortiettung des Weges, den
1928 2429 3103 2486 auf und schrieb Burgtheaterstücke, die unter Gebildeten
155 2428 762 2507 inem letzten Werke noch hör¬
759 2449 1916 2519 Schnitzler mit dem Anatol noch halb ahnungslos, einschlug,
1927 2468 3105 2535 spielten und trotzdem auf dem Wiener Boden vor sich gingen:
171 2477 759 2559 dieses leichtsinnigen Melan¬
761 2502 1922 2565 während die dazwischen liegende feine Erzählung „Sterben“
1925 2513 3089 2598 die gesellschaftliche Probleme in freier und natürlicher Form.
151 2525 764 2590 bst, sein Wesen stilisierend,
753 2537 1918 2616 künstlerisch eher einen Abweg bedeutet. Man kann sagen,
1922 2562 3105 2639 ohne Aktschlußtiraden und advokatorische Plaidoyers, dabei
161 2581 760 2646 rs dichterisches Heim, das sich
755 2586 1930 2667 daß der Dichter auf seinem nachdenklichen Spaziergang, der
1916 2608 3098 2677 aber doch in geistig anziehender Form und auf eine thea¬
155 2608 757 2684 hieten Junggesellenwohnung
753 2630 1932 2711 ihn aus der bourgevisen Umwelt der Innern Stadt immer
1917 2649 3092 2741 tralisch fesselnde Weise behandelten: mit einem Worte, die
148 2664 758 2740 nd gelegene Cottagevilla er¬
764 2690 1931 2764 weiter in eine Garten= und ausblickreiche Umgebung hinaus¬
1924 2704 3099 2775 die Franzosen ersetzten, und zwar die allerbesten Franzosen.
153 2710 764 2784 kreits ein wenig stilisiert, wenn
764 2738 1932 2804 führte, in dieser Novelle, an der der Arzt fast mehr Anteil hat
1927 2750 3095 2809 Das war Artur Schnitzlers Tat, und es war eine, bei der
169 2765 753 2830 Große und Vergangene, eher
755 2774 1931 2853 als der Dichter, vorübergehend ins Allgemeine Kranken¬
1916 2777 3099 2866 er nicht mehr gemeinschaftlich mit den anderen in breiter
158 2797 753 2878 egenwärtige. Mit Recht zwar
763 2825 1920 2894 haus des Naturalismus eintrat, doch nur, um zu erkennen,
1925 2841 3108 2921 Front vorging, sondern allein, auf eigene Faust, als
165 2857 764 2923 vorgeworfen, daß sie, ebenso
762 2864 1922 2947 daß er dort nichts zu suchen hatte. „Sterben“ ist ja ungleich
1927 2894 3095 2962 Eclaireur des neuen deutschen Theaters, dem auf dem von
172 2895 760 2976 m so sichtlich bevorzugte Vor¬
764 2921 1924 2990 wahrer, ungleich „naturalistischer“ als die aus Dichter¬
1916 2931 3102 3012 ihm eroberten Gebiet des Gesellschaftsstückes die anderen
164 2940 767 3019 hen Wiener Typus verewigte,
751 2958 1937 3040 schäumen aufgebaute Anatol=Welt, und wahrscheinlich wirkt
1916 2983 3091 3041 erst in einem gewissen Abstande nachfolgten. Dabei darf
177 3002 3114 3063 nicht gab. Der Wiener Haus= die Erzählung eben darum heute um so viel gekünstelter und man fralich mit dem Begriffe „Gesellschaftsdichter“ nicht
