3344 4352
1087 381 1542 465 box 39/3
206 364 961 490 60th Birthday
1698 1407 2892 1478 men, die Dir nicht geglückt sind. Es trisit — entschuldige bitte, zu.
1701 1444 2896 1513 Es ist wirklich nicht eines der besten. Aber trotzdem: es ist uns so
462 1439 1678 1565 Gratulationsbrief an Arthur Schnitzler
1697 1476 2901 1555 bekannt — vielleicht darum, weil die ungeratenen Kinder einem die
1699 1521 2904 1591 liebsten sind, trägt man doch um sie die größten Schmerzen. Ich
642 1528 1493 1597 (Zu seinem sechzigsten Geburtstag, 15. Mai.)
1704 1548 2901 1637 weiß nicht, ob Du Dich heute einfach fühlst; ich wünschte, es wäre
800 1574 1331 1644 Von Dr. Jo Lherman.
2422 1592 2901 1654 aber es mag wohl sein,
1702 1611 2393 1669 nicht so. Es ist viel Liebe um Dich
520 1603 1674 1680 Stefan Großmann ist einer der letzten gewesen, der in seinem
1704 1624 2912 1708 daß das nicht genug ist. Liebe muß nicht bloß sein, Liebe muß auch
481 1653 1684 1734 „Tahemnh“ einige Worte über Dich niederschrieb. Stefan Groß¬
1695 1700 2014 1766 Genuß werden.,
624 1683 1684 1770 st, wie Du, aus Wien. Auch ich bin aus Wien, wie Du
477 1727 546 1773 in
1778 1708 2910 1782 Da sind die Novellen vom Sterben — des Schaffens reifste
474 1722 1680 1801 wohl weißt; erlaube mir darum, zu dem Strauß Anreden, den man
1710 1745 2909 1825 Frucht. In ihnen ist unser aller Art, die in Heiterkei und Froh¬
551 1764 1677 1845 f in Form von Feuilletons überbringen wird, auch eine Blüte
462 1795 514 1853 7
1703 1780 2911 1860 sinn in Liebe und Leid immer weiß, daß wir sterblich sind, daß wir
472 1837 735 1903 beizutragen.
1701 1820 2908 1900 bereit sein müssen, einmal den Sprung ins Dunkel zu tun. Du, der
548 1833 1684 1928 Es ist ein Dutzend Jahre her — ich war ein blutjunger
1706 1864 2917 1941 Dichter, weiß, daß diese beiden des Dichtens wert sind: Liebe und
469 1882 1680 1968 Student — da lernie ich Dich kennen: Dich, das heißt Deine Bü¬
1705 1935 1815 1999 Tod.
474 1909 1689 2014 cher und Dramen. Damals tand Dein Stern im Zenith; da¬
1775 1919 2917 2011 Der „Weg ins Freie“: Der einzige Roman, den Du geschaffen.
474 1947 1692 2040 mals ging die „Liebelei“ über die Bretter — und „Der junge Me¬
1709 1982 2915 2057 Auseinandersetzung mit der Art: Oesterreich — Deutschtum —
471 1991 1677 2071 dardus“ — und „Das weite Land“. Wie tief ging mein Atem,
1715 2026 2918 2094 jüdische Abstammung. Du fandest den Weg ins Freie: Dich be¬
474 2033 1690 2119 wenn ich auf der vierten Glerie des Theaters aller deutschen
1712 2055 2920 2131 kennend, wohin zu bekennen es Dich zwang, ließest Du nichts an
480 2064 1693 2161 Theater, unseres Burgtheatees, am mühsam erkämpften Platz
1714 2084 2912 2172 Dich heran, was nicht heran durfte und wurdest immer mehr: Dich¬
475 2124 1683 2188 stand, von Dir in das weite Land geführt, von Dir, dem Dichte:
1717 2128 2916 2206 ter. Denn Dichter ist man nicht, Dichter wird man, wie man
478 2151 1691 2230 Wiens. Denn in allen Deinen Büchern ist Wien, unser Wien. Du
1714 2169 2688 2255 Mensch wird, — wie alles Geschehen ein Werden ist.
477 2195 1494 2282 bist noch Wiens Dichter, und dieses unser Wien ist noch.
1791 2197 2932 2298 „Professor Bernhardi“: Wir Wiener in München sind sehr!
557 2216 1689 2295 Ich bin seit langem von Wien fort. Und ich lese alle Wiener
1707 2241 2917 2340 siolz auf diese Stadt, weil sie ihm den Weg bahnte, als die
479 2259 1700 2353 Zeitungen, deren ich habhaft werden kann. So las ich auch davon,
1710 2293 2930 2370 österreichische Zensur ihn verschloß — es soll München nicht ver¬
472 2287 1699 2385 doß kürzlich bei der Aufführung von Mirabeaus „Geschäft ist Ge¬
1714 2326 2927 2401 gessen werden „Flink und Fliedenbusch“: Warteten wir nicht schon
491 2342 1686 2426 schäft“ im Burgtheater an der Stelle an der ein alter Marquis
1717 2364 2923 2443 seit Gustav Freytags Tagen auf ein deutsches Lustspiel? Hier war
477 2376 1695 2463 dem reichen Emporkömmling sagt: „Mögt Ihr uns alles nehmen:
1713 2432 1978 2498 wieder eines.
479 2418 1690 2505 Ansehen, Namen, Besitz — das Bewußtsein des Adels unseres
1781 2426 2927 2509 Du hast den „Reigen“, um den vor einem Jahr solch böser
480 2454 1698 2539 Geistes könnt Ihr uns nicht rauben“ — das Publikum laut Beifall
1720 2477 2926 2553 Streit entstand, nicht in die Ausgabe der Gesammelten Werke auf¬
488 2492 1695 2587 rief: diesen Worten: mitten in einer Szene, laut sich ereifernd,
1725 2519 2924 2601 genommen. Viel Schmutz wurde aufgewirbel,t häßliche Dinge
479 2543 1692 2616 gegen alle Gewohnheit des vornehmen Hauses. Das ist noch unser
2754 2552 2921 2613 Bis an
1726 2575 2663 2632 wurden gesagt — um wen werden sie nicht gesagt -
938 2559 1708 2648 — stolz in aller Armut, seiner bewußt in
492 2609 897 2666 Wien, das so denkt —
1719 2598 2919 2681 Dich kamen sie nicht; Du hattest niedergeschrieben, was ist und wie
492 2606 1698 2692 allen Kümmernissen des Daseins. Ich wollte, ich wäre dabei ge¬
1713 2636 2926 2714 es ist, daß es da sei. Was kümmert es Dich, was andere daraus
485 2631 1709 2735 wesen . . .. gerade jetzt, in dieser Zeit — niemandem muß ich
1713 2701 2018 2758 machten.
482 2728 871 2781 erst sagen, warum.
1789 2704 2932 2789 Das Werk dieser dreißig Jahre ist groß; es ist noch nicht ge¬
564 2711 1701 2813 Ich ging oft an Deiner kleinen Villa in Döbling, die so ver¬
1719 2755 2933 2825 endet. Die Zahl Deiner Verehrer ist groß — nicht beständig: bald
468 2768 1709 2848 träumt aus dem dichten Grün des Vorgartens lugt, vorbei — und
1745 2807 2922 2868 ##nkt sie. bald steigt sie — die Gunst des Ungeheuers, das Publikum
494 2803 1696 2889 ich empfand stets sehr ehrfürchtig. Als ich Dich dann einmal durch
2416 2846 2491 2881 —
2299 2850 2376 2886 gnrn
2135 2853 2206 2889 974.2
1722 2839 2930 2919 heißt, ist wandelbar. Aoer es konmt Dir wohl nicht darauf an,
488 2832 1711 2922 Zufall kennen lernte, war ich sehr erstaunt, daß Du ein ruhiger
1733 2878 2924 2949 verehrt, sondern darauf, geliebt zu werden. Du weißt, daß man
493 2864 1716 2960 Mensch mit menschlichen Tugenden und auch einigen — ent¬
1722 2894 2940 2984 Dich, liebt: in Deinem, unserem Oesterreich — im Deutschland des
493 2920 1710 3004 schuldige — menschlichen Schwächen warst. Aber ich begriff es, je
1723 2948 2941 3024 Dir ein wenig wesensverwandten Dichters Gerhart Hauptmann
489 2961 1714 3041 mehr ich Dich in Deinen Büchern las — in denen ich ja auch mich
1794 2987 2931 3070 und auch Norwegen. Ibsens Norwegen hat es Dir bewiesen.
497 3000 1622 3084 fand und uns alle. Denn Deine Bücher sind sehr menschlich
1719 3053 2427 3112 Die Dich lieben, sind Dir auch treu.
572 3037 1697 3122 Darf ich ein paar Merksteine Deines Werkes aufzählen? Da
1808 3068 2942 3151 Erlaube, daß für einige von diesen auch in der Dreißigjährige,
495 3076 1703 3161 ist der „Anatol“ — vor dreißig Jahren, Dein erstes Werk, kam es
1736 3114 2947 3192 Dir, dem Sechzigjährigen danke für alles, was Du uns gegeben
497 3115 1699 3198 heraus — und es ist noch immer Blüte. Ich habe sehr deutlich
498 3170 1716 3239 amnpfunden, wie sehr es Wien ist: ich ging in den letzten Weih¬
1725 3149 2954 3227 hast, und Dir alles Gute wünsche für eine noch einmal so lange
519 3190 1711 3281 — auch mit einer Gabriele. Aber es war nicht Gabriele: Gabriele
1733 3199 2943 3269 Zeit, also, wie eine mancherorts, auch in Wien. angewandte Form
1736 3242 2942 3312 saat: bis hundertund# anzig Jahre — sofern Du so alt werden
493 3217 1717 3312 nachten durch die verschneiten Straßen einer Stadt — wie Anatole
499 3282 1343 3376 ist m#er in Wien. Und wir alie empfinden so.
574 3283 2572 3410 Da ist „Der einsame Weg“: man sagt, es sei eines der Dra#s willst, was ich natürlich nicht bestimmt weiß.,
646 3416 1082 3506 Artc
