3344 4320
1144 262 1577 342 box 39/3
267 268 976 384 soth Birthday
636 515 1250 623 Arberedger
329 489 1290 762 . That #
962 768 1334 942 6 20
453 1270 1288 1353 Dönnel Aprypa Uinnunepa.
449 1335 1314 1417 Cerogne nasecrnony uncareno Aprypy
419 1365 1111 1439 IIImtiiepy, nenonnsercs 60 ner.
441 1424 1322 1490 Bdlscex ero npolssejenlnx 3Byuar HOTRH
409 1440 1312 1546 Menanxonnn, Rce ero rBuhl ManenbelieeBell-
406 1520 1101 1592 ckhe rahnern. *
443 1552 1333 1618 Cson nepahie n Nyämne npönasenenna
346 1611 394 1658 E
416 1601 1320 1676 Ilungnep nncan B kace. 30 ner nasan OHLH
403 1663 1315 1724 8 Lepßblü pas nocraßnenhi OrphiBkH Hs er0
409 1708 1317 1765 (Anaron. Ho neppbili Consmoß yenex Bbl¬
348 1745 404 1796 r.
402 1743 1342 1827 nan na Honto 4Onupraz 8 Byprrearpe, 3 Be¬
367 1783 732 1857 ne, 3 1895 rony.
587 2102 1311 2233 „Anbereainer
380 2226 1372 2309 ADOLF SCHUSTERMANN
311 2296 1425 2391 ZEITUNGSNACHRICHTEN-BUREAU
496 2377 1249 2466 BERLIN SO. 16, RUNGESTR 22-24.
374 2454 1338 2569 Zeltung: Leipziger Tageblatt
770 2535 1166 2605 (Abend-Ausgabe)
379 2587 912 2686 Adresse: Leipzig
958 2633 1369 2756 17 MATie:
383 2722 600 2800 Datum:
216 2781 912 2896 See eenenen e
648 2810 1526 2903 60. Gebarkstag, in seiner Abwesenheit von
272 2866 649 2942 Arthue Schuihlers
209 2885 1524 2976 „Künstlemn sund Schriftstellern feierlichst begangen, wie ein Wiener
1069 2896 1515 2969 brachte im Burg¬
211 2940 1056 3020 liksrärischer Nationalfeiertag,
221 2961 1523 3050 theader die Neueinstudierung der dramatischen Historie der „Junge
231 2994 1536 3091 Mezäkdus“, dank der Drehbühne bei Weglassung von nur zwei
232 3044 1535 3126 Büldern in 4½ Slunden. Da heute die vornehm gemischte Wiener Ge¬
234 3063 1526 3172 sellschaft mit Vorliebe die französische Gesandtschaft für ihre unter der
236 3097 1532 3213 Flagge der Wohllätigkeit segelnden Vergnügungen auserwählt hat,
242 3127 1564 3245 wirkte die Schnitzlersche Rückschau auf das Wienertum des napoleonischen „
243 3220 666 3302 Zeitalters sehr pikani.
2025 630 2725 776 „anbertuiker
1905 835 2881 938 Neuer Görlitzer Anzeiger.
2194 1131 2582 1269 RA12
1831 1436 3013 1509 Schnitzlers 64. Geburtstag in Wien. Arthur Schnitzlers 60. Ge¬
1739 1482 3009 1542 burtstäg, an gemner Abwesenheit von Künstlern und Schriftstellern
1743 1515 3015 1583 feierlich begangen, brachte im Burgtheater, wie aus Wien gemeldet
1738 1569 3012 1621 wird, die Neueinstudierung der dramatischen Historie „Der junge
1732 1590 3006 1658 Medardus“, dank der Drehbühne bei Weglassung von nur zwei Bildern
1744 1634 3009 1696 in 4½ Stunden. Angesichts der heutigen international gemischten
1727 1671 3022 1756 Wiener Gesellschaft wirkte die Schnitzlersche Rückschau auf das Wiener¬
1733 1716 2593 1786 tum des napoleonischen Zeitalters sehr pikant.
1922 2165 2734 2273 ADOLF SCHUSTERt
1869 2241 2804 2365 ZEITUNGSNACHRICHTEN-BE
2072 2334 2765 2402 BERLIN SO 16, RUNGESTR. 22-24.
1918 2429 2968 2518 Zeitung Bamberger Neueste Nachrichten
1917 2508 2958 2639 Adresse. Bamberg 17 MAILZ
1915 2636 2139 2708 Datum:
2571 2683 2892 2756 aa
1891 2762 3073 2818 — Arthux Schnitzler — 60 Jahre! Am 15. Mai wird der be¬
1847 2811 3057 2860 kannte Wiener Schriftsteller Arthur Schnitzler sechzig Jahre alt.
1840 2842 3057 2915 Er hap im letzten Jahre durch die oft und mit Recht scharf genug
1853 2908 3055 2965 verurteilte Aufführung seines „Reigen“ viel Staub aufgewirbelt.
1850 2943 3049 2997 Schnitzler, der einer alten aus Ungarn zugewanderten-Wiener
1856 2982 3061 3045 Gelehrtenfamilie entstammt, ist Dr. med. und Frauenarzt. Wer
1847 3019 3050 3097 seine Romane und Schauspiele daraufhin einmal ansieht, wird
1852 3076 3059 3131 finden, daß er seiner Praxis manches abgelauscht hat. Er ist
1847 3115 3067 3165 der Schöpfer eines besonderen Typus des Gesellschaftsstückes, das
1853 3171 3053 3217 wir vielleicht am besten kennzeichnen, wenn wir das Gegensätzlicht
1849 3204 3056 3263 feststellen. Es sind fast dieselben Probleme, wie sie Ibsen und
1844 3242 3064 3297 nach ihm in nochgrausameren Form Strindberg behandelt hat; aber
1831 3289 3061 3333 #es ist ein Hauch gemütlicher Wiener Gemütlichkeit, Wiener Leicht¬
1847 3327 3064 3381 lebigkeit — wohlverstanden: aus dem Wien vor 1914 — darüber
1853 3377 3066 3426 gebreitet. So schafft er Stimmung mit einer unablösbaren Wie¬
1857 3424 3052 3480 ner Lokalfarbe und einer weichen, leichtfertig=sentimentalen Grazie.
1862 3468 3056 3528 Man kann sagen: Schnitzler hat das uraltneue Problem der Ge¬
1861 3512 3055 3563 schlechterliebe, die mancherlei Konflikte, die sich aus der Ehe er¬
1862 3557 3056 3615 geben, in pfnchologisch feiner Weise dem Salonstück seichteren Ge¬
1862 3592 3062 3656 wässers entrückt und so etwas wie literarische Salonromane, lite¬
1864 3655 3060 3697 rarische Salonstücke geschaffen. Die Lebenskämpfer kommen denn
1858 3683 3056 3730 bei Schnißzler schlecht wegs. Immer wieder stehen sie als betre¬
1855 3726 3057 3783 gene Betrüger da, und mit zunehmender Reise wächst des Dichtere
1859 3774 3066 3851 müdlächeinde Sympathie dem Gütigen, die, betrogen, ahne #s zu
1818 3818 2018 3894 wissen.
