<?xml version="1.0" encoding="UTF-8" standalone="yes"?>
<PcGts xmlns="http://schema.primaresearch.org/PAGE/gts/pagecontent/2013-07-15" xmlns:xsi="http://www.w3.org/2001/XMLSchema-instance" xsi:schemaLocation="http://schema.primaresearch.org/PAGE/gts/pagecontent/2013-07-15 http://schema.primaresearch.org/PAGE/gts/pagecontent/2013-07-15/pagecontent.xsd">
    <Metadata>
        <Creator>prov=University of Rostock/Institute of Mathematics/CITlab/Gundram Leifert/gundram.leifert@uni-rostock.de:name=ONB_Newseye_GT_M1+(htr_id=10810)::::v=2.4.2
prov=University of Rostock/Institute of Mathematics/CITlab/Tobias Gruening/tobias.gruening@uni-rostock.de:name=de.uros.citlab.module.baseline2polygon.B2PSeamMultiOriented:v=2.4.2
prov=University of Rostock/Institute of Mathematics/CITlab/Tobias Gruening/tobias.gruening@uni-rostock.de:name=/mnt/transkribus/LA/DEA/URO/LA_news_onb_att.pb:de.uros.citlab.segmentation.CITlab_LA_ML:v=2.4.2
Transkribus</Creator>
        <Created>2019-10-07T20:31:52.795+02:00</Created>
        <LastChange>2019-10-09T08:27:28.460+02:00</LastChange>
        <TranskribusMetadata docId="224438" pageId="9576293" pageNr="164" tsid="16631159" status="IN_PROGRESS" userId="40391" imgUrl="https://files.transkribus.eu/Get?id=YMETZXGOGAOOKLYICYJEZLZD&amp;fileType=view" xmlUrl="https://files.transkribus.eu/Get?id=KXOEMJDXJKLFUXXCTQYAGFRN" imageId="6207343"/>
    </Metadata>
    <Page imageFilename="224438_0164.jpeg" imageWidth="3436" imageHeight="4352">
        <ReadingOrder>
            <OrderedGroup id="ro_1711442707136" caption="Regions reading order">
                <RegionRefIndexed index="0" regionRef="r1"/>
            </OrderedGroup>
        </ReadingOrder>
        <TextRegion orientation="0.0" id="r1" custom="readingOrder {index:0;}">
            <Coords points="313,368 313,3599 2923,3599 2923,368"/>
            <TextLine id="r1l1" custom="readingOrder {index:0;}">
                <Coords points="299,447 1621,414 1619,339 1502,324 1196,332 1017,388 952,341 297,365"/>
                <Baseline points="313,407 377,411 442,414 506,415 571,416 636,416 700,415 765,414 830,412 894,411 959,408 1024,405 1088,402 1153,400 1218,397 1282,394 1347,392 1412,391 1476,389 1541,388 1606,388"/>
                <TextEquiv>
                    <Unicode>6oth Birthday box 39/3</Unicode>
                </TextEquiv>
            </TextLine>
            <TextLine id="r1l2" custom="readingOrder {index:1;}">
                <Coords points="1188,1299 1327,1284 1357,1295 1377,1285 1438,1289 1437,1259 1373,1259 1358,1245 1335,1249 1308,1238 1288,1251 1261,1229 1235,1236 1186,1232"/>
                <Baseline points="1203,1287 1230,1288 1258,1288 1285,1287 1313,1286 1340,1284 1368,1283 1395,1281 1423,1280"/>
                <TextEquiv>
                    <Unicode>100—</Unicode>
                </TextEquiv>
            </TextLine>
            <TextLine id="r1l3" custom="readingOrder {index:2;}">
                <Coords points="1633,1296 2547,1298 2759,1280 2758,1224 1632,1244"/>
                <Baseline points="1648,1293 1702,1292 1757,1291 1812,1291 1867,1291 1922,1291 1977,1291 2031,1291 2086,1291 2141,1291 2196,1291 2251,1290 2306,1289 2361,1289 2415,1287 2470,1285 2525,1282 2580,1280 2635,1275 2690,1271 2745,1266"/>
                <TextEquiv>
                    <Unicode>Schon vorher hatte der Föderativverband die Ini= weiser</Unicode>
                </TextEquiv>
            </TextLine>
            <TextLine id="r1l4" custom="readingOrder {index:3;}">
                <Coords points="2597,1321 2623,1321 2647,1309 2661,1315 2714,1312 2728,1324 2749,1313 2766,1313 2766,1252 2752,1252 2728,1275 2597,1274"/>
                <Baseline points="2611,1308 2639,1308 2667,1307 2695,1307 2723,1308 2752,1309"/>
                <TextEquiv>
                    <Unicode>seinn</Unicode>
                </TextEquiv>
            </TextLine>
            <TextLine id="r1l5" custom="readingOrder {index:4;}">
                <Coords points="546,1336 1591,1332 1591,1282 900,1270 781,1298 708,1272 546,1309"/>
                <Baseline points="561,1331 611,1332 662,1332 713,1333 764,1333 815,1332 865,1332 916,1331 967,1330 1018,1329 1069,1328 1119,1328 1170,1327 1221,1325 1272,1325 1323,1324 1373,1323 1424,1323 1475,1323 1526,1323 1577,1324"/>
                <TextEquiv>
                    <Unicode>thur=Zürich beendigt, welches den Verkehr von Zürich</Unicode>
                </TextEquiv>
            </TextLine>
            <TextLine id="r1l6" custom="readingOrder {index:5;}">
                <Coords points="543,1374 2747,1345 2449,1285 542,1327"/>
                <Baseline points="559,1369 667,1371 776,1372 885,1371 993,1370 1102,1368 1211,1365 1319,1361 1428,1358 1537,1353 1646,1349 1754,1345 1863,1341 1972,1338 2080,1336 2189,1334 2298,1333 2406,1333 2515,1334 2624,1337 2733,1342"/>
                <TextEquiv>
                    <Unicode>und Winterthur nach der West= und Zentralschweiz we= tiative in die Wege geleitet, die nun an der Schwelle einer</Unicode>
                </TextEquiv>
            </TextLine>
            <TextLine id="r1l7" custom="readingOrder {index:6;}">
                <Coords points="556,1408 2762,1385 2543,1331 555,1358"/>
                <Baseline points="571,1406 679,1408 788,1409 897,1409 1006,1409 1115,1407 1223,1405 1332,1402 1441,1399 1550,1396 1659,1392 1767,1389 1876,1386 1985,1383 2094,1381 2203,1379 2311,1378 2420,1378 2529,1379 2638,1381 2747,1384"/>
                <TextEquiv>
                    <Unicode>sentlich verbessern wird. Dieses Fernkabel enthält 40 der Junisession zur Volksabstimmung gelangt. Daß nötig</Unicode>
                </TextEquiv>
            </TextLine>
            <TextLine id="r1l8" custom="readingOrder {index:7;}">
                <Coords points="545,1436 2775,1439 2774,1384 2509,1376 545,1410"/>
                <Baseline points="561,1445 671,1446 781,1447 891,1447 1001,1447 1111,1446 1221,1444 1331,1443 1441,1441 1551,1439 1661,1437 1771,1434 1881,1432 1991,1430 2101,1427 2211,1426 2321,1424 2431,1423 2541,1422 2651,1422 2761,1422"/>
                <TextEquiv>
                    <Unicode>Adernpaare, womit durch Duplerschaltung 60 Sprech= nur rund 60,000 Unterschriften zusammengebracht[Aus,</Unicode>
                </TextEquiv>
            </TextLine>
            <TextLine id="r1l9" custom="readingOrder {index:8;}">
                <Coords points="1567,1492 2755,1483 2795,1424 1567,1440"/>
                <Baseline points="1582,1472 1645,1473 1708,1473 1771,1473 1834,1472 1897,1472 1960,1471 2023,1470 2086,1470 2149,1468 2213,1467 2276,1467 2339,1466 2402,1465 2465,1464 2528,1464 2591,1463 2654,1463 2717,1464 2781,1464"/>
                <TextEquiv>
                    <Unicode>werden konnten, könnte zu der Auffassung verleiten, laufen.</Unicode>
                </TextEquiv>
            </TextLine>
            <TextLine id="r1l10" custom="readingOrder {index:9;}">
                <Coords points="550,1488 885,1502 1333,1471 1316,1445 550,1436"/>
                <Baseline points="565,1482 602,1483 640,1484 678,1485 716,1486 753,1486 791,1487 829,1487 867,1488 904,1488 942,1488 980,1488 1018,1487 1055,1487 1093,1486 1131,1485 1169,1484 1206,1483 1244,1482 1282,1480 1320,1478"/>
                <TextEquiv>
                    <Unicode>verbindungen hergestellt werden können.</Unicode>
                </TextEquiv>
            </TextLine>
            <TextLine id="r1l11" custom="readingOrder {index:10;}">
                <Coords points="557,1582 2819,1555 557,1553"/>
                <Baseline points="572,1584 683,1582 795,1580 906,1579 1018,1577 1130,1576 1241,1574 1353,1573 1465,1572 1576,1571 1688,1569 1800,1568 1911,1567 2023,1565 2135,1564 2246,1562 2358,1560 2470,1558 2581,1556 2693,1554 2805,1551"/>
                <TextEquiv>
                    <Unicode>und Umwandlung, zog wie das alte habsburgischef fälle belauernd, jedes Motiv in allen Variationen seiner seine Le</Unicode>
                </TextEquiv>
            </TextLine>
            <TextLine id="r1l12" custom="readingOrder {index:11;}">
                <Coords points="546,1629 2822,1555 545,1582"/>
                <Baseline points="560,1625 672,1623 784,1620 897,1618 1009,1616 1122,1614 1234,1612 1346,1611 1459,1609 1571,1608 1684,1606 1796,1605 1908,1604 2021,1602 2133,1601 2246,1600 2358,1599 2470,1597 2583,1596 2695,1594 2808,1593"/>
                <TextEquiv>
                    <Unicode>Oesterreich von überallher Kräfte. Wenn man etwas Arbeit festhält. Zu seinem sechzigsten Geburtstage wer¬ stoffzufun</Unicode>
                </TextEquiv>
            </TextLine>
            <TextLine id="r1l13" custom="readingOrder {index:12;}">
                <Coords points="2616,1635 2735,1637 2747,1626 2761,1637 2785,1634 2799,1649 2817,1649 2817,1593 2741,1605 2726,1597 2616,1603"/>
                <Baseline points="2631,1632 2659,1631 2688,1631 2717,1631 2745,1631 2774,1631 2803,1631"/>
                <TextEquiv>
                    <Unicode>wenn es</Unicode>
                </TextEquiv>
            </TextLine>
            <TextLine id="r1l14" custom="readingOrder {index:13;}">
                <Coords points="1604,1648 2609,1642 2626,1592 1604,1610"/>
                <Baseline points="1618,1648 1667,1646 1717,1645 1767,1644 1816,1643 1866,1642 1916,1641 1965,1640 2015,1639 2065,1638 2115,1638 2164,1637 2214,1636 2264,1636 2313,1636 2363,1635 2413,1635 2462,1635 2512,1635 2562,1636 2612,1636"/>
                <TextEquiv>
                    <Unicode>den viele ihm glückwünschend nahen, und wenn er auf</Unicode>
                </TextEquiv>
            </TextLine>
            <TextLine id="r1l15" custom="readingOrder {index:14;}">
                <Coords points="556,1663 1598,1656 1597,1615 1239,1599 555,1628"/>
                <Baseline points="571,1664 621,1663 672,1662 722,1661 773,1660 823,1659 874,1657 924,1656 975,1655 1025,1653 1076,1652 1127,1651 1177,1649 1228,1648 1278,1648 1329,1647 1379,1646 1430,1646 1480,1645 1531,1646 1582,1646"/>
                <TextEquiv>
                    <Unicode>genauer hinsteht, so entdeckt man, wie gerade der Weg</Unicode>
                </TextEquiv>
            </TextLine>
            <TextLine id="r1l16" custom="readingOrder {index:15;}">
                <Coords points="2633,1674 2752,1675 2767,1681 2775,1672 2793,1683 2816,1683 2816,1634 2784,1631 2760,1637 2743,1626 2717,1638 2693,1632 2632,1639"/>
                <Baseline points="2646,1670 2672,1669 2698,1668 2724,1668 2750,1668 2776,1667 2802,1668"/>
                <TextEquiv>
                    <Unicode>ausgese“</Unicode>
                </TextEquiv>
            </TextLine>
            <TextLine id="r1l17" custom="readingOrder {index:16;}">
                <Coords points="1603,1691 2625,1676 2595,1633 1603,1650"/>
                <Baseline points="1617,1685 1666,1684 1716,1682 1765,1681 1815,1680 1865,1679 1914,1678 1964,1677 2013,1677 2063,1676 2113,1676 2162,1676 2212,1675 2261,1675 2311,1675 2361,1675 2410,1674 2460,1674 2509,1673 2559,1672 2609,1671"/>
                <TextEquiv>
                    <Unicode>seine Gartenveranda tritt, dann wird sein lebhaftes Auge</Unicode>
                </TextEquiv>
            </TextLine>
            <TextLine id="r1l18" custom="readingOrder {index:17;}">
                <Coords points="556,1703 1592,1695 1591,1642 555,1671"/>
                <Baseline points="571,1702 621,1701 671,1700 721,1698 772,1697 822,1696 872,1695 923,1693 973,1692 1023,1691 1074,1689 1124,1688 1174,1687 1224,1686 1275,1685 1325,1684 1375,1684 1426,1683 1476,1682 1526,1682 1577,1681"/>
                <TextEquiv>
                    <Unicode>ist, der von Grillparzer zu Schnitzler führt, wie bei aller</Unicode>
                </TextEquiv>
            </TextLine>
            <TextLine id="r1l19" custom="readingOrder {index:18;}">
                <Coords points="2624,1710 2679,1717 2688,1710 2711,1709 2749,1714 2763,1699 2778,1710 2816,1705 2815,1673 2622,1672"/>
                <Baseline points="2639,1709 2666,1708 2693,1707 2720,1706 2747,1705 2774,1704 2802,1702"/>
                <TextEquiv>
                    <Unicode>fahren</Unicode>
                </TextEquiv>
            </TextLine>
            <TextLine id="r1l20" custom="readingOrder {index:19;}">
                <Coords points="1605,1726 2531,1725 2624,1719 2624,1678 1605,1688"/>
                <Baseline points="1619,1719 1668,1719 1718,1718 1767,1718 1817,1717 1866,1717 1916,1717 1965,1716 2015,1716 2064,1716 2114,1716 2164,1715 2213,1715 2263,1715 2312,1715 2362,1714 2411,1714 2461,1713 2510,1712 2560,1711 2610,1711"/>
                <TextEquiv>
                    <Unicode>in dem schönen, geisterhellten Dichterantlitz wieder sein</Unicode>
                </TextEquiv>
            </TextLine>
            <TextLine id="r1l21" custom="readingOrder {index:20;}">
                <Coords points="557,1739 1570,1732 1593,1691 556,1707"/>
                <Baseline points="573,1743 623,1740 673,1738 723,1736 774,1735 824,1733 874,1731 924,1730 975,1729 1025,1728 1075,1727 1125,1726 1176,1726 1226,1725 1276,1725 1326,1724 1377,1724 1427,1723 1477,1723 1527,1722 1578,1722"/>
                <TextEquiv>
                    <Unicode>persönlichen und zeitlichen Verschiedenheit doch in bei¬</Unicode>
                </TextEquiv>
            </TextLine>
            <TextLine id="r1l22" custom="readingOrder {index:21;}">
                <Coords points="2626,1754 2655,1748 2705,1755 2713,1748 2766,1750 2777,1740 2803,1740 2802,1705 2773,1706 2764,1700 2747,1707 2625,1714"/>
                <Baseline points="2641,1747 2670,1745 2699,1743 2729,1742 2758,1742 2788,1742"/>
                <TextEquiv>
                    <Unicode>stoffein:</Unicode>
                </TextEquiv>
            </TextLine>
            <TextLine id="r1l23" custom="readingOrder {index:22;}">
                <Coords points="1600,1764 2506,1764 2616,1754 2616,1714 1600,1726"/>
                <Baseline points="1615,1757 1664,1758 1713,1758 1763,1758 1812,1758 1861,1758 1911,1758 1960,1757 2009,1757 2059,1757 2108,1756 2157,1756 2207,1755 2256,1754 2305,1754 2355,1753 2404,1752 2453,1751 2503,1751 2552,1750 2602,1749"/>
                <TextEquiv>
                    <Unicode>Wien zu seinen Füßen sehen, dieses Wien, das ihm</Unicode>
                </TextEquiv>
            </TextLine>
            <TextLine id="r1l24" custom="readingOrder {index:23;}">
                <Coords points="557,1767 1597,1769 1596,1726 1459,1719 557,1740"/>
                <Baseline points="572,1779 622,1777 673,1774 723,1773 774,1772 824,1770 875,1769 925,1768 976,1767 1026,1767 1077,1766 1128,1765 1178,1765 1229,1764 1279,1764 1330,1763 1380,1763 1431,1762 1481,1761 1532,1759 1583,1758"/>
                <TextEquiv>
                    <Unicode>den das Wienerische dominiert. Die Hero ist eine</Unicode>
                </TextEquiv>
            </TextLine>
            <TextLine id="r1l25" custom="readingOrder {index:24;}">
                <Coords points="2628,1789 2724,1788 2730,1794 2747,1790 2753,1796 2767,1781 2799,1781 2799,1740 2778,1740 2770,1749 2717,1747 2709,1753 2627,1748"/>
                <Baseline points="2643,1783 2671,1782 2699,1780 2727,1780 2755,1780 2784,1782"/>
                <TextEquiv>
                    <Unicode>Leuchtt</Unicode>
                </TextEquiv>
            </TextLine>
            <TextLine id="r1l26" custom="readingOrder {index:25;}">
                <Coords points="1598,1805 2635,1816 2634,1752 2532,1745 1598,1764"/>
                <Baseline points="1613,1798 1663,1798 1713,1797 1763,1797 1814,1796 1864,1796 1914,1795 1965,1795 2015,1794 2065,1794 2116,1793 2166,1793 2216,1792 2266,1791 2317,1791 2367,1790 2417,1789 2468,1789 2518,1788 2568,1788 2619,1787"/>
                <TextEquiv>
                    <Unicode>Reich und Grenze, Lebensinhalt, Bestimmung und Liebe</Unicode>
                </TextEquiv>
            </TextLine>
            <TextLine id="r1l27" custom="readingOrder {index:26;}">
                <Coords points="556,1813 1602,1803 1601,1768 1266,1756 556,1784"/>
                <Baseline points="572,1817 622,1815 673,1813 724,1812 775,1810 825,1809 876,1808 927,1807 978,1806 1028,1805 1079,1804 1130,1803 1181,1803 1231,1802 1282,1801 1333,1801 1384,1800 1434,1799 1485,1799 1536,1798 1587,1797"/>
                <TextEquiv>
                    <Unicode>ältere Schwester des Schnitzlerschen süßen Mädels, und</Unicode>
                </TextEquiv>
            </TextLine>
            <TextLine id="r1l28" custom="readingOrder {index:27;}">
                <Coords points="2617,1820 2658,1831 2684,1818 2705,1829 2713,1823 2722,1829 2745,1828 2751,1822 2763,1833 2777,1824 2792,1824 2790,1780 2732,1785 2727,1791 2718,1785 2686,1792 2616,1788"/>
                <Baseline points="2631,1823 2660,1822 2689,1821 2718,1820 2747,1819 2777,1819"/>
                <TextEquiv>
                    <Unicode>in die</Unicode>
                </TextEquiv>
            </TextLine>
            <TextLine id="r1l29" custom="readingOrder {index:28;}">
                <Coords points="1598,1850 1616,1850 1627,1861 1651,1844 1686,1844 1703,1856 1721,1851 1750,1862 1758,1854 1776,1863 1805,1857 1805,1808 1730,1807 1715,1798 1706,1807 1692,1807 1599,1788"/>
                <Baseline points="1613,1835 1638,1836 1663,1837 1689,1837 1714,1837 1740,1837 1765,1837 1791,1837"/>
                <TextEquiv>
                    <Unicode>bedeutet.</Unicode>
                </TextEquiv>
            </TextLine>
            <TextLine id="r1l30" custom="readingOrder {index:29;}">
                <Coords points="552,1874 1603,1846 1602,1799 551,1816"/>
                <Baseline points="566,1855 617,1854 668,1852 719,1851 770,1850 821,1849 872,1848 923,1847 974,1846 1025,1845 1077,1844 1128,1843 1179,1842 1230,1841 1281,1840 1332,1840 1383,1839 1434,1838 1485,1838 1536,1837 1588,1836"/>
                <TextEquiv>
                    <Unicode>Anatol hat ebenso große Angst vor der Tat, wie schon</Unicode>
                </TextEquiv>
            </TextLine>
            <TextLine id="r1l31" custom="readingOrder {index:30;}">
                <Coords points="2137,1890 2253,1876 2388,1896 2414,1875 2452,1895 2545,1869 2574,1889 2603,1865 2635,1882 2801,1857 2799,1802 2663,1829 2563,1802 2497,1821 2264,1814 2224,1842 2191,1816 2136,1817"/>
                <Baseline points="2150,1870 2181,1870 2213,1869 2245,1869 2277,1869 2309,1868 2341,1868 2372,1868 2404,1867 2436,1867 2468,1867 2500,1866 2532,1865 2564,1864 2595,1864 2627,1863 2659,1861 2691,1859 2723,1857 2755,1855 2787,1853"/>
                <TextEquiv>
                    <Unicode>Dr. Ludwig Bauer. —Lzeigten¬</Unicode>
                </TextEquiv>
            </TextLine>
            <TextLine id="r1l32" custom="readingOrder {index:31;}">
                <Coords points="555,1891 1603,1884 1602,1847 1491,1837 554,1857"/>
                <Baseline points="570,1894 623,1893 677,1891 730,1890 784,1889 838,1887 891,1886 945,1885 999,1884 1052,1883 1106,1883 1159,1882 1213,1881 1267,1880 1320,1879 1374,1878 1428,1878 1481,1877 1535,1876 1589,1875"/>
                <TextEquiv>
                    <Unicode>Rustan und Rudolf bei Grillparzer sich in Traum und</Unicode>
                </TextEquiv>
            </TextLine>
            <TextLine id="r1l33" custom="readingOrder {index:32;}">
                <Coords points="2617,1905 2710,1900 2727,1906 2751,1896 2783,1902 2782,1861 2706,1862 2697,1854 2692,1860 2616,1867"/>
                <Baseline points="2631,1897 2658,1894 2685,1893 2712,1893 2739,1893 2767,1893"/>
                <TextEquiv>
                    <Unicode>Teinem</Unicode>
                </TextEquiv>
            </TextLine>
            <TextLine id="r1l34" custom="readingOrder {index:33;}">
                <Coords points="567,1931 1600,1920 1599,1877 1515,1873 566,1891"/>
                <Baseline points="580,1934 630,1932 680,1930 730,1929 781,1927 831,1926 881,1925 931,1924 982,1923 1032,1923 1082,1922 1132,1921 1183,1921 1233,1920 1283,1919 1333,1918 1384,1917 1434,1916 1484,1915 1534,1913 1585,1911"/>
                <TextEquiv>
                    <Unicode>Magie flüchteten. Nur hat Grillparzer Goethe und Schil¬</Unicode>
                </TextEquiv>
            </TextLine>
            <TextLine id="r1l35" custom="readingOrder {index:34;}">
                <Coords points="2619,1951 2637,1951 2660,1939 2692,1944 2718,1935 2762,1943 2782,1928 2797,1927 2796,1895 2773,1902 2752,1896 2741,1905 2718,1906 2688,1900 2645,1907 2636,1901 2619,1902"/>
                <Baseline points="2633,1939 2662,1937 2692,1935 2721,1935 2751,1936 2781,1935"/>
                <TextEquiv>
                    <Unicode>gibt alt</Unicode>
                </TextEquiv>
            </TextLine>
            <TextLine id="r1l36" custom="readingOrder {index:35;}">
                <Coords points="1858,1942 2004,1955 2059,1937 2085,1954 2205,1942 2251,1961 2272,1944 2379,1949 2379,1893 2195,1880 2169,1898 2091,1881 2053,1905 1997,1882 1930,1883 1858,1907"/>
                <Baseline points="1873,1939 1898,1940 1924,1940 1950,1941 1976,1941 2002,1942 2028,1942 2054,1942 2080,1942 2106,1942 2131,1942 2157,1942 2183,1941 2209,1941 2235,1940 2261,1939 2287,1938 2313,1937 2339,1935 2365,1933"/>
                <TextEquiv>
                    <Unicode>Kleine Rundschau.</Unicode>
                </TextEquiv>
            </TextLine>
            <TextLine id="r1l37" custom="readingOrder {index:36;}">
                <Coords points="558,1972 1603,1960 1602,1916 557,1928"/>
                <Baseline points="572,1971 622,1970 673,1968 724,1967 775,1966 825,1965 876,1963 927,1962 978,1961 1028,1960 1079,1959 1130,1958 1181,1958 1231,1956 1282,1956 1333,1955 1384,1954 1434,1953 1485,1952 1536,1951 1587,1950"/>
                <TextEquiv>
                    <Unicode>ler erlebt, Schnitzler aber Maupassant und Dostojewski.</Unicode>
                </TextEquiv>
            </TextLine>
            <TextLine id="r1l38" custom="readingOrder {index:37;}">
                <Coords points="2634,1980 2671,1980 2677,1986 2738,1980 2750,1992 2759,1992 2797,1965 2820,1963 2820,1936 2782,1928 2767,1942 2727,1942 2718,1933 2706,1942 2634,1939"/>
                <Baseline points="2649,1973 2674,1974 2700,1974 2726,1975 2752,1975 2778,1974 2804,1972"/>
                <TextEquiv>
                    <Unicode>Stadius</Unicode>
                </TextEquiv>
            </TextLine>
            <TextLine id="r1l39" custom="readingOrder {index:38;}">
                <Coords points="1645,1996 2620,1983 2619,1919 2175,1960 1644,1941"/>
                <Baseline points="1661,1989 1708,1988 1755,1987 1802,1987 1849,1986 1897,1986 1944,1986 1991,1985 2038,1985 2085,1985 2133,1984 2180,1984 2227,1983 2274,1982 2321,1982 2369,1981 2416,1980 2463,1978 2510,1977 2557,1976 2605,1974"/>
                <TextEquiv>
                    <Unicode>E. G. Der Jahrmarkt von St. Germain. Freitag,</Unicode>
                </TextEquiv>
            </TextLine>
            <TextLine id="r1l40" custom="readingOrder {index:39;}">
                <Coords points="557,2005 1611,2001 1610,1957 557,1973"/>
                <Baseline points="572,2011 623,2009 674,2008 725,2006 776,2005 827,2004 878,2003 930,2002 981,2001 1032,2000 1083,1999 1134,1998 1185,1998 1236,1997 1288,1996 1339,1995 1390,1995 1441,1994 1492,1993 1543,1992 1595,1991"/>
                <TextEquiv>
                    <Unicode>Weniger eklektisch als etwa Hauptmann und seiner</Unicode>
                </TextEquiv>
            </TextLine>
            <TextLine id="r1l41" custom="readingOrder {index:40;}">
                <Coords points="1603,2040 2473,2033 2627,2022 2627,1979 1602,1982"/>
                <Baseline points="1618,2029 1667,2028 1717,2028 1767,2028 1817,2028 1866,2027 1916,2027 1966,2026 2016,2026 2065,2025 2115,2024 2165,2024 2215,2023 2264,2022 2314,2021 2364,2020 2414,2019 2463,2018 2513,2016 2563,2015 2613,2013"/>
                <TextEquiv>
                    <Unicode>Samstag und Sonntag findet auf dem Platze von St.</Unicode>
                </TextEquiv>
            </TextLine>
            <TextLine id="r1l42" custom="readingOrder {index:41;}">
                <Coords points="565,2046 1596,2040 1595,1996 1478,1990 564,2005"/>
                <Baseline points="580,2051 630,2048 680,2045 730,2044 780,2042 830,2040 880,2039 930,2038 980,2038 1030,2037 1081,2037 1131,2036 1181,2036 1231,2035 1281,2035 1331,2034 1381,2034 1431,2033 1481,2031 1531,2030 1582,2028"/>
                <TextEquiv>
                    <Unicode>Grenzen sich selbstkritisch bewußt, hat er in sich bloß auf¬</Unicode>
                </TextEquiv>
            </TextLine>
            <TextLine id="r1l43" custom="readingOrder {index:42;}">
                <Coords points="1611,2072 2639,2065 2638,2027 2559,2014 1610,2035"/>
                <Baseline points="1624,2069 1676,2069 1729,2069 1781,2069 1834,2068 1886,2068 1939,2068 1992,2067 2044,2066 2097,2066 2149,2065 2202,2064 2254,2062 2307,2061 2360,2059 2412,2058 2465,2056 2517,2055 2570,2052 2623,2050"/>
                <TextEquiv>
                    <Unicode>Sulpice in Paris auf dem linken Seineufer, wo der</Unicode>
                </TextEquiv>
            </TextLine>
            <TextLine id="r1l44" custom="readingOrder {index:43;}">
                <Coords points="2672,2084 2736,2085 2745,2077 2754,2086 2768,2083 2797,2093 2821,2081 2838,2082 2839,2035 2819,2035 2799,2020 2749,2036 2740,2030 2720,2033 2706,2018 2673,2023"/>
                <Baseline points="2688,2075 2715,2075 2742,2075 2769,2075 2796,2076 2824,2079"/>
                <TextEquiv>
                    <Unicode>Welt</Unicode>
                </TextEquiv>
            </TextLine>
            <TextLine id="r1l45" custom="readingOrder {index:44;}">
                <Coords points="551,2086 1596,2076 1596,2041 550,2046"/>
                <Baseline points="567,2089 617,2087 668,2084 719,2083 769,2081 820,2080 871,2079 921,2078 972,2077 1023,2076 1074,2076 1124,2075 1175,2075 1226,2074 1276,2073 1327,2073 1378,2072 1428,2071 1479,2069 1530,2067 1581,2066"/>
                <TextEquiv>
                    <Unicode>genommen, was er auch verarbeiten konnte. Als An¬</Unicode>
                </TextEquiv>
            </TextLine>
            <TextLine id="r1l46" custom="readingOrder {index:45;}">
                <Coords points="1604,2118 2632,2098 2631,2061 2552,2053 1603,2074"/>
                <Baseline points="1618,2109 1670,2108 1723,2108 1775,2108 1828,2107 1880,2107 1933,2106 1986,2105 2038,2104 2091,2103 2143,2103 2196,2101 2248,2100 2301,2099 2354,2098 2406,2096 2459,2095 2511,2093 2564,2091 2617,2089"/>
                <TextEquiv>
                    <Unicode>Charakter des alten Paris ohnehin so gut erhalten</Unicode>
                </TextEquiv>
            </TextLine>
            <TextLine id="r1l47" custom="readingOrder {index:46;}">
                <Coords points="554,2129 1599,2116 1598,2072 553,2091"/>
                <Baseline points="567,2129 617,2127 668,2125 719,2123 770,2122 821,2120 871,2118 922,2117 973,2116 1024,2115 1075,2114 1125,2113 1176,2112 1227,2111 1278,2111 1329,2110 1379,2109 1430,2109 1481,2108 1532,2107 1583,2107"/>
                <TextEquiv>
                    <Unicode>gehöriger einer Stadt und eines Reiches, dessen Existenz</Unicode>
                </TextEquiv>
            </TextLine>
            <TextLine id="r1l48" custom="readingOrder {index:47;}">
                <Coords points="2636,2122 2686,2127 2755,2118 2764,2123 2776,2112 2811,2146 2826,2146 2825,2091 2796,2094 2787,2085 2770,2088 2755,2080 2697,2080 2682,2066 2673,2069 2659,2060 2635,2066"/>
                <Baseline points="2650,2119 2677,2118 2704,2116 2731,2115 2758,2115 2785,2116 2812,2119"/>
                <TextEquiv>
                    <Unicode>schaften 1</Unicode>
                </TextEquiv>
            </TextLine>
            <TextLine id="r1l49" custom="readingOrder {index:48;}">
                <Coords points="1608,2153 2610,2142 2629,2095 1607,2112"/>
                <Baseline points="1622,2148 1671,2148 1721,2147 1770,2147 1820,2146 1870,2146 1919,2145 1969,2144 2018,2143 2068,2142 2118,2141 2167,2140 2217,2139 2266,2138 2316,2137 2366,2136 2415,2134 2465,2133 2514,2132 2564,2131 2614,2130"/>
                <TextEquiv>
                    <Unicode>geblieben ist, eine eigentümliche Ehrung der französischen</Unicode>
                </TextEquiv>
            </TextLine>
            <TextLine id="r1l50" custom="readingOrder {index:49;}">
                <Coords points="559,2163 1610,2155 1583,2103 559,2128"/>
                <Baseline points="573,2165 624,2164 675,2163 726,2162 777,2161 829,2160 880,2158 931,2157 982,2156 1033,2155 1085,2154 1136,2153 1187,2151 1238,2151 1289,2149 1341,2148 1392,2147 1443,2146 1494,2145 1545,2145 1597,2144"/>
                <TextEquiv>
                    <Unicode>und Größespiel Zufall schien, das in seiner Vielfältigkeit</Unicode>
                </TextEquiv>
            </TextLine>
            <TextLine id="r1l51" custom="readingOrder {index:50;}">
                <Coords points="2628,2155 2680,2156 2718,2168 2738,2159 2744,2165 2773,2159 2799,2171 2823,2154 2852,2157 2852,2122 2811,2122 2800,2133 2779,2116 2683,2127 2628,2121"/>
                <Baseline points="2643,2156 2670,2154 2698,2153 2725,2153 2753,2154 2780,2154 2808,2155 2836,2156"/>
                <TextEquiv>
                    <Unicode>beabsichtig</Unicode>
                </TextEquiv>
            </TextLine>
            <TextLine id="r1l52" custom="readingOrder {index:51;}">
                <Coords points="1610,2189 2626,2173 2625,2141 2558,2133 1609,2151"/>
                <Baseline points="1626,2187 1675,2186 1724,2185 1773,2184 1823,2183 1872,2182 1921,2181 1971,2181 2020,2180 2069,2179 2119,2179 2168,2178 2217,2177 2266,2177 2316,2175 2365,2174 2414,2173 2464,2172 2513,2170 2562,2168 2612,2166"/>
                <TextEquiv>
                    <Unicode>Nationalheiligen Jeanne d'Arc statt. Unter der sachkun¬</Unicode>
                </TextEquiv>
            </TextLine>
            <TextLine id="r1l53" custom="readingOrder {index:52;}">
                <Coords points="554,2222 1572,2192 1603,2156 552,2169"/>
                <Baseline points="569,2203 620,2202 671,2201 722,2200 773,2199 824,2198 875,2197 926,2196 977,2195 1028,2194 1079,2193 1130,2191 1181,2190 1232,2189 1283,2188 1334,2187 1385,2186 1436,2185 1487,2184 1538,2183 1589,2182"/>
                <TextEquiv>
                    <Unicode>auch keinen großen sozialen Kampf kannte, war Schnitz¬</Unicode>
                </TextEquiv>
            </TextLine>
            <TextLine id="r1l54" custom="readingOrder {index:53;}">
                <Coords points="2638,2195 2734,2201 2778,2194 2835,2214 2837,2155 2823,2155 2808,2169 2788,2159 2639,2157"/>
                <Baseline points="2653,2192 2680,2191 2708,2191 2736,2192 2764,2193 2792,2195 2820,2197"/>
                <TextEquiv>
                    <Unicode>Morax</Unicode>
                </TextEquiv>
            </TextLine>
            <TextLine id="r1l55" custom="readingOrder {index:54;}">
                <Coords points="1605,2227 2626,2220 2626,2170 1604,2189"/>
                <Baseline points="1620,2223 1669,2223 1719,2222 1768,2222 1818,2221 1868,2221 1917,2220 1967,2219 2016,2219 2066,2217 2116,2217 2165,2215 2215,2214 2264,2213 2314,2212 2364,2211 2413,2210 2463,2209 2512,2208 2562,2207 2612,2206"/>
                <TextEquiv>
                    <Unicode>digen Anleitung von Gelehrten und Künstlern wird der</Unicode>
                </TextEquiv>
            </TextLine>
            <TextLine id="r1l56" custom="readingOrder {index:55;}">
                <Coords points="557,2233 1599,2229 1598,2185 556,2201"/>
                <Baseline points="571,2242 621,2240 672,2239 723,2237 773,2236 824,2235 875,2234 925,2233 976,2232 1027,2231 1078,2230 1128,2229 1179,2228 1230,2227 1280,2226 1331,2225 1382,2224 1432,2223 1483,2221 1534,2220 1585,2219"/>
                <TextEquiv>
                    <Unicode>ler vom Schicksal dazu bestimmt, in einem engen Gebiete</Unicode>
                </TextEquiv>
            </TextLine>
            <TextLine id="r1l57" custom="readingOrder {index:56;}">
                <Coords points="2638,2238 2737,2240 2745,2231 2766,2230 2772,2236 2827,2236 2827,2204 2774,2193 2733,2202 2716,2193 2696,2199 2637,2197"/>
                <Baseline points="2651,2231 2677,2232 2704,2232 2731,2231 2757,2231 2784,2230 2811,2231"/>
                <TextEquiv>
                    <Unicode>Mézié</Unicode>
                </TextEquiv>
            </TextLine>
            <TextLine id="r1l58" custom="readingOrder {index:57;}">
                <Coords points="1605,2266 2633,2251 2632,2211 2562,2209 1604,2225"/>
                <Baseline points="1619,2261 1669,2261 1719,2260 1769,2260 1819,2259 1869,2258 1919,2257 1969,2256 2019,2255 2069,2254 2119,2253 2169,2252 2219,2250 2269,2249 2319,2248 2369,2247 2419,2246 2469,2246 2519,2245 2569,2244 2619,2244"/>
                <TextEquiv>
                    <Unicode>mittelalterliche Jahrmarkt von St. Germain,</Unicode>
                </TextEquiv>
            </TextLine>
            <TextLine id="r1l59" custom="readingOrder {index:58;}">
                <Coords points="562,2292 1606,2265 1605,2221 561,2245"/>
                <Baseline points="577,2283 627,2280 678,2278 729,2276 780,2275 830,2273 881,2272 932,2271 983,2270 1033,2269 1084,2268 1135,2268 1186,2267 1236,2266 1287,2266 1338,2265 1389,2264 1439,2263 1490,2261 1541,2260 1592,2258"/>
                <TextEquiv>
                    <Unicode>zu bleiben; aber er hat es in allen seinen Tiesen erkannt</Unicode>
                </TextEquiv>
            </TextLine>
            <TextLine id="r1l60" custom="readingOrder {index:59;}">
                <Coords points="2639,2281 2674,2274 2729,2281 2746,2269 2784,2274 2793,2268 2814,2288 2837,2284 2836,2237 2745,2231 2736,2238 2687,2233 2638,2241"/>
                <Baseline points="2654,2274 2682,2273 2710,2272 2738,2271 2766,2270 2794,2269 2822,2270"/>
                <TextEquiv>
                    <Unicode>zugunstent</Unicode>
                </TextEquiv>
            </TextLine>
            <TextLine id="r1l61" custom="readingOrder {index:60;}">
                <Coords points="1604,2298 2629,2292 2628,2231 1604,2269"/>
                <Baseline points="1620,2300 1669,2299 1719,2298 1769,2297 1819,2297 1868,2296 1918,2295 1968,2294 2018,2293 2067,2293 2117,2292 2167,2291 2217,2290 2266,2289 2316,2289 2366,2288 2416,2286 2465,2285 2515,2284 2565,2283 2615,2281"/>
                <TextEquiv>
                    <Unicode>den zuerst die Mönche dieser Abtei und später das</Unicode>
                </TextEquiv>
            </TextLine>
            <TextLine id="r1l62" custom="readingOrder {index:61;}">
                <Coords points="2640,2321 2660,2324 2675,2315 2692,2324 2718,2324 2736,2312 2762,2332 2788,2318 2797,2324 2823,2300 2841,2300 2841,2259 2823,2259 2809,2274 2794,2268 2785,2274 2750,2268 2733,2277 2640,2271"/>
                <Baseline points="2653,2305 2681,2306 2710,2307 2739,2308 2768,2308 2797,2306 2826,2304"/>
                <TextEquiv>
                    <Unicode>rung find“</Unicode>
                </TextEquiv>
            </TextLine>
            <TextLine id="r1l63" custom="readingOrder {index:62;}">
                <Coords points="567,2310 1604,2320 1602,2262 566,2284"/>
                <Baseline points="582,2320 632,2318 682,2317 733,2315 783,2313 833,2312 884,2311 934,2310 984,2310 1035,2309 1085,2308 1135,2307 1186,2307 1236,2306 1286,2305 1337,2304 1387,2304 1437,2303 1488,2301 1538,2300 1589,2298"/>
                <TextEquiv>
                    <Unicode>und eine Leichtigkeit dabei gewonnen, die spielerisch</Unicode>
                </TextEquiv>
            </TextLine>
            <TextLine id="r1l64" custom="readingOrder {index:63;}">
                <Coords points="1603,2351 2634,2322 2633,2290 2577,2285 1602,2298"/>
                <Baseline points="1618,2339 1668,2338 1718,2337 1768,2336 1818,2335 1868,2335 1918,2334 1968,2333 2018,2332 2068,2332 2119,2331 2169,2330 2219,2329 2269,2328 2319,2327 2369,2326 2419,2324 2469,2323 2519,2321 2569,2320 2620,2318"/>
                <TextEquiv>
                    <Unicode>Königtum jährlich abhielten, wieder erstehen. In Ba¬</Unicode>
                </TextEquiv>
            </TextLine>
            <TextLine id="r1l65" custom="readingOrder {index:64;}">
                <Coords points="555,2361 1198,2355 1250,2336 1250,2313 554,2323"/>
                <Baseline points="569,2356 602,2356 635,2355 669,2354 702,2353 735,2353 769,2352 802,2351 835,2350 869,2350 902,2349 935,2348 969,2348 1002,2347 1035,2346 1069,2345 1102,2345 1135,2344 1169,2343 1202,2341 1236,2340"/>
                <TextEquiv>
                    <Unicode>über Abgründen zu gaukeln weiß.</Unicode>
                </TextEquiv>
            </TextLine>
            <TextLine id="r1l66" custom="readingOrder {index:65;}">
                <Coords points="1612,2380 2619,2367 2636,2320 1611,2342"/>
                <Baseline points="1628,2378 1677,2377 1727,2375 1777,2374 1827,2373 1876,2372 1926,2371 1976,2371 2026,2370 2075,2369 2125,2369 2175,2368 2225,2367 2274,2366 2324,2365 2374,2364 2424,2363 2473,2361 2523,2360 2573,2358 2623,2356"/>
                <TextEquiv>
                    <Unicode>racken des 15. Jahrhunderts verkaufen Händler in der</Unicode>
                </TextEquiv>
            </TextLine>
            <TextLine id="r1l67" custom="readingOrder {index:66;}">
                <Coords points="635,2396 1608,2382 1607,2327 1566,2319 1499,2344 1443,2321 635,2358"/>
                <Baseline points="649,2393 696,2392 743,2391 790,2390 837,2389 884,2388 931,2387 979,2386 1026,2385 1073,2384 1120,2383 1167,2382 1214,2382 1261,2381 1309,2380 1356,2379 1403,2378 1450,2377 1497,2376 1544,2375 1592,2374"/>
                <TextEquiv>
                    <Unicode>Das Beziehungsvolle und Geistreiche des Zufalls,</Unicode>
                </TextEquiv>
            </TextLine>
            <TextLine id="r1l68" custom="readingOrder {index:67;}">
                <Coords points="2684,2406 2701,2406 2731,2422 2754,2410 2771,2416 2838,2417 2837,2376 2823,2377 2811,2365 2805,2371 2785,2369 2755,2346 2729,2347 2718,2359 2683,2357"/>
                <Baseline points="2698,2405 2729,2405 2760,2404 2791,2403 2822,2403"/>
                <TextEquiv>
                    <Unicode>E. G.</Unicode>
                </TextEquiv>
            </TextLine>
            <TextLine id="r1l69" custom="readingOrder {index:68;}">
                <Coords points="1609,2420 2639,2403 2638,2362 2501,2356 1608,2379"/>
                <Baseline points="1622,2415 1672,2414 1722,2413 1772,2413 1822,2412 1872,2412 1922,2411 1972,2410 2022,2410 2072,2409 2122,2409 2172,2408 2222,2407 2272,2406 2322,2405 2372,2404 2422,2403 2472,2402 2522,2400 2572,2399 2623,2397"/>
                <TextEquiv>
                    <Unicode>damaligen Tracht Seltenheiten aller Art, während</Unicode>
                </TextEquiv>
            </TextLine>
            <TextLine id="r1l70" custom="readingOrder {index:69;}">
                <Coords points="559,2434 1616,2417 1583,2377 559,2382"/>
                <Baseline points="574,2435 625,2433 676,2431 728,2429 779,2428 831,2427 882,2425 933,2425 985,2424 1036,2423 1088,2422 1139,2422 1190,2421 1242,2421 1293,2420 1345,2420 1396,2419 1447,2419 1499,2418 1550,2417 1602,2416"/>
                <TextEquiv>
                    <Unicode>der wohl mehr ist, als wir alle wissen, hat vielleicht noch</Unicode>
                </TextEquiv>
            </TextLine>
            <TextLine id="r1l71" custom="readingOrder {index:70;}">
                <Coords points="1613,2456 2635,2443 2634,2385 1612,2418"/>
                <Baseline points="1626,2450 1675,2451 1725,2450 1774,2450 1824,2450 1874,2450 1923,2449 1973,2448 2023,2448 2072,2447 2122,2446 2172,2445 2221,2444 2271,2443 2321,2441 2370,2440 2420,2439 2470,2437 2519,2435 2569,2434 2619,2432"/>
                <TextEquiv>
                    <Unicode>Schauspieler und Musikanten die Menge unterhalten.</Unicode>
                </TextEquiv>
            </TextLine>
            <TextLine id="r1l72" custom="readingOrder {index:71;}">
                <Coords points="2635,2455 2667,2448 2711,2454 2740,2444 2749,2453 2784,2455 2839,2446 2838,2417 2763,2406 2731,2424 2687,2393 2663,2390 2634,2399"/>
                <Baseline points="2649,2446 2674,2446 2699,2446 2724,2446 2749,2445 2774,2445 2799,2444 2825,2444"/>
                <TextEquiv>
                    <Unicode>holt wur</Unicode>
                </TextEquiv>
            </TextLine>
            <TextLine id="r1l73" custom="readingOrder {index:72;}">
                <Coords points="573,2465 1613,2461 1612,2414 573,2433"/>
                <Baseline points="588,2473 638,2472 688,2470 739,2468 789,2467 840,2466 890,2465 941,2464 991,2464 1042,2463 1092,2463 1142,2462 1193,2462 1243,2461 1294,2461 1344,2459 1395,2458 1445,2457 1496,2455 1546,2453 1597,2451"/>
                <TextEquiv>
                    <Unicode>niemand vorher so voll erfühlt; eine Studie wie sein</Unicode>
                </TextEquiv>
            </TextLine>
            <TextLine id="r1l74" custom="readingOrder {index:73;}">
                <Coords points="2637,2485 2698,2496 2812,2488 2832,2499 2859,2499 2858,2438 2823,2447 2637,2453"/>
                <Baseline points="2653,2485 2680,2484 2707,2484 2734,2482 2761,2482 2788,2481 2815,2482 2843,2483"/>
                <TextEquiv>
                    <Unicode>Schweizeik</Unicode>
                </TextEquiv>
            </TextLine>
            <TextLine id="r1l75" custom="readingOrder {index:74;}">
                <Coords points="1607,2496 2602,2485 2628,2438 1606,2461"/>
                <Baseline points="1622,2489 1671,2489 1721,2489 1770,2488 1820,2488 1869,2487 1919,2487 1968,2486 2018,2486 2067,2485 2117,2484 2167,2483 2216,2483 2266,2482 2315,2481 2365,2480 2414,2478 2464,2477 2513,2476 2563,2474 2613,2473"/>
                <TextEquiv>
                    <Unicode>Sonntags wird dann mit großem Pomp die Heilige</Unicode>
                </TextEquiv>
            </TextLine>
            <TextLine id="r1l76" custom="readingOrder {index:75;}">
                <Coords points="566,2527 1614,2489 1613,2460 1520,2449 565,2465"/>
                <Baseline points="580,2516 631,2512 682,2509 733,2506 784,2504 835,2503 886,2502 937,2501 988,2501 1039,2501 1090,2500 1141,2500 1192,2500 1243,2500 1294,2499 1345,2499 1396,2497 1447,2496 1498,2495 1549,2492 1600,2490"/>
                <TextEquiv>
                    <Unicode>„Puppenspieler“ ist mit einem so zarten Griffel hinge¬</Unicode>
                </TextEquiv>
            </TextLine>
            <TextLine id="r1l77" custom="readingOrder {index:76;}">
                <Coords points="2649,2526 2687,2525 2695,2531 2721,2522 2733,2527 2771,2521 2815,2529 2823,2520 2832,2526 2861,2516 2861,2484 2782,2495 2767,2480 2738,2490 2706,2490 2677,2476 2648,2477"/>
                <Baseline points="2664,2521 2690,2520 2716,2520 2742,2519 2768,2518 2794,2518 2820,2518 2846,2518"/>
                <TextEquiv>
                    <Unicode>immer wie</Unicode>
                </TextEquiv>
            </TextLine>
            <TextLine id="r1l78" custom="readingOrder {index:77;}">
                <Coords points="1610,2539 2629,2517 2628,2480 2485,2473 1609,2493"/>
                <Baseline points="1624,2528 1673,2527 1723,2527 1772,2527 1822,2526 1871,2526 1921,2525 1970,2525 2020,2524 2069,2523 2119,2522 2169,2522 2218,2520 2268,2519 2317,2519 2367,2517 2416,2517 2466,2516 2515,2514 2565,2514 2615,2512"/>
                <TextEquiv>
                    <Unicode>gefeiert, vormittags durch eine Messe, in der Kirche von</Unicode>
                </TextEquiv>
            </TextLine>
            <TextLine id="r1l79" custom="readingOrder {index:78;}">
                <Coords points="564,2540 1618,2534 1597,2491 563,2511"/>
                <Baseline points="580,2552 631,2549 682,2547 733,2545 784,2543 835,2542 886,2541 937,2540 988,2539 1039,2539 1091,2538 1142,2537 1193,2536 1244,2536 1295,2535 1346,2534 1397,2533 1448,2532 1499,2531 1550,2530 1602,2528"/>
                <TextEquiv>
                    <Unicode>haucht, daß der Kenner danach stets wieder mit Freude</Unicode>
                </TextEquiv>
            </TextLine>
            <TextLine id="r1l80" custom="readingOrder {index:79;}">
                <Coords points="1618,2568 2640,2562 2639,2521 2554,2511 1617,2533"/>
                <Baseline points="1632,2566 1681,2565 1731,2564 1781,2563 1830,2562 1880,2562 1930,2561 1979,2560 2029,2559 2079,2558 2129,2557 2178,2556 2228,2556 2278,2555 2327,2554 2377,2554 2427,2553 2476,2553 2526,2553 2576,2553 2626,2553"/>
                <TextEquiv>
                    <Unicode>St. Sulpice, deren Orgel weit über Paris berühmt ist.</Unicode>
                </TextEquiv>
            </TextLine>
            <TextLine id="r1l81" custom="readingOrder {index:80;}">
                <Coords points="2635,2566 2682,2569 2691,2561 2723,2570 2731,2561 2743,2570 2769,2570 2784,2562 2816,2577 2833,2562 2851,2563 2851,2522 2825,2519 2813,2530 2776,2527 2761,2518 2746,2526 2636,2525"/>
                <Baseline points="2651,2560 2677,2557 2703,2557 2730,2558 2756,2558 2783,2560 2809,2560 2836,2559"/>
                <TextEquiv>
                    <Unicode>Welschschre</Unicode>
                </TextEquiv>
            </TextLine>
            <TextLine id="r1l82" custom="readingOrder {index:81;}">
                <Coords points="570,2589 1510,2582 1618,2568 1617,2530 569,2554"/>
                <Baseline points="584,2590 635,2588 686,2586 737,2584 788,2583 839,2582 890,2580 941,2579 992,2578 1043,2578 1094,2577 1145,2576 1196,2575 1247,2575 1298,2574 1349,2573 1400,2572 1451,2571 1502,2569 1553,2568 1604,2566"/>
                <TextEquiv>
                    <Unicode>greifen wird. Neben ihm steht die lange Reihe seiner</Unicode>
                </TextEquiv>
            </TextLine>
            <TextLine id="r1l83" custom="readingOrder {index:82;}">
                <Coords points="1609,2612 2643,2592 2642,2557 2578,2552 1609,2571"/>
                <Baseline points="1625,2602 1675,2602 1725,2601 1775,2601 1825,2600 1875,2599 1925,2598 1975,2597 2025,2596 2075,2595 2126,2594 2176,2593 2226,2592 2276,2591 2326,2591 2376,2591 2426,2590 2476,2590 2526,2590 2576,2591 2627,2591"/>
                <TextEquiv>
                    <Unicode>Nachmittags findet ein Umzug von über 300 Teilneh¬</Unicode>
                </TextEquiv>
            </TextLine>
            <TextLine id="r1l84" custom="readingOrder {index:83;}">
                <Coords points="2636,2601 2691,2601 2741,2612 2747,2606 2825,2602 2860,2611 2860,2576 2842,2576 2831,2564 2825,2570 2810,2562 2636,2563"/>
                <Baseline points="2652,2599 2679,2600 2707,2600 2735,2600 2762,2599 2790,2598 2818,2598 2846,2599"/>
                <TextEquiv>
                    <Unicode>bestehend #</Unicode>
                </TextEquiv>
            </TextLine>
            <TextLine id="r1l85" custom="readingOrder {index:84;}">
                <Coords points="580,2618 1614,2611 1613,2570 580,2591"/>
                <Baseline points="594,2627 644,2626 694,2624 744,2623 794,2622 845,2620 895,2619 945,2618 995,2618 1045,2617 1096,2616 1146,2615 1196,2614 1246,2613 1296,2612 1347,2611 1397,2610 1447,2609 1497,2608 1547,2606 1598,2605"/>
                <TextEquiv>
                    <Unicode>Schöpfungen, nicht alle vom gleichen Wert, einige wohl</Unicode>
                </TextEquiv>
            </TextLine>
            <TextLine id="r1l86" custom="readingOrder {index:85;}">
                <Coords points="2633,2639 2738,2644 2753,2636 2779,2653 2808,2632 2834,2632 2834,2606 2770,2603 2741,2612 2709,2601 2633,2601"/>
                <Baseline points="2649,2635 2677,2634 2705,2633 2734,2634 2762,2635 2790,2634 2819,2631"/>
                <TextEquiv>
                    <Unicode>leben zu</Unicode>
                </TextEquiv>
            </TextLine>
            <TextLine id="r1l87" custom="readingOrder {index:86;}">
                <Coords points="1618,2647 2614,2636 2634,2589 1618,2612"/>
                <Baseline points="1634,2642 1683,2641 1732,2641 1781,2640 1831,2639 1880,2639 1929,2638 1979,2637 2028,2636 2077,2636 2127,2635 2176,2634 2225,2633 2274,2632 2324,2631 2373,2630 2422,2630 2472,2629 2521,2628 2570,2627 2620,2626"/>
                <TextEquiv>
                    <Unicode>mern statt, in welchem ein Mädchen des Quartiers als</Unicode>
                </TextEquiv>
            </TextLine>
            <TextLine id="r1l88" custom="readingOrder {index:87;}">
                <Coords points="578,2667 1606,2649 1605,2611 1562,2609 577,2618"/>
                <Baseline points="594,2665 643,2663 693,2662 743,2661 793,2659 843,2658 893,2657 943,2656 993,2655 1043,2654 1093,2654 1142,2653 1192,2652 1242,2651 1292,2650 1342,2649 1392,2648 1442,2647 1492,2645 1542,2644 1592,2642"/>
                <TextEquiv>
                    <Unicode>mehr Abstraktionen und im Ersonnenen haftend, aber</Unicode>
                </TextEquiv>
            </TextLine>
            <TextLine id="r1l89" custom="readingOrder {index:88;}">
                <Coords points="1612,2685 2541,2679 2637,2671 2637,2633 1612,2644"/>
                <Baseline points="1627,2682 1676,2681 1726,2679 1776,2678 1826,2677 1876,2676 1925,2675 1975,2675 2025,2674 2075,2674 2125,2673 2174,2673 2224,2672 2274,2672 2324,2671 2374,2670 2423,2669 2473,2668 2523,2666 2573,2664 2623,2662"/>
                <TextEquiv>
                    <Unicode>Jeanne d'Arc, die Befreierin von Orléans, begleitet von</Unicode>
                </TextEquiv>
            </TextLine>
            <TextLine id="r1l90" custom="readingOrder {index:89;}">
                <Coords points="2644,2677 2696,2682 2720,2675 2763,2683 2787,2671 2807,2682 2836,2670 2871,2675 2870,2628 2835,2641 2812,2632 2789,2645 2774,2636 2643,2642"/>
                <Baseline points="2658,2672 2686,2673 2714,2674 2742,2674 2771,2673 2799,2672 2827,2670 2856,2668"/>
                <TextEquiv>
                    <Unicode>Galerie Le¬</Unicode>
                </TextEquiv>
            </TextLine>
            <TextLine id="r1l91" custom="readingOrder {index:90;}">
                <Coords points="575,2703 1437,2703 1620,2688 1620,2650 575,2671"/>
                <Baseline points="590,2701 640,2700 691,2699 742,2698 793,2697 843,2696 894,2696 945,2695 996,2694 1046,2693 1097,2693 1148,2692 1199,2691 1249,2690 1300,2689 1351,2688 1402,2687 1452,2686 1503,2684 1554,2683 1605,2681"/>
                <TextEquiv>
                    <Unicode>alle vornehm, alle so, daß sie auf unserem Erdball nur</Unicode>
                </TextEquiv>
            </TextLine>
            <TextLine id="r1l92" custom="readingOrder {index:91;}">
                <Coords points="1610,2719 2635,2718 2634,2669 2558,2664 1872,2694 1609,2667"/>
                <Baseline points="1625,2718 1674,2719 1724,2719 1774,2719 1823,2718 1873,2718 1923,2717 1972,2716 2022,2715 2072,2714 2122,2713 2171,2712 2221,2710 2271,2709 2320,2708 2370,2707 2420,2706 2469,2706 2519,2705 2569,2704 2619,2704"/>
                <TextEquiv>
                    <Unicode>ihren Pagen, Herolden und Schildträgern hoch zu Roß</Unicode>
                </TextEquiv>
            </TextLine>
            <TextLine id="r1l93" custom="readingOrder {index:92;}">
                <Coords points="2633,2718 2665,2724 2688,2718 2720,2730 2729,2724 2752,2730 2766,2719 2807,2722 2836,2740 2854,2723 2871,2723 2872,2673 2837,2670 2808,2681 2784,2672 2709,2675 2697,2683 2633,2674"/>
                <Baseline points="2646,2709 2672,2713 2698,2714 2724,2714 2751,2714 2777,2714 2803,2713 2829,2713 2856,2715"/>
                <TextEquiv>
                    <Unicode>[Schneelz</Unicode>
                </TextEquiv>
            </TextLine>
            <TextLine id="r1l94" custom="readingOrder {index:93;}">
                <Coords points="579,2751 1615,2728 1614,2684 578,2701"/>
                <Baseline points="593,2743 643,2741 693,2739 743,2738 794,2736 844,2735 894,2734 945,2733 995,2732 1045,2732 1096,2731 1146,2730 1196,2729 1246,2728 1297,2727 1347,2726 1397,2725 1448,2723 1498,2721 1548,2719 1599,2716"/>
                <TextEquiv>
                    <Unicode>just der Doktor Arthur Schnitzler in Wien schreiben</Unicode>
                </TextEquiv>
            </TextLine>
            <TextLine id="r1l95" custom="readingOrder {index:94;}">
                <Coords points="1617,2764 1699,2773 1713,2764 1728,2773 1798,2755 1833,2773 1870,2761 1943,2775 1943,2729 1897,2732 1876,2717 1617,2721"/>
                <Baseline points="1633,2753 1659,2754 1686,2755 1713,2756 1740,2756 1767,2756 1794,2756 1821,2755 1848,2755 1875,2754 1902,2754 1929,2753"/>
                <TextEquiv>
                    <Unicode>auftreten wird.</Unicode>
                </TextEquiv>
            </TextLine>
            <TextLine id="r1l96" custom="readingOrder {index:95;}">
                <Coords points="568,2774 1613,2769 1612,2719 567,2742"/>
                <Baseline points="583,2780 633,2778 684,2777 735,2775 786,2774 837,2773 887,2771 938,2770 989,2770 1040,2769 1091,2768 1141,2767 1192,2766 1243,2765 1294,2764 1345,2763 1395,2762 1446,2760 1497,2758 1548,2757 1599,2754"/>
                <TextEquiv>
                    <Unicode>konnte, keiner vor ihm und keiner nach ihm. Er wurde</Unicode>
                </TextEquiv>
            </TextLine>
            <TextLine id="r1l97" custom="readingOrder {index:96;}">
                <Coords points="578,2821 1451,2816 1620,2801 1619,2763 576,2771"/>
                <Baseline points="592,2818 642,2817 693,2815 743,2814 794,2812 845,2811 895,2810 946,2809 997,2808 1047,2807 1098,2806 1149,2805 1199,2804 1250,2803 1301,2802 1351,2801 1402,2800 1453,2798 1503,2797 1554,2796 1605,2794"/>
                <TextEquiv>
                    <Unicode>viel nachgeahmt, ist viel bewundert, und Wien, min¬</Unicode>
                </TextEquiv>
            </TextLine>
            <TextLine id="r1l98" custom="readingOrder {index:97;}">
                <Coords points="2689,2824 2715,2821 2738,2833 2750,2828 2764,2834 2793,2831 2802,2822 2808,2828 2831,2826 2832,2782 2817,2782 2797,2767 2785,2776 2774,2776 2762,2770 2750,2772 2736,2763 2730,2769 2716,2763 2689,2763"/>
                <Baseline points="2704,2819 2732,2820 2760,2820 2788,2820 2816,2821"/>
                <TextEquiv>
                    <Unicode>Zw.</Unicode>
                </TextEquiv>
            </TextLine>
            <TextLine id="r1l99" custom="readingOrder {index:98;}">
                <Coords points="1665,2834 2646,2815 2645,2769 2608,2763 1665,2790"/>
                <Baseline points="1681,2830 1728,2830 1776,2830 1823,2830 1871,2830 1918,2829 1966,2829 2013,2829 2061,2828 2108,2827 2156,2827 2203,2826 2251,2825 2298,2824 2346,2824 2393,2823 2441,2822 2488,2821 2536,2820 2583,2819 2631,2818"/>
                <TextEquiv>
                    <Unicode>„Glühwürmchenbeleuchtung.“ Professor Newion Har¬</Unicode>
                </TextEquiv>
            </TextLine>
            <TextLine id="r1l100" custom="readingOrder {index:99;}">
                <Coords points="568,2845 1430,2853 1590,2844 1616,2797 568,2813"/>
                <Baseline points="584,2856 637,2854 691,2853 744,2851 798,2849 852,2848 905,2847 959,2846 1013,2845 1066,2844 1120,2843 1173,2842 1227,2842 1281,2841 1334,2840 1388,2838 1442,2837 1495,2836 1549,2834 1603,2832"/>
                <TextEquiv>
                    <Unicode>destens jenes Wien, das der Schreiber dieser Betrach¬</Unicode>
                </TextEquiv>
            </TextLine>
            <TextLine id="r1l101" custom="readingOrder {index:100;}">
                <Coords points="2643,2867 2701,2866 2716,2878 2728,2866 2766,2872 2806,2860 2833,2874 2853,2859 2865,2871 2879,2871 2879,2821 2855,2824 2844,2836 2826,2822 2765,2834 2745,2828 2739,2834 2716,2822 2643,2826"/>
                <Baseline points="2659,2863 2684,2862 2710,2861 2735,2861 2761,2861 2787,2862 2812,2861 2838,2861 2864,2860"/>
                <TextEquiv>
                    <Unicode>Dessauer E.</Unicode>
                </TextEquiv>
            </TextLine>
            <TextLine id="r1l102" custom="readingOrder {index:101;}">
                <Coords points="1620,2877 2642,2863 2641,2817 1619,2822"/>
                <Baseline points="1633,2869 1682,2869 1732,2869 1782,2868 1832,2868 1881,2868 1931,2868 1981,2868 2031,2868 2080,2867 2130,2867 2180,2867 2230,2866 2279,2866 2329,2865 2379,2864 2429,2863 2478,2862 2528,2860 2578,2858 2628,2856"/>
                <TextEquiv>
                    <Unicode>vey von der amerikanischen Princeton=Universität will</Unicode>
                </TextEquiv>
            </TextLine>
            <TextLine id="r1l103" custom="readingOrder {index:102;}">
                <Coords points="585,2892 1616,2881 1615,2837 585,2860"/>
                <Baseline points="600,2896 650,2894 700,2891 750,2889 800,2888 850,2887 900,2885 950,2885 1000,2884 1050,2883 1100,2883 1150,2882 1200,2881 1250,2881 1300,2880 1350,2879 1400,2878 1450,2877 1500,2876 1550,2874 1600,2872"/>
                <TextEquiv>
                    <Unicode>tungen noch kannte, hat niemals aufgehört, in Schnitzler</Unicode>
                </TextEquiv>
            </TextLine>
            <TextLine id="r1l104" custom="readingOrder {index:103;}">
                <Coords points="2642,2909 2674,2914 2714,2901 2723,2910 2770,2903 2843,2907 2858,2921 2878,2918 2877,2871 2862,2872 2850,2860 2769,2871 2716,2863 2708,2872 2641,2868"/>
                <Baseline points="2656,2902 2681,2901 2707,2901 2733,2901 2759,2900 2784,2899 2810,2898 2836,2898 2862,2898"/>
                <TextEquiv>
                    <Unicode>hat in den #</Unicode>
                </TextEquiv>
            </TextLine>
            <TextLine id="r1l105" custom="readingOrder {index:104;}">
                <Coords points="1629,2914 2622,2901 2636,2860 1628,2876"/>
                <Baseline points="1644,2910 1692,2910 1741,2910 1790,2910 1839,2910 1888,2910 1937,2909 1985,2909 2034,2908 2083,2907 2132,2907 2181,2906 2230,2904 2279,2903 2327,2903 2376,2901 2425,2900 2474,2899 2523,2897 2572,2896 2621,2895"/>
                <TextEquiv>
                    <Unicode>nach eingehenden Studien über die Lichtquelle der</Unicode>
                </TextEquiv>
            </TextLine>
            <TextLine id="r1l106" custom="readingOrder {index:105;}">
                <Coords points="583,2930 1616,2918 1615,2877 582,2893"/>
                <Baseline points="598,2936 648,2933 698,2930 748,2928 798,2926 849,2925 899,2923 949,2922 999,2922 1049,2921 1100,2921 1150,2920 1200,2920 1250,2919 1300,2919 1351,2918 1401,2917 1451,2916 1501,2916 1551,2914 1602,2912"/>
                <TextEquiv>
                    <Unicode>seinen repräsentativen Dichter zu sehen. Das gibt ihm</Unicode>
                </TextEquiv>
            </TextLine>
            <TextLine id="r1l107" custom="readingOrder {index:106;}">
                <Coords points="2645,2940 2721,2944 2732,2938 2776,2955 2811,2939 2881,2935 2880,2912 2851,2912 2836,2898 2645,2910"/>
                <Baseline points="2661,2942 2686,2940 2712,2938 2738,2938 2764,2937 2789,2937 2815,2937 2841,2937 2867,2937"/>
                <TextEquiv>
                    <Unicode>zert der mur</Unicode>
                </TextEquiv>
            </TextLine>
            <TextLine id="r1l108" custom="readingOrder {index:107;}">
                <Coords points="1619,2951 2638,2938 2637,2897 2576,2895 1619,2916"/>
                <Baseline points="1635,2949 1684,2949 1733,2950 1783,2950 1832,2950 1881,2950 1931,2949 1980,2949 2029,2948 2079,2947 2128,2946 2177,2945 2227,2944 2276,2943 2325,2941 2375,2940 2424,2938 2473,2937 2523,2935 2572,2933 2622,2932"/>
                <TextEquiv>
                    <Unicode>Leuchtkäser, Parasiten, Krustentierchen und anderer Or¬</Unicode>
                </TextEquiv>
            </TextLine>
            <TextLine id="r1l109" custom="readingOrder {index:108;}">
                <Coords points="573,2973 1615,2956 1614,2915 1445,2913 573,2947"/>
                <Baseline points="588,2973 638,2970 689,2969 739,2967 790,2966 841,2965 891,2963 942,2962 992,2961 1043,2960 1094,2959 1144,2959 1195,2958 1245,2957 1296,2956 1347,2955 1397,2955 1448,2954 1498,2953 1549,2952 1600,2951"/>
                <TextEquiv>
                    <Unicode>eine ganz einzigartige Stellung; denn kein anderer von</Unicode>
                </TextEquiv>
            </TextLine>
            <TextLine id="r1l110" custom="readingOrder {index:109;}">
                <Coords points="2645,2984 2680,2982 2685,2988 2691,2982 2726,2983 2741,2975 2752,2987 2764,2979 2813,2986 2814,2960 2800,2959 2791,2950 2765,2953 2754,2943 2739,2940 2646,2940"/>
                <Baseline points="2659,2977 2686,2975 2714,2977 2742,2978 2770,2980 2798,2978"/>
                <TextEquiv>
                    <Unicode>flöte“, „</Unicode>
                </TextEquiv>
            </TextLine>
            <TextLine id="r1l111" custom="readingOrder {index:110;}">
                <Coords points="1628,2991 2644,2981 2643,2937 1628,2953"/>
                <Baseline points="1644,2989 1693,2988 1742,2987 1791,2986 1840,2985 1890,2985 1939,2984 1988,2984 2037,2984 2086,2983 2136,2983 2185,2983 2234,2982 2283,2981 2332,2980 2382,2979 2431,2978 2480,2976 2529,2974 2578,2972 2628,2969"/>
                <TextEquiv>
                    <Unicode>ganismen ein Verfahren entdeckt haben, das ihm ge¬</Unicode>
                </TextEquiv>
            </TextLine>
            <TextLine id="r1l112" custom="readingOrder {index:111;}">
                <Coords points="575,3020 1617,2992 1616,2951 574,2974"/>
                <Baseline points="588,3010 638,3008 689,3006 740,3005 790,3003 841,3002 892,3001 942,2999 993,2999 1044,2998 1095,2997 1145,2996 1196,2996 1247,2995 1297,2994 1348,2993 1399,2993 1449,2992 1500,2991 1551,2990 1602,2988"/>
                <TextEquiv>
                    <Unicode>dden Lebenden, wobei Höhenmessungen ganz unterlassen</Unicode>
                </TextEquiv>
            </TextLine>
            <TextLine id="r1l113" custom="readingOrder {index:112;}">
                <Coords points="2643,3021 2683,3011 2716,3022 2753,3013 2850,3022 2887,3010 2886,2957 2866,2958 2843,2978 2802,2985 2764,2980 2756,2986 2744,2975 2642,2983"/>
                <Baseline points="2657,3016 2684,3015 2711,3013 2738,3013 2765,3012 2792,3012 2819,3012 2846,3011 2874,3010"/>
                <TextEquiv>
                    <Unicode>pertsbuss</Unicode>
                </TextEquiv>
            </TextLine>
            <TextLine id="r1l114" custom="readingOrder {index:113;}">
                <Coords points="1628,3033 2635,3015 2634,2974 2570,2967 1627,2993"/>
                <Baseline points="1641,3025 1692,3025 1744,3025 1795,3025 1847,3024 1898,3024 1950,3023 2001,3022 2053,3021 2104,3020 2156,3019 2207,3018 2259,3017 2310,3015 2362,3014 2413,3013 2465,3012 2516,3011 2568,3010 2620,3010"/>
                <TextEquiv>
                    <Unicode>stattet, diese Quelle zur Erzeugung eines dauernd bren¬</Unicode>
                </TextEquiv>
            </TextLine>
            <TextLine id="r1l115" custom="readingOrder {index:114;}">
                <Coords points="573,3048 1542,3039 1626,3031 1626,2996 572,3013"/>
                <Baseline points="588,3049 639,3048 690,3046 741,3045 792,3044 844,3042 895,3041 946,3040 997,3039 1048,3038 1100,3037 1151,3035 1202,3035 1253,3034 1304,3033 1356,3032 1407,3031 1458,3029 1509,3029 1560,3027 1612,3026"/>
                <TextEquiv>
                    <Unicode>sein sollen, hatte eben dies Repräsentative, das bei</Unicode>
                </TextEquiv>
            </TextLine>
            <TextLine id="r1l116" custom="readingOrder {index:115;}">
                <Coords points="2652,3058 2692,3052 2721,3066 2742,3052 2765,3061 2850,3055 2867,3066 2887,3066 2887,3011 2858,3014 2850,3023 2771,3020 2753,3011 2748,3017 2684,3011 2652,3017"/>
                <Baseline points="2666,3052 2691,3052 2717,3052 2743,3051 2769,3051 2795,3052 2821,3052 2847,3052 2873,3051"/>
                <TextEquiv>
                    <Unicode>Begeisterung</Unicode>
                </TextEquiv>
            </TextLine>
            <TextLine id="r1l117" custom="readingOrder {index:116;}">
                <Coords points="1620,3064 2648,3052 2647,3011 2530,3007 1620,3035"/>
                <Baseline points="1636,3063 1685,3062 1735,3062 1785,3061 1835,3061 1885,3060 1935,3060 1984,3059 2034,3058 2084,3058 2134,3057 2184,3056 2234,3055 2284,3054 2333,3053 2383,3051 2433,3050 2483,3049 2533,3048 2583,3047 2633,3045"/>
                <TextEquiv>
                    <Unicode>nenden, kalten Lichts zu benützen. Die lichtenwickelnde</Unicode>
                </TextEquiv>
            </TextLine>
            <TextLine id="r1l118" custom="readingOrder {index:117;}">
                <Coords points="580,3092 1628,3070 1627,3035 1563,3031 579,3054"/>
                <Baseline points="596,3087 646,3085 697,3084 748,3083 799,3082 850,3080 900,3079 951,3078 1002,3078 1053,3076 1104,3075 1154,3074 1205,3073 1256,3072 1307,3071 1358,3070 1408,3069 1459,3068 1510,3067 1561,3066 1612,3065"/>
                <TextEquiv>
                    <Unicode>Schnitzler ergibt, wie eine große Stadt mit ihrem be¬</Unicode>
                </TextEquiv>
            </TextLine>
            <TextLine id="r1l119" custom="readingOrder {index:118;}">
                <Coords points="2646,3093 2698,3099 2718,3087 2779,3108 2820,3091 2849,3109 2884,3109 2885,3053 2797,3062 2739,3053 2722,3067 2692,3052 2646,3058"/>
                <Baseline points="2659,3087 2685,3089 2711,3090 2738,3091 2764,3091 2790,3091 2817,3091 2843,3090 2870,3088"/>
                <TextEquiv>
                    <Unicode>als Oper#</Unicode>
                </TextEquiv>
            </TextLine>
            <TextLine id="r1l120" custom="readingOrder {index:119;}">
                <Coords points="1635,3105 2642,3090 2641,3046 1634,3064"/>
                <Baseline points="1648,3100 1699,3100 1751,3099 1802,3099 1854,3099 1905,3098 1957,3097 2008,3097 2060,3096 2111,3095 2163,3095 2214,3093 2266,3092 2317,3091 2369,3090 2420,3089 2472,3087 2523,3086 2575,3085 2627,3083"/>
                <TextEquiv>
                    <Unicode>Substanz wird zu dem Zweck in Wasser aufgelöst und</Unicode>
                </TextEquiv>
            </TextLine>
            <TextLine id="r1l121" custom="readingOrder {index:120;}">
                <Coords points="582,3138 1627,3112 1626,3074 1553,3064 581,3091"/>
                <Baseline points="597,3127 647,3125 698,3123 749,3121 800,3120 850,3118 901,3117 952,3116 1003,3115 1053,3114 1104,3113 1155,3113 1206,3112 1256,3111 1307,3110 1358,3109 1409,3108 1459,3106 1510,3104 1561,3103 1612,3101"/>
                <TextEquiv>
                    <Unicode>stimmten Kulturkreise sich durch ein volles Menschen¬</Unicode>
                </TextEquiv>
            </TextLine>
            <TextLine id="r1l122" custom="readingOrder {index:121;}">
                <Coords points="2650,3134 2679,3135 2688,3129 2726,3133 2741,3127 2758,3134 2802,3134 2802,3097 2785,3096 2773,3102 2718,3086 2701,3097 2651,3093"/>
                <Baseline points="2666,3125 2696,3126 2727,3125 2757,3126 2788,3129"/>
                <TextEquiv>
                    <Unicode>treten.</Unicode>
                </TextEquiv>
            </TextLine>
            <TextLine id="r1l123" custom="readingOrder {index:122;}">
                <Coords points="1632,3141 2651,3129 2650,3088 1631,3104"/>
                <Baseline points="1646,3138 1695,3138 1744,3138 1794,3137 1843,3137 1893,3136 1942,3136 1992,3135 2041,3134 2091,3133 2140,3132 2189,3130 2239,3129 2288,3128 2338,3127 2387,3126 2437,3125 2486,3125 2536,3124 2585,3123 2635,3123"/>
                <TextEquiv>
                    <Unicode>in eine Flasche gefüllt. Sie erscheint in einem</Unicode>
                </TextEquiv>
            </TextLine>
            <TextLine id="r1l124" custom="readingOrder {index:123;}">
                <Coords points="588,3164 1622,3141 1621,3103 1557,3099 588,3129"/>
                <Baseline points="602,3164 652,3162 702,3160 752,3159 803,3157 853,3156 903,3155 954,3154 1004,3153 1054,3152 1105,3151 1155,3150 1205,3149 1255,3148 1306,3147 1356,3146 1406,3145 1457,3144 1507,3142 1557,3141 1608,3139"/>
                <TextEquiv>
                    <Unicode>alter hindurch künstlerisch mit gerade diesem einen be¬</Unicode>
                </TextEquiv>
            </TextLine>
            <TextLine id="r1l125" custom="readingOrder {index:124;}">
                <Coords points="2647,3167 2737,3179 2752,3167 2784,3173 2804,3159 2819,3174 2825,3168 2839,3174 2886,3156 2886,3110 2854,3107 2837,3124 2790,3133 2647,3129"/>
                <Baseline points="2661,3164 2687,3163 2713,3163 2739,3163 2766,3163 2792,3164 2818,3164 2844,3164 2871,3164"/>
                <TextEquiv>
                    <Unicode>nächsten Ja¬</Unicode>
                </TextEquiv>
            </TextLine>
            <TextLine id="r1l126" custom="readingOrder {index:125;}">
                <Coords points="1635,3181 2651,3166 2650,3122 1634,3143"/>
                <Baseline points="1650,3179 1699,3177 1748,3176 1798,3175 1847,3174 1896,3173 1946,3172 1995,3171 2044,3170 2094,3169 2143,3169 2192,3168 2242,3166 2291,3165 2340,3164 2390,3163 2439,3162 2488,3161 2538,3160 2587,3159 2637,3157"/>
                <TextEquiv>
                    <Unicode>dunklen Raumwie Wasser, das mitblauer</Unicode>
                </TextEquiv>
            </TextLine>
            <TextLine id="r1l127" custom="readingOrder {index:126;}">
                <Coords points="583,3203 1450,3206 1622,3191 1621,3141 582,3162"/>
                <Baseline points="596,3202 646,3200 697,3199 747,3198 798,3196 849,3195 899,3194 950,3193 1000,3191 1051,3190 1102,3190 1152,3189 1203,3187 1253,3187 1304,3186 1355,3185 1405,3184 1456,3183 1506,3183 1557,3182 1608,3181"/>
                <TextEquiv>
                    <Unicode>stimmten Poeten sich vollkommen deckt. Hauptmann ist</Unicode>
                </TextEquiv>
            </TextLine>
            <TextLine id="r1l128" custom="readingOrder {index:127;}">
                <Coords points="2645,3208 2717,3210 2738,3199 2767,3213 2872,3206 2901,3218 2900,3151 2883,3148 2834,3175 2804,3160 2790,3172 2735,3161 2644,3164"/>
                <Baseline points="2660,3199 2685,3201 2710,3201 2735,3202 2760,3201 2785,3201 2810,3200 2835,3200 2860,3199 2885,3200"/>
                <TextEquiv>
                    <Unicode>dem Publiks</Unicode>
                </TextEquiv>
            </TextLine>
            <TextLine id="r1l129" custom="readingOrder {index:128;}">
                <Coords points="1623,3212 2642,3204 2641,3160 1623,3177"/>
                <Baseline points="1639,3215 1688,3215 1737,3214 1787,3213 1836,3212 1886,3212 1935,3211 1984,3210 2034,3209 2083,3208 2133,3207 2182,3206 2231,3205 2281,3204 2330,3203 2380,3202 2429,3201 2478,3200 2528,3199 2577,3197 2627,3196"/>
                <TextEquiv>
                    <Unicode>[Flamme brennt. Man kann bei diesem Licht im</Unicode>
                </TextEquiv>
            </TextLine>
            <TextLine id="r1l130" custom="readingOrder {index:129;}">
                <Coords points="590,3239 1556,3229 1620,3222 1620,3188 589,3201"/>
                <Baseline points="604,3241 654,3239 704,3237 754,3235 804,3234 854,3233 904,3232 954,3231 1004,3230 1054,3229 1104,3228 1154,3228 1204,3227 1254,3227 1304,3226 1354,3225 1404,3224 1454,3223 1504,3222 1554,3221 1605,3219"/>
                <TextEquiv>
                    <Unicode>weniger Deutschland, d'Annunzio weniger Italien,</Unicode>
                </TextEquiv>
            </TextLine>
            <TextLine id="r1l131" custom="readingOrder {index:130;}">
                <Coords points="2655,3245 2716,3250 2733,3241 2745,3252 2754,3243 2789,3240 2800,3248 2841,3239 2879,3244 2878,3209 2846,3213 2835,3204 2744,3206 2738,3200 2709,3209 2654,3207"/>
                <Baseline points="2669,3238 2696,3240 2724,3240 2752,3240 2780,3239 2808,3239 2836,3237 2864,3236"/>
                <TextEquiv>
                    <Unicode>Dirigenten</Unicode>
                </TextEquiv>
            </TextLine>
            <TextLine id="r1l132" custom="readingOrder {index:131;}">
                <Coords points="1636,3261 2641,3243 2640,3205 2587,3197 1636,3220"/>
                <Baseline points="1652,3254 1700,3254 1749,3253 1798,3252 1846,3251 1895,3250 1944,3249 1992,3249 2041,3248 2090,3247 2139,3246 2187,3245 2236,3244 2285,3243 2333,3243 2382,3242 2431,3240 2479,3240 2528,3239 2577,3238 2626,3237"/>
                <TextEquiv>
                    <Unicode>dunklen Zimmer bequem lesen. Der Leuchtstoff, der</Unicode>
                </TextEquiv>
            </TextLine>
            <TextLine id="r1l133" custom="readingOrder {index:132;}">
                <Coords points="581,3284 1617,3267 1616,3220 580,3246"/>
                <Baseline points="595,3280 645,3278 695,3277 746,3275 796,3274 847,3273 897,3271 947,3270 998,3269 1048,3268 1099,3267 1149,3266 1199,3265 1250,3264 1300,3263 1351,3263 1401,3261 1451,3260 1502,3259 1552,3258 1603,3257"/>
                <TextEquiv>
                    <Unicode>France weniger Frankreich als Schnitzler Oesterreich</Unicode>
                </TextEquiv>
            </TextLine>
            <TextLine id="r1l134" custom="readingOrder {index:133;}">
                <Coords points="2647,3283 2703,3286 2723,3278 2746,3289 2755,3281 2796,3287 2828,3278 2851,3290 2863,3278 2892,3278 2892,3235 2825,3246 2648,3242"/>
                <Baseline points="2663,3277 2689,3278 2716,3279 2743,3279 2770,3279 2796,3279 2823,3278 2850,3279 2877,3279"/>
                <TextEquiv>
                    <Unicode>der bisherige</Unicode>
                </TextEquiv>
            </TextLine>
            <TextLine id="r1l135" custom="readingOrder {index:134;}">
                <Coords points="1623,3307 2650,3280 2649,3242 2570,3235 1622,3266"/>
                <Baseline points="1637,3295 1686,3295 1736,3294 1786,3293 1836,3292 1886,3291 1936,3290 1986,3290 2036,3289 2086,3287 2136,3287 2185,3285 2235,3284 2285,3283 2335,3282 2385,3281 2435,3280 2485,3279 2535,3278 2585,3276 2635,3275"/>
                <TextEquiv>
                    <Unicode>glüht, ohne irgendwie Hitze zu entwickeln, stammt von</Unicode>
                </TextEquiv>
            </TextLine>
            <TextLine id="r1l136" custom="readingOrder {index:135;}">
                <Coords points="589,3332 1619,3303 1618,3259 588,3280"/>
                <Baseline points="604,3319 654,3318 704,3316 754,3315 804,3314 854,3312 904,3311 954,3310 1004,3308 1054,3307 1104,3306 1154,3305 1204,3304 1254,3303 1304,3302 1354,3301 1404,3300 1454,3299 1504,3298 1554,3297 1605,3296"/>
                <TextEquiv>
                    <Unicode>war. Ist er es noch imemer? Darüber steht jemandem,</Unicode>
                </TextEquiv>
            </TextLine>
            <TextLine id="r1l137" custom="readingOrder {index:136;}">
                <Coords points="2646,3317 2731,3327 2789,3316 2859,3323 2879,3311 2891,3323 2908,3322 2907,3261 2889,3262 2852,3289 2834,3280 2811,3290 2761,3279 2744,3288 2723,3277 2703,3286 2645,3279"/>
                <Baseline points="2659,3315 2685,3316 2711,3317 2737,3317 2763,3316 2789,3315 2815,3315 2841,3313 2867,3312 2894,3310"/>
                <TextEquiv>
                    <Unicode>tung der die</Unicode>
                </TextEquiv>
            </TextLine>
            <TextLine id="r1l138" custom="readingOrder {index:137;}">
                <Coords points="1628,3336 2600,3323 2641,3319 2640,3275 1627,3298"/>
                <Baseline points="1643,3333 1692,3332 1741,3331 1790,3330 1839,3329 1889,3328 1938,3327 1987,3327 2036,3326 2085,3325 2135,3324 2184,3324 2233,3323 2282,3322 2331,3320 2381,3319 2430,3318 2479,3317 2528,3315 2577,3313 2627,3311"/>
                <TextEquiv>
                    <Unicode>einem Krustentier von der Größe einer Fliege, das aus</Unicode>
                </TextEquiv>
            </TextLine>
            <TextLine id="r1l139" custom="readingOrder {index:138;}">
                <Coords points="587,3353 1614,3342 1634,3298 586,3321"/>
                <Baseline points="600,3356 651,3355 702,3354 753,3353 804,3352 855,3351 906,3350 957,3348 1008,3348 1059,3346 1110,3345 1161,3344 1212,3343 1263,3342 1314,3341 1365,3339 1416,3338 1467,3337 1518,3336 1569,3335 1620,3334"/>
                <TextEquiv>
                    <Unicode>der es in seinen schweren Wandlungen nicht mehr erlebt</Unicode>
                </TextEquiv>
            </TextLine>
            <TextLine id="r1l140" custom="readingOrder {index:139;}">
                <Coords points="2646,3363 2687,3374 2727,3355 2768,3351 2789,3363 2829,3365 2855,3352 2882,3372 2905,3369 2904,3322 2878,3311 2858,3323 2645,3319"/>
                <Baseline points="2661,3355 2686,3355 2711,3355 2737,3354 2762,3354 2787,3353 2813,3353 2838,3352 2863,3351 2889,3350"/>
                <TextEquiv>
                    <Unicode>Hand Bruns</Unicode>
                </TextEquiv>
            </TextLine>
            <TextLine id="r1l141" custom="readingOrder {index:140;}">
                <Coords points="1629,3374 2648,3362 2627,3301 1629,3336"/>
                <Baseline points="1645,3370 1694,3369 1743,3368 1793,3368 1842,3367 1892,3367 1941,3366 1990,3366 2040,3365 2089,3364 2139,3364 2188,3363 2237,3362 2287,3361 2336,3359 2386,3358 2435,3356 2484,3354 2534,3352 2583,3350 2633,3347"/>
                <TextEquiv>
                    <Unicode>Japan kommt. Der Stoff unterscheidet sich in nichts von</Unicode>
                </TextEquiv>
            </TextLine>
            <TextLine id="r1l142" custom="readingOrder {index:141;}">
                <Coords points="589,3397 1546,3384 1636,3376 1636,3335 588,3353"/>
                <Baseline points="604,3396 654,3395 705,3393 756,3392 807,3390 858,3389 909,3388 959,3387 1010,3386 1061,3385 1112,3383 1163,3382 1214,3381 1265,3380 1315,3379 1366,3378 1417,3377 1468,3376 1519,3375 1570,3374 1621,3373"/>
                <TextEquiv>
                    <Unicode>hat, kein Urteil zu. Hier wollte nur einer, der ein Vier¬</Unicode>
                </TextEquiv>
            </TextLine>
            <TextLine id="r1l143" custom="readingOrder {index:142;}">
                <Coords points="2691,3381 2705,3381 2734,3400 2757,3388 2766,3395 2784,3389 2792,3398 2816,3381 2836,3399 2859,3397 2868,3406 2877,3397 2897,3398 2898,3366 2875,3365 2863,3353 2846,3353 2828,3367 2767,3351 2691,3355"/>
                <Baseline points="2704,3387 2729,3388 2754,3389 2780,3389 2805,3389 2831,3390 2856,3391 2882,3393"/>
                <TextEquiv>
                    <Unicode>Die O</Unicode>
                </TextEquiv>
            </TextLine>
            <TextLine id="r1l144" custom="readingOrder {index:143;}">
                <Coords points="1638,3415 2558,3402 2648,3391 2648,3356 1638,3374"/>
                <Baseline points="1654,3408 1705,3407 1757,3406 1808,3405 1860,3404 1911,3404 1963,3403 2014,3402 2066,3401 2117,3400 2169,3399 2220,3398 2272,3397 2323,3396 2375,3394 2426,3393 2478,3392 2529,3391 2581,3389 2633,3387"/>
                <TextEquiv>
                    <Unicode>dem, der den Glühwurm und die Feuerfliege auszeich¬</Unicode>
                </TextEquiv>
            </TextLine>
            <TextLine id="r1l145" custom="readingOrder {index:144;}">
                <Coords points="594,3433 1616,3423 1632,3377 593,3395"/>
                <Baseline points="608,3433 658,3431 709,3430 759,3429 810,3427 861,3426 911,3425 962,3424 1012,3423 1063,3422 1114,3421 1164,3420 1215,3419 1265,3418 1316,3417 1367,3416 1417,3415 1468,3414 1518,3413 1569,3413 1620,3412"/>
                <TextEquiv>
                    <Unicode>teljahrhundert neben dem reinen und noblen Dichter</Unicode>
                </TextEquiv>
            </TextLine>
            <TextLine id="r1l146" custom="readingOrder {index:145;}">
                <Coords points="2647,3444 2673,3448 2700,3430 2755,3445 2775,3428 2801,3437 2860,3429 2900,3441 2901,3397 2866,3406 2814,3382 2799,3393 2782,3387 2723,3396 2703,3378 2680,3375 2648,3389"/>
                <Baseline points="2661,3427 2686,3427 2711,3427 2736,3427 2761,3428 2786,3429 2811,3429 2836,3429 2861,3429 2887,3427"/>
                <TextEquiv>
                    <Unicode>tschechischen</Unicode>
                </TextEquiv>
            </TextLine>
            <TextLine id="r1l147" custom="readingOrder {index:146;}">
                <Coords points="1632,3450 2642,3435 2641,3391 1631,3415"/>
                <Baseline points="1645,3445 1694,3444 1743,3443 1792,3441 1841,3440 1890,3439 1939,3438 1988,3437 2037,3436 2086,3436 2136,3435 2185,3434 2234,3434 2283,3433 2332,3432 2381,3431 2430,3430 2479,3429 2528,3428 2577,3427 2627,3426"/>
                <TextEquiv>
                    <Unicode>net, der faulendes Holz zum Glühen bringt und Fleisch,</Unicode>
                </TextEquiv>
            </TextLine>
            <TextLine id="r1l148" custom="readingOrder {index:147;}">
                <Coords points="587,3480 1631,3458 1631,3411 586,3434"/>
                <Baseline points="600,3472 650,3469 701,3466 752,3464 803,3462 854,3461 905,3459 955,3458 1006,3457 1057,3457 1108,3456 1159,3456 1210,3455 1261,3455 1311,3454 1362,3454 1413,3453 1464,3452 1515,3450 1566,3449 1617,3447"/>
                <TextEquiv>
                    <Unicode>weilen durfte, ihm danken und ihn grüßen. Die Erinne¬</Unicode>
                </TextEquiv>
            </TextLine>
            <TextLine id="r1l149" custom="readingOrder {index:148;}">
                <Coords points="2647,3468 2907,3475 2906,3428 2714,3436 2691,3430 2673,3445 2647,3448"/>
                <Baseline points="2663,3469 2688,3466 2713,3466 2739,3466 2764,3467 2789,3467 2815,3467 2840,3467 2865,3465 2891,3462"/>
                <TextEquiv>
                    <Unicode>„Der Irrtum</Unicode>
                </TextEquiv>
            </TextLine>
            <TextLine id="r1l150" custom="readingOrder {index:149;}">
                <Coords points="1629,3494 2647,3472 2653,3439 1628,3447"/>
                <Baseline points="1643,3481 1692,3481 1742,3480 1792,3479 1842,3478 1892,3478 1941,3477 1991,3476 2041,3476 2091,3475 2141,3474 2190,3473 2240,3473 2290,3472 2340,3471 2390,3470 2439,3469 2489,3468 2539,3467 2589,3466 2639,3464"/>
                <TextEquiv>
                    <Unicode>das lange im Kühlraum aufbewahrt wirde, phosphores¬</Unicode>
                </TextEquiv>
            </TextLine>
            <TextLine id="r1l151" custom="readingOrder {index:150;}">
                <Coords points="580,3525 1634,3493 1615,3455 579,3473"/>
                <Baseline points="595,3505 646,3505 697,3504 748,3503 799,3502 850,3501 901,3499 953,3499 1004,3497 1055,3496 1106,3494 1157,3493 1208,3492 1259,3490 1311,3489 1362,3488 1413,3487 1464,3487 1515,3486 1566,3485 1618,3485"/>
                <TextEquiv>
                    <Unicode>rung zieht in sein stilles und feines Heim in der Stern¬</Unicode>
                </TextEquiv>
            </TextLine>
            <TextLine id="r1l152" custom="readingOrder {index:151;}">
                <Coords points="2658,3507 2746,3506 2757,3515 2769,3506 2781,3515 2874,3508 2920,3516 2920,3455 2882,3470 2716,3469 2658,3484"/>
                <Baseline points="2672,3506 2698,3505 2724,3505 2750,3505 2776,3505 2802,3505 2828,3505 2854,3505 2880,3504 2907,3501"/>
                <TextEquiv>
                    <Unicode>sie im Alter*</Unicode>
                </TextEquiv>
            </TextLine>
            <TextLine id="r1l153" custom="readingOrder {index:152;}">
                <Coords points="584,3535 2648,3507 583,3503"/>
                <Baseline points="600,3543 701,3542 803,3540 905,3539 1006,3538 1108,3536 1210,3534 1311,3532 1413,3530 1515,3528 1617,3526 1718,3524 1820,3522 1922,3520 2023,3518 2125,3515 2227,3513 2328,3511 2430,3509 2532,3507 2634,3506"/>
                <TextEquiv>
                    <Unicode>wartestraße, in seinen kleinen Garten und zu den vielen zieren läßt. Der Stoff wird Luciferin genannt. Das von</Unicode>
                </TextEquiv>
            </TextLine>
            <TextLine id="r1l154" custom="readingOrder {index:153;}">
                <Coords points="580,3593 2938,3559 2660,3498 579,3535"/>
                <Baseline points="595,3589 711,3586 827,3582 944,3579 1060,3576 1177,3573 1293,3570 1409,3567 1526,3564 1642,3562 1759,3559 1875,3557 1991,3554 2108,3552 2224,3550 2341,3548 2457,3547 2573,3546 2690,3544 2806,3544 2923,3543"/>
                <TextEquiv>
                    <Unicode>Schränken, woer in Schubladen sich selbst und seine Ein= seinem Stammorganismus losgelöste Luciferin verliert! Werk zeugt v.#</Unicode>
                </TextEquiv>
            </TextLine>
            <TextEquiv>
                <Unicode>6oth Birthday box 39/3
100—
Schon vorher hatte der Föderativverband die Ini= weiser
seinn
thur=Zürich beendigt, welches den Verkehr von Zürich
und Winterthur nach der West= und Zentralschweiz we= tiative in die Wege geleitet, die nun an der Schwelle einer
sentlich verbessern wird. Dieses Fernkabel enthält 40 der Junisession zur Volksabstimmung gelangt. Daß nötig
Adernpaare, womit durch Duplerschaltung 60 Sprech= nur rund 60,000 Unterschriften zusammengebracht[Aus,
werden konnten, könnte zu der Auffassung verleiten, laufen.
verbindungen hergestellt werden können.
und Umwandlung, zog wie das alte habsburgischef fälle belauernd, jedes Motiv in allen Variationen seiner seine Le
Oesterreich von überallher Kräfte. Wenn man etwas Arbeit festhält. Zu seinem sechzigsten Geburtstage wer¬ stoffzufun
wenn es
den viele ihm glückwünschend nahen, und wenn er auf
genauer hinsteht, so entdeckt man, wie gerade der Weg
ausgese“
seine Gartenveranda tritt, dann wird sein lebhaftes Auge
ist, der von Grillparzer zu Schnitzler führt, wie bei aller
fahren
in dem schönen, geisterhellten Dichterantlitz wieder sein
persönlichen und zeitlichen Verschiedenheit doch in bei¬
stoffein:
Wien zu seinen Füßen sehen, dieses Wien, das ihm
den das Wienerische dominiert. Die Hero ist eine
Leuchtt
Reich und Grenze, Lebensinhalt, Bestimmung und Liebe
ältere Schwester des Schnitzlerschen süßen Mädels, und
in die
bedeutet.
Anatol hat ebenso große Angst vor der Tat, wie schon
Dr. Ludwig Bauer. —Lzeigten¬
Rustan und Rudolf bei Grillparzer sich in Traum und
Teinem
Magie flüchteten. Nur hat Grillparzer Goethe und Schil¬
gibt alt
Kleine Rundschau.
ler erlebt, Schnitzler aber Maupassant und Dostojewski.
Stadius
E. G. Der Jahrmarkt von St. Germain. Freitag,
Weniger eklektisch als etwa Hauptmann und seiner
Samstag und Sonntag findet auf dem Platze von St.
Grenzen sich selbstkritisch bewußt, hat er in sich bloß auf¬
Sulpice in Paris auf dem linken Seineufer, wo der
Welt
genommen, was er auch verarbeiten konnte. Als An¬
Charakter des alten Paris ohnehin so gut erhalten
gehöriger einer Stadt und eines Reiches, dessen Existenz
schaften 1
geblieben ist, eine eigentümliche Ehrung der französischen
und Größespiel Zufall schien, das in seiner Vielfältigkeit
beabsichtig
Nationalheiligen Jeanne d'Arc statt. Unter der sachkun¬
auch keinen großen sozialen Kampf kannte, war Schnitz¬
Morax
digen Anleitung von Gelehrten und Künstlern wird der
ler vom Schicksal dazu bestimmt, in einem engen Gebiete
Mézié
mittelalterliche Jahrmarkt von St. Germain,
zu bleiben; aber er hat es in allen seinen Tiesen erkannt
zugunstent
den zuerst die Mönche dieser Abtei und später das
rung find“
und eine Leichtigkeit dabei gewonnen, die spielerisch
Königtum jährlich abhielten, wieder erstehen. In Ba¬
über Abgründen zu gaukeln weiß.
racken des 15. Jahrhunderts verkaufen Händler in der
Das Beziehungsvolle und Geistreiche des Zufalls,
E. G.
damaligen Tracht Seltenheiten aller Art, während
der wohl mehr ist, als wir alle wissen, hat vielleicht noch
Schauspieler und Musikanten die Menge unterhalten.
holt wur
niemand vorher so voll erfühlt; eine Studie wie sein
Schweizeik
Sonntags wird dann mit großem Pomp die Heilige
„Puppenspieler“ ist mit einem so zarten Griffel hinge¬
immer wie
gefeiert, vormittags durch eine Messe, in der Kirche von
haucht, daß der Kenner danach stets wieder mit Freude
St. Sulpice, deren Orgel weit über Paris berühmt ist.
Welschschre
greifen wird. Neben ihm steht die lange Reihe seiner
Nachmittags findet ein Umzug von über 300 Teilneh¬
bestehend #
Schöpfungen, nicht alle vom gleichen Wert, einige wohl
leben zu
mern statt, in welchem ein Mädchen des Quartiers als
mehr Abstraktionen und im Ersonnenen haftend, aber
Jeanne d'Arc, die Befreierin von Orléans, begleitet von
Galerie Le¬
alle vornehm, alle so, daß sie auf unserem Erdball nur
ihren Pagen, Herolden und Schildträgern hoch zu Roß
[Schneelz
just der Doktor Arthur Schnitzler in Wien schreiben
auftreten wird.
konnte, keiner vor ihm und keiner nach ihm. Er wurde
viel nachgeahmt, ist viel bewundert, und Wien, min¬
Zw.
„Glühwürmchenbeleuchtung.“ Professor Newion Har¬
destens jenes Wien, das der Schreiber dieser Betrach¬
Dessauer E.
vey von der amerikanischen Princeton=Universität will
tungen noch kannte, hat niemals aufgehört, in Schnitzler
hat in den #
nach eingehenden Studien über die Lichtquelle der
seinen repräsentativen Dichter zu sehen. Das gibt ihm
zert der mur
Leuchtkäser, Parasiten, Krustentierchen und anderer Or¬
eine ganz einzigartige Stellung; denn kein anderer von
flöte“, „
ganismen ein Verfahren entdeckt haben, das ihm ge¬
dden Lebenden, wobei Höhenmessungen ganz unterlassen
pertsbuss
stattet, diese Quelle zur Erzeugung eines dauernd bren¬
sein sollen, hatte eben dies Repräsentative, das bei
Begeisterung
nenden, kalten Lichts zu benützen. Die lichtenwickelnde
Schnitzler ergibt, wie eine große Stadt mit ihrem be¬
als Oper#
Substanz wird zu dem Zweck in Wasser aufgelöst und
stimmten Kulturkreise sich durch ein volles Menschen¬
treten.
in eine Flasche gefüllt. Sie erscheint in einem
alter hindurch künstlerisch mit gerade diesem einen be¬
nächsten Ja¬
dunklen Raumwie Wasser, das mitblauer
stimmten Poeten sich vollkommen deckt. Hauptmann ist
dem Publiks
[Flamme brennt. Man kann bei diesem Licht im
weniger Deutschland, d'Annunzio weniger Italien,
Dirigenten
dunklen Zimmer bequem lesen. Der Leuchtstoff, der
France weniger Frankreich als Schnitzler Oesterreich
der bisherige
glüht, ohne irgendwie Hitze zu entwickeln, stammt von
war. Ist er es noch imemer? Darüber steht jemandem,
tung der die
einem Krustentier von der Größe einer Fliege, das aus
der es in seinen schweren Wandlungen nicht mehr erlebt
Hand Bruns
Japan kommt. Der Stoff unterscheidet sich in nichts von
hat, kein Urteil zu. Hier wollte nur einer, der ein Vier¬
Die O
dem, der den Glühwurm und die Feuerfliege auszeich¬
teljahrhundert neben dem reinen und noblen Dichter
tschechischen
net, der faulendes Holz zum Glühen bringt und Fleisch,
weilen durfte, ihm danken und ihn grüßen. Die Erinne¬
„Der Irrtum
das lange im Kühlraum aufbewahrt wirde, phosphores¬
rung zieht in sein stilles und feines Heim in der Stern¬
sie im Alter*
wartestraße, in seinen kleinen Garten und zu den vielen zieren läßt. Der Stoff wird Luciferin genannt. Das von
Schränken, woer in Schubladen sich selbst und seine Ein= seinem Stammorganismus losgelöste Luciferin verliert! Werk zeugt v.#</Unicode>
            </TextEquiv>
        </TextRegion>
    </Page>
</PcGts>
