3392 4352
1082 275 1551 379 box 39/3
207 307 937 386 Hirtngay
2837 1499 3187 1581 tt etuigei ssid mihte e
1319 1583 3308 1670 führerisch vielstimmigen Wie, auch in diesen Werken schon ohne es zu erkennen, im Grunde doch die Glückli
457 1520 1328 1692 Arthur Schnitzler. 7/2##0
2366 1629 2512 1686 sind.
1319 1643 2369 1694 charakteristisch zu erkennen ist: Die Stellung des Dichters
1324 1660 2380 1726 zum Konflikt. Schnitzlers Helden gehen nicht als Kämpfer
2446 1664 3298 1740 Schnitzler hat es einmal das Charakteristische
353 1691 1302 1762 Zum 30. Geburtstag des Dichters am 15. Mai. “
1318 1691 3275 1761 wider die Konvention zugrunde. Sie sind in der Tiese. Uebergangsepochen genannt, „daß Verwicklungen,
528 1738 1086 1793 Von Dr. Paul Neuburger.
1319 1746 2378 1798 ihrer Seele selbst Fahnenflüchtige, die die Berechtigung
2365 1761 3265 1812 die nächste Generation vielleicht gar nicht mehrer
1315 1788 2368 1833 des Lebens wie es ist, deshalb weil es ist, noch da auer¬
343 1771 1319 1852 Archürz Schnitzlers Bild im Bewustsein der Oeffent¬
2382 1796 3276 1833 werden, tragisch enden müssen, wenn ein leiblich
1331 1820 2370 1875 kennen, wo es im fragwürhigen Mantel der gesellschaft¬
264 1830 1319 1887 lichkeit Zeigk eine leichte Verzerrung. Seine Persönlichkeit,
2376 1829 3294 1877 diger Mensch hineingerät“. Manche von den Ve
1322 1854 2365 1909 lichen Konoention auftritt: der Verächter des „Märchens“
2377 1871 3258 1913 lungen, in denen sich für Schnitzlers Menschen d
278 1875 1318 1925 wie ste sich dem großen Publikum darsteilt, erscheint über
1325 1896 2372 1948 vom Belastetsein der Gefallenen empfindet selbst gegen¬
2382 1911 3234 1960 überwindliche des Lebens darstellt, haben sch
272 1911 1317 1961 Gebühr durch seine frühen Werke bestimmt. Diese ersten
1323 1936 2373 1984 über dem, worüber „kein Mann hinweg kann“, schließlich
2380 1947 3256 1994 für uns ihr Ueberzeugendes verloren, schon füh
274 1941 1324 1991 Stücke, vor allem die Anatolszenen und „Liebelei", sind
1327 1972 2367 2019 doch wie die andern, der Bekämpfer der Duellmoral, dem
270 1983 1323 2031 seine großen, immer wieder auflebenden Bühnenerfolge
2375 1981 3227 2027 uns fremd in einer Welt, der selbst in des Mam
1337 2009 2369 2056 das Leben das höchste Gut erscheint, vermag es am Ende
2380 2017 3245 2065 die Liebe als das einzige und wesentliche erscheine
257 2024 1313 2083 gewesen. Hier und in anderen Jugendwerken, wie dem
1329 2054 2361 2094 doch nicht, den Selbstvorwurf der Feigheit zu ertragen.
2378 2062 3243 2120 Das ändert n bts dgran, da“ as Grund zefühl¬
273 2054 1320 2105 „Freiwild“ und dem wenig geglückten uno wenig erfolg¬
1328 2084 2365 2133 Hier ist der Punkt, wo die weitere Entwicklung einsetzen
277 2096 1312 2144 reichen „Märchen“, gibt der Stoff das Liebesleben — wenn
2374 2095 3175 2136 Allmacht des Lebens über ####'zeitlichen
1322 2128 2364 2172 kann, weil hier bereits die grundsätzliche Abweichung in
271 2131 1319 2184 man es so nennen will — des wohlhabenden, von einem
2374 2133 3194 2179 hinweg seine Gültigkeit behält, und daß sola.
1325 2160 2362 2203 Schnitzlers Auflassung der konventionellen Lüge gegeben
266 2167 1319 2216 Beruf kaum oder gar nicht in Anspruch genommenen jungen
2370 2176 3251 2216 die Gewalt des bunten Seins, mit so bestritkende
1322 2188 2375 2248 war, hier der Punkt, wo es sich zeigt, daß Schnitzlers
272 2208 1325 2258 Mannes, die Stimmung eine unablösbare Wiener Lokal¬
2375 2210 3293 2255 kunst und Grazie vorgetragen, wie sie in Deut
1323 2236 2368 2290 Musik ihre Klangfarbe von des Dichters ethischer und
264 2243 1328 2299 farbe und eine weiche, leichtfertig=sentimentale Grazie her.
2381 2245 3222 2292 seltene Gabe ist, auch den zu fesseln verma
1322 2273 2366 2324 weltanschaulicher Grundeinstellung hernahm: Schnitzler
269 2277 1324 2326 Der Konslikt, wo sich ein solcher greifbar und beherr¬
2380 2280 3298 2336 unserer ringenden Epoche vorziebt, Stärkungbei Die
1324 2308 2372 2355 empfindet die Lüge des Lebens so sehr wie Ibsen, sie bildet
272 2316 1319 2368 schend herausbildet, ist ein Kampf des Individuums
2379 2321 3262 2380 zu suchen, deren Herz mit dem Kämpfer schlägt.
1319 2344 2369 2398 eigentlich den Gegenstand seiner ganzen Dichtung, aber er
270 2357 1316 2404 wider die Konvention, etwa wider die Unsitte des Zwei¬
1324 2368 2385 2433 nimmt sie webmütig lächelns hin, wei' sie ihm untrenn¬
260 2399 1316 2448 kampfs oder das gesellschaftliche Vorurteil, das die Ge¬
1320 2412 2376 2472 barer Inhalt des Leben? scheint. So wird die Lebens¬
274 2436 1318 2485 fallene trifft. Wenn die Konflikte tragisch enden,
1319 2445 2380 2519 lüge, die ihm zuerst im Gewand gesellschaftlicher Vorur¬
269 2479 1319 2527 und wenn dabei offenbar die Sympathie des Dichters die
1331 2503 2373 2559 teile erschienen ist, und die sich auch in seinem späteren
268 2512 1318 2561 gefallenen Opfer des Vorurteils begleitet, so scheint er
1327 2517 2386 2587 Schaffen noch manchmal in solchen Gestalten zeigt, zu
273 2539 1318 2588 damit in die Reihe der Ibsenschen Kämpfer ,gegen die
1322 2573 2386 2633 einem Grundbestandteil des menschlichen Lebens, vor
271 2585 1316 2636 gesellschaftliche Lüge zu treten, nur daß er diesen Kampf
1324 2618 2379 2661 allem der Beziehungen der Geschlechter zueinander, deren
262 2625 1320 2689 mit dem teichten Florett, statt mit dem wuchtigen Schwert
1318 2646 2379 2699 verwirrende Mannigfaltigk it von Anfang an den Stoff
273 2659 799 2720 des nordischen Recken führt.
1326 2678 2381 2728 bildet, an dem sich für Schnitzler das Leben darstellt. Jene:
341 2688 1317 2743 Hätte Schnitzler, wie mancher andere, eines Tages das
1325 2715 2384 2773 Lüge zu bekämpfen, ist daber eine fragwürdige Aufgabe:
259 2724 1328 2787 Publikum mit einem Werk völlig abweichenden Gepräges
1321 2752 2395 2813 die Stunden des Erkennens, die in des Dichters Werken
258 2781 1316 2827 herausgefordert und es vor die Entscheidung gestellt, ent¬
1333 2797 2396 2850 immer wiederkehren, bringen selten Befreiung: häufig,
262 2812 1317 2860 weder des Dichters Vielgestalt binzunehmen oder die eine
1332 2843 2384 2888 wenn sie wirkliche Erkenntnis gaben und nicht an Stelle
275 2842 1319 2895 Seite seines Wesens zu bejaben, die andere abzulehnen,
1322 2874 2378 2919 der einen Lüge einegandere setzten, Ekel oder Verzweiflung.
266 2885 1327 2925 so würde es nicht nötig sein, den späteren Schnitzler aus
1329 2902 2384 2953 Wer klug ist, weißAdaß eine Lüge, die ein menschliches
266 2911 1332 2970 den Anfängen des früheren berauszulösen, die Züge des
1327 2950 2382 2994 Dasein zu tragen vetmag, besser ist, als eine zerstörende
271 2951 1339 3019 jüngeren noch im Bilde des älteren aufzuzeigen. Dem¬
1323 2991 2384 3033 Wahrheit, er weid, daß wir immer svielen, und daß wir
266 2997 1335 3050 gegenüber steht Schnitzlers Schaffen unter dem Gesetz
1335 3026 2390 3076 nichts von uns und nichts von anderen wissen. Nur die
271 3034 1321 3079 einer fortschreitenden folgerichtigen Entwicklung, die nie¬
1334 3055 2384 3106 Toren wollen erkennen und zur Erkenntnis verhelfen,
257 3067 1321 3123 mals aus ihrer Bahn bricht, und der Gereifte hat kaum
1334 3095 2384 3146 nur die Toren suchen das Leben zu meistern; es ist
266 3106 1324 3160 Töne gefunden, die nicht ihren Vorklang schon in den
1324 3127 2387 3187 Traum, Spiel, Lüge, Chaos, aber auch einzige Macht und
265 3153 1317 3195 Jugendwerken besäßen. Aber die Akzente haben sich lang¬
1325 3170 2386 3217 Wirklichkeit; die Hand, die sich vermißt zu lenken, greift!
266 3187 1324 3253 sam verschoben, und so bebeutet die Entwicklung doch eine
1336 3204 2384 3271 ins Leere, und wer zu sehen glaubt, wird blind dahinge¬
263 3227 645 3296 stetige Wandlung.
1323 3248 2183 3313 trieben, wohin zu kommen ihm bestimmt war.
351 3259 1327 3309 In Schnitzlers Jugendstücken sind die Linien einfach,
1402 3276 2378 3343 Auf solchem Boden gedeihen keine Helden. Die
259 3297 1330 3353 die Probleme treten klar bervor. Umgeben aber werden
1332 3322 2388 3385 Lebenskämpfer kommen denn auch bei Schnitzler schlecht
265 3338 1320 3386 sie von der berauschenden Polyphonie, einer den Lokal¬
1326 3368 2377 3418 genug weg. Immer wieder stehen sie als betrogene Be¬
271 3369 1324 3420 ton mit unvergleichlicher Meisterschaft treffenden Stim¬
265 3423 2382 3455 mung. So wird das leicht überhör was zwischen diesen trüger da, und mit zunehmender Reise wächst des Dichters
256 3460 2398 3511 beiben Elementen, dem einfach klaren Was und dem ver= müdlächelnde Sympathie mit den Gütigen, die, betrogen,
