3436 4320
325 292 1149 402 6oth Birthday
1172 303 1618 388 box 39/3
2108 256 2514 393 #ka: 7ast
2123 425 2302 520 6##f
2671 381 3122 546 WO
2926 595 3244 767 2470
2320 700 2858 812 Grau
1837 710 2252 804 Ale
1695 808 3063 943 für Kunst und Wissen.
1670 933 1868 986 REEN
2024 931 2089 984 —
2765 964 3083 1037 Jahrgang 2
2241 1093 2576 1195 Schnitzler.
2221 1147 2297 1204 —
2020 1184 2779 1245 (Zu seinem 60. Geburtstag, 15. Mai.)
2093 1242 2668 1326 „Von Dr. Paul Landau.
2061 1296 3082 1384 Etwas verspätet stehe hier diese Würdigung des
1980 1358 2531 1430 Wiener Dichters. D. Red.
1801 1404 3093 1474 Arkhur Schnitzler 60 Jahre. Der Dichter der müden, überreifen
1724 1463 3087 1525 Jugend, der so früh die Tragik des Alterns, den „einsamen Weg“ ins
1720 1510 3091 1577 Leese, ins Nichts geschildert, hat all die Empfindungen und Erlebnisse
1729 1550 3096 1607 des absinkenden Lebens vorweg genommen, sodaß er uns heute im grauen
1736 1589 3098 1655 Haar nicht viel ülter erscheint als in fernen blühenden Tagen. Schniß¬
2183 1632 3107 1690 etwas Zeitloses, Unpersönliches. Der unbe¬
1729 1644 2066 1712 lers letzte W###
1734 1673 3095 1743 strittene Führer der „Wiener Schule“, dieser Klassiker des Impressionis¬
1730 1719 3095 1792 mus steht heute, in den Tagen des „sterbenden Wien“, des sieghaften
1724 1759 3086 1846 Expressionismus, fremd in einer ihm fremden Welt. Er spielt noch die
1726 1829 3083 1872 alten Melosien, die melancholischen Klänge eines raschen Lebensgenusses,
1722 1869 3094 1925 einer bitteren Seligkeit, aber sie tönen etwas leer, leise, wie fernverweht.
1733 1891 3099 1949 Schnitzler ist an seinem 60. Geburtstag schon historisch geworden und
1731 1938 3106 2006 als den Verlieter einer abgeschlossenen Epoche, als den Meister eines.
1740 1991 2558 2050 vollendeten Stils dürsen wir ihn würdigen.
1817 2023 3105 2076 Die Wiener Dichtung wird stets in der Literaturgeschichte des letzten
1739 2064 3093 2131 Vierteljahrhunderts eine bedeutende Stelle einnehmen, sie ist ja nicht nur
1744 2103 3103 2179 mit den Schlagworten vom „Wiener Walzer“ und „süßen Mädel“ zu
1738 2161 3107 2212 erschöpfen, sondern sie hat dem trüben und sachlichen norddeutschen Ra¬
1739 2193 3094 2255 turatiomus erst Anmut verliehen, Weichheit, Feinheit, Musik. Und der
1738 2237 3091 2312 bezeichnende Künstler dieser „Wiener Schule“ schlechthin ist Schnitzler.
2850 2277 3108 2336 mit seinem
1732 2294 2823 2360 nicht etwa Hofmannsthal, der viel internationaler ist
2852 2323 3094 2379 zu beleben
1739 2343 2767 2389 fabelhaften Formtalent die verschiedenartigsten Stile
1736 2372 3117 2430 weiß. In Schnitzler findet uralte Wiener Tradition ihre letzte Verfet¬
1728 2409 3097 2474 nerung, ihren vollen Ausklang. Viel mehr als das Vorbild der Fran¬
1740 2465 3111 2524 zosen, wie Donnay und Lavedan, oder Ibsens, sollte man diese heimischen
1738 2496 3102 2561 Einflüsse betonen. Sein Hauptmotiv, die schaurig=schöne Verschwisterung
1744 2547 3097 2605 von Lebesgenuß und Todesnähe, ist der eigentliche Stimmungsfaklor des
1749 2578 3111 2639 Barock, das nicht nur in der Kunst Fischer von Erlachs, sondern auch im
1739 2639 3101 2688 österreichischen Jesutendrama seine Höhe erreichte, und die stets wieder¬
1745 2665 3107 2738 kehrende Situation bei Schnitzler, der Rausch der Liebe im Angesicht
1747 2723 3114 2774 des Todes, ist nur ein müder Nachhall jener stacken Barock=Kontraste,
1743 2755 3111 2831 die hier zu einer schmerzlich stillen Harmonie verschmelzen. Aber nicht
1741 2807 3101 2865 nur dies eine Motiv, sondern seine ganze Lebenshaltung ist typisch öster¬
1749 2853 3108 2907 reichisch. Es ist jener Gehenlassen, das im Postlied des „lieben Au¬
1740 2885 3110 2946 gustin“ erklingt: „'s ist mir alles eins, es ist das Genießen des Augen¬
1755 2925 3107 2991 blicks, das nicht nach dem Morgen fragt, wie es schon Abraham a Santa
1749 2973 3108 3028 Clara an seinen Wienern tadelte. Schnitzler ist en geradezu fanatischer
1752 3012 3102 3073 Verfechter des Glaubens, daß der Mensch nichts tun kann gegen sein
1752 3072 3116 3124 Schicksal, daß er unfrei ist, eine Puppe in der Hand eines unsichtbaren
1744 3105 3106 3161 Drahtziebers. Es ist dies lustrig=traurge Puppenspiel des Lebens, das die
1754 3139 3109 3207 Wiener Volksstücke mit unbewußter Ironie darstellten, das bei ihm aber
1747 3189 3111 3251 mit einem sleptlichen Künstlertum geschildert wird. Das Schcksal spielt
1760 3245 3115 3300 mit uns, wir spielen unser Leben: „Es fließen neinander Traum und
1754 3280 3116 3329 Wachen, Wohrheit und Lüge. Sicherheit st nirgends. Wir wissen nichts
3044 3318 3119 3354 0.
1748 3320 3118 3382 von andern, nichts von uns. Wir spielen alle, wer es weiß, ist klug,
1749 3371 3101 3427 heißt es in seinem tiefsinnigen „Paracelsus“. „Das Leben — ein Traum,
1748 3412 3110 3467 dies Grillparzer=Motio wird von Schnitzler in vielfachen Wandlungen
1756 3449 3113 3512 und Spiegelungen ausgenommen, ebenso wie die Verschmelzung von Liebe
1760 3490 3117 3552 und Tod aus „Des Meeres und der Liebe Wellen“. Kunst und Natur
1748 3533 3112 3599 gehen ineinander über, und das Leben in der Phantasie ist oft wirklicher
1755 3576 3126 3642 als das reale Leben. Daher seine Verehrung, ja Ueberschätzung des
1765 3616 3127 3681 Künstlers, sein Aesthetentum, daher aber auch die Inörunst, mit der das
1759 3655 3115 3729 Formale gegeben ist. In der Fenheit und Grazie seines Stils folgt
1766 3722 3124 3768 Schnitzler ebenfalls den besten heimischen Mustern, und manches aus
1760 3757 2800 3831 seiner letzten Prosa gemahnt an Stifters Erzählerkunst.
1840 3788 3113 3858 Aus seinem Wienertum heraus wunde der Dichter zu dem bezeich¬
1746 3842 3125 3904 nendsten Vertreter des Impressionismus. Da er nur die Empfindung
1750 3886 3122 3942 des Augenblicks anerkennt, sich allein an den flüchtigen Abglanz des Le¬
1748 3939 3118 4017 bens, an den Mummenschanz verhuschender Schatten klammeri, so wußle
1757 3988 3121 4036 er in das Momentane den stänksten Inhalt zu legen. Seine beiden ersten
1751 4014 3129 4071 bedeutenderen Arbeiten, der Einakterzyklus „Anatol“ und die Novelle
1741 4059 3129 4125 Sterben“, drängen bereits in einzelne Augenblicke ganze Welten des
1749 4120 3137 4196 Erlebens. Das impressionistische Drama hat kein höheres Kunstwerk aufe
