3344 4480
182 323 1514 434 6oth Birthday box 39/3
2414 838 2706 933 Nr. 13208
1710 856 2059 944 13. Mai 1922
646 863 1313 954 Wiener Allgemeine Zeitung
2133 885 2222 978 B
1957 957 2813 1033 Heute nun, 1922, ist es aus Frankreich, daß
1884 1005 2813 1079 Worte der Dankbarkeit und der Bewunderung
1894 1054 2816 1115 kommen, Worte, die sich mit jenen einigen, welche
122 1063 1854 1181 Aeide Schilziees Jadläuin.
1899 1101 2817 1180 aus Anlaß der Feier des 60. Geburtstages von
1895 1143 2820 1225 Arthur Schnitzler, aus dessen dramatischem Wers
979 1164 1884 1231 liche Ergriffenheit ist immer ungeschickt.
195 1158 820 1246 Verehrter Freund!
1905 1199 2821 1270 eben jetzt „„L'Deuvre“ in Paris ein Stück aufge¬
999 1221 1883 1288 So weiß er sicherlich nicht, welche zarte
160 1213 981 1292 Ich habe es mir vor zehn Jahren, als
1905 1259 2549 1327 führt hat, ihm gewidmet werden.
1002 1269 1886 1331 und besondere Freude uns in Paris seine
88 1281 980 1343 hr fünfzigster Geburtstag gefeiert worde
1978 1309 2817 1364 Zwischen diesen zwei Jahreszahlen liegt eine
1000 1319 1896 1378 Werke, die Antoine und Lugne=Poe gespielt
95 1322 983 1385 ugeschworen, der unübersehbaren Flut von
1902 1341 2818 1417 in ihren Tiesen zernichtete Welt. Ist es aber
993 1366 1890 1419 haben und die ins Französische übersetzten
98 1377 981 1435 siterarischen Würdigungen und Zeitungs¬
1896 1398 2813 1460 möglich, nicht stets daran zu denken, daß der
1001 1415 1891 1489 Nwellen bereiten. Er weiß nicht wie nahe
99 1422 980 1479 irtikeln (falls wir gemeinsam Ihren 60.
1901 1450 2817 1511 Kataklysmus niemals jene Welt treffen konnte,
998 1461 1891 1538 wir uns ihm fühlen; wie ungemein ich und
103 1474 978 1531 rleben würden) kein Blatt hinzuzufügen.
1906 1500 2824 1555 in der Menschen sich gegenseitig ehren, und immer
990 1509 1889 1579 meine Freunde diese seine so synthetische,
91 1520 989 1597 ch bin gegen Bilanzierungen: wenn es
1906 1544 2817 1620 inniger schätzen werden, über die weiten Strecken
996 1563 1891 1629 so konzentrierte, wissende und seltsam inten¬
96 1576 977 1636 im das Werk eines lebendigen schöpferi¬
1901 1585 2810 1654 hinweg, die von Verbrechen, Niedrigkeit, Un¬
996 1616 1888 1672 sive Kunst lieben. Diese Kunst, die jedem
94 1620 984 1684 ichen Geistes geht. Dies durch mein
1912 1632 2825 1712 wissenheit und Häßlichkeit ausgerodet werden?
1003 1655 1889 1718 Pathos feind ist, und das Höchstmaß von
97 1660 998 1727 Schweigen an dem sakramentalen Feuille¬
1905 1688 2816 1755 Muß man deshalb nicht trotz alledem einer großen
995 1723 1896 1782 seelischer Bewegung durch ein Mindestmaß
99 1712 994 1794 sontag der Schnitzler=Feier zu dokumen¬
1906 1738 2820 1797 Hoffnung leben? Dem Tag entgegen, da endlich
1001 1760 1498 1833 von Aufwand erringt.
100 1768 992 1837 ieren, war meine Absicht. Daß ich aber
1901 1783 2830 1857 aus diesen Tiefen solcher Stimmen weitschallender
1084 1786 1888 1873 „Was zu lernen not tut“, so schrieb
101 1807 997 1877 erufen sein werde, in anderer schönerer
1900 1832 2762 1894 Ruf nicht mehr in der Wüste verhallen wird.
999 1850 1891 1919 Marie Leneru in ihrem Tagebuch, „ist:
106 1868 983 1925 nd erhebenderer Art Ihnen als Gratu¬
2318 1881 2783 1955 Leon Balzagette.
1002 1903 1901 1965 Alles zu sagen — durch Ungesagtes. Auch
99 1925 982 1983 ant nahen zu dürfen, dies ist mir beson¬
1009 1940 1905 2015 die Prosa verlangt nach Pausen — wie die
102 1966 595 2036 ere Ehre und Freude.
2032 1983 2556 2057 Paris, 8. Mai 1922.
1007 1994 1900 2062 Musik. Wie leicht ist es uns, durch unsere
157 1993 979 2073 Als ich nach dem „friedlosen“
2031 2036 2825 2105 Nous saluons affectueusement en
996 2049 1901 2110 Worterfahrenheit, jedem Gedanken sein
109 2053 993 2126 Friedensschluß zum erstenmale in Paris
1951 2102 2822 2157 Arthur Schnitzler, a la fois un grand
1002 2093 1901 2169 Kleid zu wählen und ihm künstlerischen
106 2104 987 2181 neine Freunde wiedersah; als ich dann
1966 2142 2827 2211 et profond ecrivain, et de ces trop
1004 2147 1914 2211 Ausdruck zu geben. Aber die wirkliche große
108 2165 993 2227 urch jene stille Auslese, die Gleichgesinnte
1959 2194 2821 2249 rares et d’autant precieux esprits euro¬
1000 2205 1905 2252 Form wird nur durch Auslassen bestimmt.
99 2208 991 2283 geheimnisvoll zueinanderführt, neue Men¬
1955 2232 2834 2313 péens, sur les-quels peut s’appuyer la
1012 2245 1905 2312 Hütet Euch alles auszusprechen; und dem
110 2261 989 2321 chen den alten Freunden zugesellen konnte,
1958 2300 2745 2347 fraternité intellectuelle des peuples.
1005 2292 1904 2364 Leben allzu große Beredsamkeit zu geben.
99 2304 998 2367 deren Herzen haßlos, deren Geist Welt¬
2540 2328 2840 2405 Georges
1906 2328 2480 2417 Charles Vildrac.
1007 2342 1906 2412 Ichsterbel, niemals werden diese Worte
107 2354 995 2415 geist geblieben war alle blutigen Jahre der
2187 2379 2524 2443 Duhamel.
1005 2403 1910 2473 so erschütternd wirken, wie der letzte
102 2397 990 2474 Trennung hindurch; da war Ihr Name,
1985 2417 2822 2502 (Wir grüßen auf das herzlichste in Artur
1014 2439 1911 2521 Seufzer. Befreit die Literatur von Ge¬
102 2456 990 2512 berehrter Freund, einer der ersten, der mir
1925 2472 2821 2542 Schnitzler, sowohl den großen tiefen Künstler, als
1007 2491 1296 2570 schwätzigkeit.“
105 2510 993 2570 heimatlich in der Fremde erklang. Und
1919 2537 2832 2582 auch einen der allzu seltenen und umso kostbareren
1101 2531 1903 2605 Marie Leneru preist hier, was in
103 2550 1003 2612 unders erklang als vordem. Mit einer Art
1914 2570 2826 2648 europäischen Geister, auf die die intelektuelle
1009 2580 1899 2663 Schnitzlers Kunst Erfüllung findet. Seine
101 2600 992 2659 von liebender Zugehörigkeit wurde er von
1918 2611 2708 2697 Verbrüderung der Völker sich stützen kann.
1018 2637 1902 2700 Werke besitzen jene Reinheit der Masse,
101 2646 995 2707 Dichtern, von Theaterautoren und von
1990 2672 2521 2748 Paris, den 12. Mai 1922.
1011 2686 1906 2753 jene Oekonomie des Materials, jene Har¬
106 2696 996 2764 den Jungen ausgesprochen. Was an
2120 2709 2777 2790 Charles Vildrac, George Duhamel.)
1005 2732 1906 2788 monie der Linien, die an eine edle Vase
104 2734 994 2815 wvissender Güte, an weiter Menschlichkeit,
1019 2776 1911 2847 gemahnen. Denn: seine Art ist es, ein
107 2800 1001 2864 an Schicksalhaften und Rätselvollen in
1009 2838 1914 2893 Problem so klar zu fassen und so vollkom¬
108 2828 998 2905 Ihren Werken zu einem Weltbild aus Wirk¬
2228 2819 2498 2917 „Stasa.
1010 2878 1911 2948 men zu Handlung, zu Gestaltung werden
105 2895 995 2963 ichkeit und Traum gewoben sich eint: das
1983 2875 2837 2948 Anläßlich der Eröffnung einer eigenen Geld¬
1014 2942 1908 3005 zu lassen, daß sie sich alsogleich dem Leben
1921 2938 2831 2985 stube im Parterre des Zentralpalastes wird auf
102 2938 995 3012 empfinden alle Gestalter und Denker des
1919 2981 2841 3031 die äußerst günstigen Konditionen (10 bis 12pro¬
1013 2978 1910 3042 ebenso scharf einprägt, wie in dem Auge
107 2979 993 3051 nach Wahrhaftigkeit strebenden Frankreichs,
1917 3022 2843 3077 zentige Verzinsung) des auch für Nichtmitglieder
1018 3026 1911 3090 die reine Form eines Gegenstandes haftet.
102 3033 999 3096 als die Melodie ihrer eigenen Seelenheit.
1917 3063 2831 3113 zugänglichen Spareinlagenverkehres sowie auf
1019 3076 1913 3138 Diese in gewissem Sinn nemotechnische
110 3077 1009 3149 Und deshalb, lieber Freund, bin ich kaum
1911 3093 2848 3159 den neu eingeführten Konto=Korrent= und Scheck¬
1017 3126 1912 3192 Kunst — ist nichts anderes als die Kunst
1922 3145 2476 3206 verkehr aufmerksam gemacht.
104 3127 1005 3200 füberrascht gewesen, als mir das ehrende
1018 3175 1917 3236 der Primitiven, um welche heute die jungen
105 3185 1008 3258 Vertrauen wurde, Ihnen die beifolgenden
1021 3224 1907 3283 Dichter so sehr ringen. Schnitzler besitzt
103 3219 1010 3303 an meine Adresse für Sie eingelangten
1927 3218 2850 3308 Das permanenie Tagesgespräch
1028 3267 1908 3335 sie von Natur aus. Und doch ist sein Herz,
111 3278 1001 3348 Glückwünsche übermitteln zu dürfen. Sie
1927 3279 2841 3341 von Wien bildet das sehenswerte, aus lauter
1031 3331 1914 3382 ist Geist mit allen Kompliziertheiten des
1926 3345 2850 3384 Attraktionen bestehende Eröffnungsprogramm im
101 3326 996 3414 werden, das weiß ich, Ihrem Herzen wert
1936 3365 2850 3419 Sommer=Tanzpalast „Maxim“, der ein
1026 3368 1923 3432 modernen Menschen belastet. Ich kenne
107 3385 432 3453 und teuer sein.
1933 3409 2840 3462 Clou des Vergnügungsparkes im Prater ist. Der
1026 3412 1912 3475 keinen subtileren Beobachter heimlichster
318 3407 793 3506 In Verehrung Ihre
1927 3455 2856 3500 allgemein beliebte Leiter des populären „Ma¬
1019 3465 1922 3528 Rätsel der Seele. Keinen tiefer dringen¬
426 3462 971 3554 Berta Zuckerkandl.
1929 3487 2906 3543 xim“ im Prater, Direktor Arthur Weiß...
1026 3524 1923 3578 den Psychologen. Schnitzler ist klar in
1938 3533 2847 3578 hat für sein Etablissement den graßen Zug und
1927 3562 2847 3616 demnach den Zuspruch. Der glänzende Erfolg ist
1022 3577 1916 3630 seiner Tiefe. Er ist einfach in seiner Selt¬
139 3563 971 3677 Madame Zuckerkandl, pour Artur
1936 3596 2856 3673 diesem jungen. ebenso fähigen als strebsamen
1032 3607 1923 3684 samkeit. Fügt noch den Reiz seiner Wesens¬
1927 3638 2559 3699 Direktor herzlichst zu vergönnen.
383 3640 717 3721 Schnitzler.
1030 3665 1922 3739 art hinzu in der Bewegtheit und Geist so
560 3685 971 3758 Vienne, Autriche.
1027 3711 1451 3791 eng verwebt sind ...
285 3742 809 3819 Telegramm aus Paris.
1112 3749 1925 3821 Was wird Schnitzler von mir denken?
2053 3730 2738 3840 Gerichtssaal.
234 3783 1013 3872 Je suis heureux a l’occasion de son
1034 3787 1931 3870 Schreibe ich dies nicht als wäre ich ein
144 3839 1012 3919 Soixantenaired’adresser a Artur Schnitzler
1025 3831 1928 3910 Kritiker? Ich habe es ja bereits gesagt.
2767 3862 2859 3952 u
152 3895 1010 3972 tous mes voenx confraternels et l’ex¬
1927 3840 2766 3976 Die Juwelen der Fra
1023 3877 1931 3955 Bewunderung ist ein Gefühl, daß keine Be¬
151 3943 1015 4025 pression de notre admiration pour son
1024 3932 1921 4017 schreibung verträgt. Man kann sie nur
2246 3945 2548 4058 Pollat.
159 3994 739 4065 deuvre et pour sa Gloire.
1027 3972 1931 4063 empfinden und bekennen. Daß ist alles.
1936 4042 2844 4123 Aufdeckung eines Schmuckdiebstahles nach sechs
1034 4040 1920 4114 Deshalb, verehrte Frau, sagen Sie, bitte,
232 4028 1019 4121 Robert de Flers de l’Academie
1040 4086 1930 4158 Artur Schnitzler ganz einfach, daß wir hier
2282 4095 2465 4162 Jahren.
146 4091 1011 4164 Française, Président de la Société des
1032 4132 1925 4204 viele sind, die ihn lieben und die in ihm
148 4143 624 4219 Auteurs dramatiques.
2016 4131 2842 4216 Ein Schmuckdiebstahl in der Villa des be¬
1152 4194 1482 4257 henn
216 4186 950 4261 Ans###ndt für Arter Schnitzler.
