3344 4480
1054 251 1533 362 box 39/3
199 255 997 388 6oth Birthday
2854 1014 3254 1104 Mit den besth
2266 1024 2755 1117 Boston, 4. April 1922.
1388 1077 1513 1162 And
1697 1073 3276 1177 Nunmehr, da der Oesterreich betreffende Gesetzes= einsetzung Ihrer Heimat
1073 1095 1183 1167 4C0
439 1100 1024 1206 reich har die nampffamp...
447 1119 1646 1223 nicht ohne Bundesgenossen da. Polen mit seiner gleichfalls
446 1139 3193 1281 starken Armee ist der Bauer in Frankreichs Schachbrett; vorschlag vom Senat und vom Repräsentantenhaus der Ver= aufrichtig ergebener
2791 1230 3281 1298 beinahe etwas verlogen
2790 1262 3301 1347 sichtlich zum Naturalismi
446 1248 2793 1366 abgesehen und auch davon, daß, wie schon die gleiche Zahl; herrnsohn, der, in der Innern Stadt zuständig, jenseits der
1626 1300 2783 1389 Linienwälle des älteren Wien auf leichte Eroberungen aus¬
2795 1325 3278 1390 seine Mission war, mi
449 1332 1631 1416 der Veröffentlichungen — je drei — auf den beiden von
1627 1328 2791 1436 geht, ist, zumindest in der kultivierten Form, in der ihn
2801 1361 3297 1436 Dichtern als ein Verteit¬
440 1379 1627 1463 Schnitzler beherrschten Gebieten bescheinigt, der Epiker und
1635 1386 2793 1467 Schnitzler auf die Nachwelt brachte, eine ebenso frei erfundene
2805 1412 3281 1494 Verhunnung durch den
447 1425 1637 1503 der Dramatiker im Jahrzehnt seiner Reife einander die
1626 1433 2794 1535 dichterische Gestalt, wie Christine, diese kleine, wienerische
2792 1453 3286 1531 neunziger Jahren vom d
442 1464 1642 1545 Wagschale halten, ist die Betrachtung dieser doppelten Reihe
1625 1483 2793 1559 Butterfly. Aber spricht diese Erfundenheit seiner Jugend¬
2805 1516 3230 1577 Novelle abzuwehren.
449 1517 1636 1617 lehrreich. Der Höhepunkt der etwas abfallenden dramati¬
1643 1513 2799 1620 gestalten gegen Schnitzler oder nicht vielmehr für ihn? Was
2887 1532 3292 1617 Es ist dies eine ##
449 1565 1629 1651 schen liegt am Eingang des jüngsten Dezenniums („Pro¬
1635 1570 2800 1653 liegt daran, ob Anatol und Christine gelebt haben, da sie
2802 1598 3289 1676 Gemeinschaft mit den
451 1603 1633 1708 fessor Bernhardi"); der Höhepunkt der ansteigenden epischen
1640 1614 2802 1708 doch leben? Hat Werther gelebt, hat Manon Lescaut gelebt?
2807 1646 3301 1720 Geistern der Wiener Sch
1379 1646 1642 1723 Interessant
449 1662 1355 1756 an ihrem Ausgang („Casanovas Heimkehr“.
1647 1663 2805 1757 Gewiß nicht in der Form, in der sie noch heute ein Leben
2803 1697 3296 1772 ließen, jeder nach seiner
459 1683 1641 1800 ud aufschlußreich ist auch der breite Raum, den die Figur
1644 1711 2811 1799 von Geistes, nicht von der Wirklichkeit Gnaden führen. Und
2806 1740 3292 1809 was, wissenschaftlich al
456 1746 1637 1827 Casanovas im Bilde dieses letzten Jahrzehntes einnimmt.
1640 1752 2805 1858 ist es mit den ganz großen Gestalten der Weltliteratur etwa
2803 1779 3297 1866 wollte, als daß sie die I
452 1791 1649 1889 Der frauentolle Venezianer kehrt als Hauptfigur in zwei
1642 1810 2805 1886 anders? Hat es einen Falstaff, einen Don Quichotte, einen
2818 1825 3301 1900 die naturwissenschaftlich
452 1829 1650 1925 von den sechs genannten Werken wieder, außer demjenigen,
1655 1843 2815 1942 Achill jemals gegeben? Und wenn es sie gab, so war der
2823 1884 3295 1948 Literatur Trumpf war,
458 1865 1646 1983 das seinen Namen an der Stirn trägt, auch in den
1649 1881 2822 1993 eine wahrscheinlich ein elender Wirtshausbruder, der andere
2813 1928 3293 2004 fühlbarsten machte sich
461 1921 1650 2023 „Schwestern“, deren gemeinschaftlicher Liebhaber er ist; ja
1658 1943 2819 2028 ein armseliger Narr, der dritte ein gewöhnlicher Raufbold,
2812 1971 3292 2044 auf welchem das Epigo
1240 1964 1662 2049 drittes, die „Große
467 1986 1259 2071 er spukt im Grunde auch durch ein
1656 1984 2822 2070 bevor sie ihr Dichter in die Hand nahm und ins Ewige
2815 2019 3278 2087 in Wien von jeher
1262 2005 1664 2091 deren Held, der
464 2040 1266 2120 Szene“ in der „Komödie der Worte“,
1668 2018 2826 2123 stilisierte. Ins Ewige hat Schnitzler seinen „Fünfgulden¬
2816 2062 3289 2128 völlige Verwischung der
472 2066 1655 2156 Schauspieler Herbot, auch eine Art Casanova ist; zumindest
1662 2061 2827 2179 Viveur“, wie eine boshafte Zunge den Anatol vor fünfund¬
2808 2109 3288 2185 Burgtheaterstück war d
475 2117 1665 2206 belügt und „papierlt“ er seinen Nebenbuhler trotz einem
1660 2121 2825 2230 zwanzig Jahren nannte, nun freilich nicht stilisiert, nicht
2811 2155 3273 2225 oder ein französisches
477 2155 1655 2240 Cusanova. Solch eine unzweifelhafte Bevorzugung eines
1661 2175 2811 2255 einmal noch im Casanova. Aber, wie es in der „Liebelei“
2820 2190 3296 2272 reich, ja sogar in Wie
480 2200 1655 2301 als Charakter höchst zweifelhaften Liebeshelben hat sicher
1666 2210 2824 2311 heißt: „Es gibt Augenblicke, die einen Duft von Ewigkeit
2834 2239 3303 2318 deten nicht wahrhaben
477 2250 1659 2352 etwas zu bedeuten und demienigen, der den Anfang und vor¬
1676 2267 2827 2352 um sich sprühen.“ Solche Augenblicke gibt es sicherlich, und
2822 2292 3288 2364 die Mundart das Path
481 2305 1671 2395 läufigen Abschluß von Schnitzlers bisheriger Laufbahn
1657 2305 2829 2384 die „Liebelei“ selbst, die, unverwelklich, wie ein immer
2821 2338 3297 2410 solche zu. Man schätzt¬
477 2350 1666 2437 überblickt, wird auch ohne weiteres klar, was. Casanova,
1669 2350 2824 2456 frischer Fliederstrauß inmitten von Artur Schnitzlers bücher¬
2830 2386 3296 2459 war, aber man betrach
488 2381 1663 2480 so wie ihn der reife Schnitzler auf verschiedenen Lebens¬
1677 2393 2842 2488 reichem Arbeitszimmer aufduftet, mag einem solchen zauber¬
2829 2431 3298 2495 als eine Vorstadtange
490 2422 1672 2523 stufen und in verschiedenen Verhüllungen sieht, ist nichts
1684 2440 2838 2547 haften Augenblick ihre geistige Entstehung verdanken. Die
2834 2477 3303 2551 auf und schrieb Burgs
499 2478 1375 2583 anderes als der ins Große stilisierte Anatol.
1677 2491 2842 2587 Liebelei“ bildet die bewußte Fortletung des Weges, den
2838 2512 3298 2589 spielten und trotzdem a
586 2502 1671 2626 Der Name Anatol versetzt uns in Schnitzlers Jugend
1672 2542 2847 2635 Schnitzler mit dem Anatol noch halb alsiungslos, einschlug,
2838 2567 3307 2646 die gesellschaftliche Prat
496 2572 1669 2671 zurück, die, so angesehen, in seinem letzten Werke noch hör¬
1690 2587 2836 2674 während die dazwischen liegende feine Erzählung „Sterben“
2843 2605 3302 2683 ohne Aktschlußtiraden
510 2618 1674 2706 bar nachklingt. An der Hand dieses leichtsinnigen Melan¬
1684 2624 2839 2719 künstlerisch eher einen Abweg bedeutet. Man kann sagen,
2844 2664 3300 2733 aber doch in geistig
506 2667 1671 2755 cholikers, wie sich Anatol selbst, sein Wesen stilisierend,
1685 2682 2856 2762 daß der Dichter auf seinem nachdenklichen Spaziergang, der
2856 2710 3301 2783 tralisch fesselnde Weise
495 2706 1687 2798 definiert, betreten wir Schnitzlers dichterisches Heim, das sich
1687 2709 2855 2816 ihn aus der bourgeoisen Umwelt der Innern Stadt immer
2848 2755 3298 2834 die Franzosen ersetzten
506 2765 1688 2848 aus einer reizend eingerichteten Junggesellenwohnung
1693 2769 2852 2862 weiter in eine Garten= und ausblickreiche Umgebuna hinaus¬
2849 2804 3295 2874 Das war Artur Schn
511 2834 1695 2894 allmählich in eine dominierend gelegene Cottagevilla er¬
1701 2816 2857 2914 führte, in dieser Novelle, an der der Arzt fast mehr Anteil hat
2848 2851 3294 2925 er nicht mehr gemein
507 2843 1685 2950 weitert. Auch er, Anatol, ist bereits ein wenig stilisiert, wenn
1701 2866 2855 2950 als der Dichter, vorübergehend ins Allgemeine Kranken¬
2854 2881 3310 2969 Front vorging, sond
514 2889 1693 2984 auch nicht, wie Casanova, ins Große und Vergangene, eher
1697 2911 2847 2994 haus des Naturalismus eintrat, doch nur, um zu erkennen,
2858 2945 3290 3015 Eckaireur des neuen
515 2951 1690 3019 umgekehrt: ins Kleine und Gegenwärtige. Mit Recht zwar
1691 2939 2851 3045 daß er dort nichts zu suchen hatte. „Sterben“ ist ja ungleich
2857 2989 3296 3061 ihm eroberten Gebiet
516 2978 1704 3076 hat man der Figur des Anatol vorgeworsen, daß sie, ebenso
1703 3008 2863 3088 wahrer, ungleich „naturalistischer“ als die aus Dichter¬
520 3035 1704 3119 wie seine Partnermn, die von ihm so sichtlich bevorzugte Vor¬
1707 3027 3310 3134 schäumen aufgebaute Anatol=Welt, und wahrscheinlich wirkt erst in einem gewisse
528 3084 1703 3166 stadtamoureuse, einen angeblichen Wiener Typus verewigte,
1694 3082 3303 3197 die Erzählung eben darum heute um so viel gekünstelter und man fratlich mit der
509 3129 1711 3240 den es in der Wirklichkeit gar nicht gab. Der Wiener Haus¬
