3392 4320
1806 207 2286 283 S
1072 309 1555 389 box 39/3
725 319 1021 410 hday
234 327 756 423 GOth Bir—
2636 790 2761 845 1180
1565 790 1923 851 Echo der Zeitungen
736 798 885 848 1179
1766 923 2797 969 das Schaffen dieses maigeborenen wiener Dichters, der
711 930 1734 983 gehen in Puppenspiele über. Irgendein Starker ist viel¬
1761 970 2798 1014 nun sechzig Jahre alt geworden ist, reif und meisterlich
700 973 1745 1022 leicht auch unter den Menschen, der die Drähte zieht, etwa
1766 1014 2798 1058 vollendet, berühmt und geliebt. Und in allen seinen Werken
704 1012 1744 1063 ein Casanova (dem gehören dann alle Frauen), und an
1767 1053 2794 1093 grüßt uns die Jugend. In allen seinen Werken duftet der
712 1048 1747 1095 das Reich des Wunderbaren wird solcherart auch gerührt,
714 1093 1736 1140 aber nicht etwa wie bei den Romantikern, sondern es wird
1766 1084 2803 1129 Flieder. Wenn wir ihn jetzt schon historisch empfinden dürfen,
1755 1120 2798 1168 dann steht er, als letzter, in jener Reihe wienerischer Ge¬
716 1125 1309 1175 die Geheimwelt des Rokoko..
1759 1167 2803 1211 stalten, die uns am liebsten sind. Von Schubert weht ein
1413 1153 1714 1222 Paul Stefan
752 1160 1111 1220 (N. Zür. Ztg. 638)
1771 1202 2802 1247 Klang zärtlicher Lieder um ihn her, von Schwinds holder
1774 1238 2801 1282 Phantastik schwingt manche feine Linie an den Konturen
801 1230 1737 1290 „Jener Zei die nun ach! so restlos verbraucht ist,
1762 1276 2793 1321 Schnitzlerscher Mädchen, und zu Grillparzers Melancholie
710 1278 1748 1332 gehört Schnitzler an. Das Menschentum hatte sich damals
1767 1315 2810 1362 ließe sich mancher vetternhaft verwandte Zug an ihm finden.
712 1316 1738 1361 hoffnungslos spezialisiert, und der einzelne Mensch, be¬
1765 1363 2809 1405 Abgeschlossen wie dieser Garten, hegt sein Werk wie dieser
707 1359 1738 1394 sonders der künstlerische, hatte sich über alle Natur erhoben.
1768 1395 2804 1439 seine eigene, reine, stille, besondere Welt, in der nicht alles
715 1394 1751 1438 Die Kunst adoptierte diesen Zustand und diese Zeitstimmung
1766 1435 2807 1478 durcheinander stürzen darf wie draußen auf der breiten
710 1436 1750 1473 durch die Methode des Impressionismus. Es war Zustand
1767 1478 2799 1522 Straße. Dennoch ist die Straße nahe und vernehmlich,
717 1478 1751 1523 und Zeitstimmung des erhöhten und gewiß auch verfeinerten
1771 1511 2804 1556 dennoch ist es die wiener Luft, sdie darüber hinstreicht, über
709 1513 1745 1556 Literatentums, für das Schnitzler der bedeutendste und
1767 1549 2805 1603 diesen Garten wie über Schnitzlers Werk; dennoch hebt
713 1558 1749 1603 menschlich erschlossenste Zeuge und Gestalter wurde. Der
1769 1598 2802 1640 und dröhnt und atmet rings um beide das Dasein der un¬
704 1598 1747 1644 Künstler, der Virtuose und jeder zerbrechliche halb beseelte
1770 1631 2800 1673 geheuren Stadt. Irgendwo in der Ferne spielt ein Leier¬
711 1637 1747 1680 und halb schon entseelte Mensch wurde stehende Figur
1757 1669 2804 1714 kasten, irgendwo klingt der Hufschlag trabender Fiaker¬
714 1670 1740 1712 seiner Bühnendichtungen. Nervöse Reizung, Belastung
1764 1714 2800 1752 pferde, irgendwo in der Ferne singen Menschen wienerische
707 1717 1742 1762 vom Milien und Beruf her, Verirrtheit des Herzens, des
1760 1749 2803 1797 Lieder — man kann in der Einsamkeit dieses Gartens sich's
712 1753 1740 1796 Gedankens Blässe und die Schwäche des Sentiments vor
1763 1779 2798 1821 nicht einbilden, daß man irgendwo anders sei in der Welt.
711 1793 1745 1835 dem Leben — dies alles ist in vielen seiner Stücke zu zarten,
1759 1831 2799 1867 Und kann in der Erklusivität Schnitzlers Werkes alles Ge¬
718 1828 1743 1862 verschleierten Bildern gestaltet und seelenärztlich erklärt,
1762 1862 2641 1915 schehene niemals anderswo denken als in Wien.“
718 1861 1739 1907 analysiert und . .. belächelt. Schon die Titel deuten auf
709 1916 1747 1959 derlei: „Der einsame Weg“. Der Ruf des Lebens“, „Das
1799 1912 2226 1970 (Dresd. N. Nachr. 112)
2484 1903 2769 1965 Felix Salten
704 1939 1736 1997 weite Land“. Fühlt man nicht schon aus diesen Titeln,
1851 1973 2808 2035 Vgl. auch Raoul Auernheimer (N. Fr. Presse, Wien
711 1994 1742 2036 wie zwischen den Menschen die Verzweiflung spielt, und
1765 2026 2801 2065 20727); Hans Müller [„Schnitzlers Theater“] (ebenda);
721 2021 1740 2065 eine Ahnung vom Ende? Der einsame Weg endigte im
1763 2055 2796 2104 Oskar Maurus Fontana (Berl. Börs. Cour. 225 u. a. O.);
724 2056 1750 2095 Sumpf, der Ruf des Lebens erstickte und das weite Land
1773 2092 2801 2142 Fritz Droop (Mannh. Tagebl. 130); Fechter (Deutsche Allg.
709 2096 1741 2144 wurde Wüste. Dies ist mehr als eine Spielerei mit Worten.
1765 2128 2806 2179 Ztg., Unt. 223); Rudolf K. Goldschmit (Heidelb. Tagbl. 110);
714 2143 1742 2189 Denn wenn anders Schnitzler ein Dichter von Wesentlich¬
1761 2176 2806 2232 Ludwig Hirschberg („Schnitzler, der Arzt“, N. Fr. Presse,
716 2176 1742 2216 keit ist, so kündigt sich durch ihn Volkes Schicksal und der
1764 2216 2030 2271 Wien 20728).
709 2213 1753 2252 Ablauf zivilisatorischer Gänge an. Er ahnte Gräber, Ver¬
714 2255 1556 2303 fall und Notwendigkeit zu neuem Anfang...
2016 2261 2545 2329 Zur deutschen Literatur
1610 2299 1718 2355 hs.
756 2297 1198 2368 (Münch. N. Nachr. 206)
1845 2312 2800 2369 Über den Zwingli=Fund in der münchener Staats¬
1766 2368 2801 2417 bibliothek — es handelt sich um ein wichtiges Gedicht, das
800 2362 1748 2414 „Noch über Schnitzlers Form. Man ist selten für viele
1772 2409 2762 2460 Zwingli vier Tage vor seinem Tode in Druck gegeben —
715 2403 1746 2459 Zweige der Dichtung legitimiert. Es entspricht das Talent
1779 2454 2742 2495 berichtet Karl Schottenloher (Münch. N. Nachr. 198).
710 2447 1743 2491 einem seelischen Hang, der tiefer als alle anderen mensch¬
1762 2484 2807 2529 Lorenz Westenrieders (1748—1829) Stellung zur Auf¬
715 2490 1750 2531 lichen Eigenschaften sitzt, alles ihm Zukommende: Gewohn¬
1771 2519 2805 2574 klärung behandelt Karl Joseph Herz (Augsb. Postztg. Lit.
720 2534 1756 2584 heit, Geschmack, Urteile, gleich Vorposten, in den Lebens¬
1771 2563 2790 2619 Beil. 21). — Ein Gedenkblatt an Lessings „Emilia Galotti“.
708 2569 1081 2621 kampf hinausstellt.
1766 2601 2498 2649 schreibt W. (N. Fr. Presse, Wien 20726).
800 2597 1749 2650 Schnitzler hat eine Mischform: er ist viel mehr Epiker
1844 2630 2802 2686 Dem Ideengehalt in Goethes „Faust“ geht Theodor
713 2651 1746 2691 als Dramatiker. Auch in seinen Dramen. Das kann natür¬
1771 2685 2799 2734 Meyer (Staatsanz. f. Württ., Bes. Beil. 5) nach. — Goethes
713 2679 1746 2734 lich nichts gegen sie besagen. Das Epische entspringt einem
1769 2717 2808 2770 Liebe in moderner Beleuchtung (Bode Emil Ludwig)
713 2716 1745 2773 gewissen Glauben, der Welt gezollt, das Drama einem
1773 2743 2801 2808 zeichnet O. Schöndörffer (Königsb. Hart. Ztg., Sonntags¬
721 2759 1748 2808 Verantwortungsgefühl, das zwar reizbar ist, aber eine
2135 2796 2793 2842 „Goethes Stellung zu den Frauen“.
1775 2798 2068 2846 blatt 225, 237).
712 2797 1747 2844 Möglichkeit in sich haben muß, befriedigt zu werden. Nun
1777 2843 2769 2885 charakterisiert Anna Blos (Mannh. Tagebl., Frauen 131). —
714 2836 1742 2882 hat Schnitzler zwar ein geradezu neurasthenisch reizbares
1770 2882 2806 2922 Einen Aufsatz „Zelter und Goethe“ bietet Ernst Friedrichs
722 2880 1754 2925 Verantwortungsgefühl, aber die kulturelle Basis, die er
2446 2912 2811 2962 „Goethe im Musik¬
1766 2911 2391 2965 (Bad. Landesztg., Aus Kunst 239).
724 2911 1753 2960 innehat, läßt „Lösungen“ gar nicht zu. Er ist gezwungen,
1768 2959 2798 3002 schaffen von Brahms“ bringt G. v. Graevenitz (Zeit, Zeit¬
726 2954 1744 2997 dem Leben mehr Glauben zu schenken, als er ihm tatsäch¬
2353 2997 2798 3040 Schillers Rückkehr nach
1778 2991 2343 3041 stimmen 78) zur Darstellung. —
718 2995 1754 3039 lich schenkt, dadurch ist er plötzlich auf eine stachelige idyllische
1775 3044 2750 3075 Stuttgart schildert E. Müller (Stuttg. N. Tagbl. 213).
712 3042 1760 3085 Art Epiker. Auch nähert er sich der Komödie, für die
1776 3066 2803 3119 Schillers Stammbucheinträge läßt Ernst Müller (Münch.
718 3071 1745 3119 ihm aber, eben als einer sehr dramatischen Form, doch das
1776 3114 2652 3157 Augsb. Abendztg., Sammler 55) Revue passieren.
713 3110 1752 3165 Herkommen von irgendeiner letzten Entschiedenheit mangelt.
1850 3154 2807 3196 Ein Bild von Hölderlin entwirft Manfred Schneider
718 3149 1754 3189 Man bewundert bei Schnitzler eine große Durchsichtigkeit, die
1774 3191 2808 3236 (Staatsanz. f. Württ., Bes. Beil. 5). — Zur neuesten Hölder¬
724 3188 1759 3234 uns diese Analyse erst ermöglichte. Überhaupt hat der Kritiker
1780 3224 2816 3269 lin=Literatur äußert sich Hans Benzmann (Königsb. Hart.
731 3228 1744 3283 nach Goethe nicht den Begriff eines Werkes, bevor es da ist.
2249 3262 2811 3313 Über Susette Gontard (Dio¬
1776 3264 2219 3313 Ztg., Lit. Rundsch. 236).
718 3262 1745 3307 Deshalb möge man alle Kritik vorsichtig einschätzen. Schnitz¬
2688 3300 2804 3344 Den
1768 3302 2638 3356 tima) schreibt Käte Soll=Stümpke (S. Tag 198).
714 3303 1749 3355 lers künstlerische Form ist äußerst prägnant, meisterhaft, un¬
1764 3342 2804 3389 Wohnsitz der Brüder Humboldt „Schloß Tegel“ schildert
713 3345 1756 3401 routiniert. Selbst seine pointiertesten Werke haben eine Ge¬
2600 3379 2817 3428 „Clemens
1779 3393 2554 3427 Oskar Mysing (Köln. Ztg., Lit. Bl. 320a).
721 3382 1738 3438 lassenheit, die das Leben über ihre Pointe hinaus bedeutet.“
1764 3425 2802 3467 Brentanos Liebesleben“ sucht Paul Hankamer (Rhein.
1472 3428 1729 3484 Karl Lohs.
779 3432 1263 3495 Prager Pr., Dichtung 20)
2617 3455 2814 3506 Über die
1768 3453 2616 3504 Westf. Ztg., Kunst 345) gerecht zu werden.
1782 3504 2808 3553 „Grimmschen Märchen für die Republik“ plaudert Fedor
801 3492 1745 3550 „Wie diese Frühlingsabenddämmerung, die jetzt um
2708 3532 2805 3578 Mit
1771 3544 2618 3592 v. Zobeltitz (Tägl. Rundschau., Unt.=Beil. 105).
724 3542 1743 3598 mich niedergleitet, sanft ist und doch erschütternd, so ist
1777 3579 2801 3624 Philipp Witkops Kleist buch (H. Haessel) setzt sich Arthur
724 3579 1750 3637 sein Werk mild und gelind und dabei anschwellend bis zu
1773 3610 2767 3656 Eloesser (Berl. Börs. Cour. 217) kritisch auseinander. —
727 3623 1750 3665 einer wühlenden Tragik. Und wie dieser alte, blühende
1769 3653 2796 3701 Eine Betrachtung „Wenn Eichendorff heute wiederkäme“
717 3659 1751 3708 Garten hier wienerisch ist, so ist sein Werk wienerisch in all
2698 3689 2799 3737 Als
1783 3689 2697 3735 veröffentlicht E. Mensch (Germania, Aus Zeit 27). —
715 3697 1756 3743 seinem Wurzeln und Blühen. Das Frühlinghafte, das
1789 3729 2814 3775 Sänger der Befreiungskriege wird Eichendorff (Kreuzztg.
720 3733 1756 3775 Maienhafte, das Lenzliche, das Wiens eigensten und süßesten
1770 3770 2082 3829 233) behandelt.
712 3777 1749 3839 Zauber ausmacht, durchdringt auch die Art, durchdringt
