<?xml version="1.0" encoding="UTF-8" standalone="yes"?>
<PcGts xmlns="http://schema.primaresearch.org/PAGE/gts/pagecontent/2013-07-15" xmlns:xsi="http://www.w3.org/2001/XMLSchema-instance" xsi:schemaLocation="http://schema.primaresearch.org/PAGE/gts/pagecontent/2013-07-15 http://schema.primaresearch.org/PAGE/gts/pagecontent/2013-07-15/pagecontent.xsd">
    <Metadata>
        <Creator>prov=University of Rostock/Institute of Mathematics/CITlab/Gundram Leifert/gundram.leifert@uni-rostock.de:name=ONB_Newseye_GT_M1+(htr_id=10810)::::v=2.4.2
prov=University of Rostock/Institute of Mathematics/CITlab/Tobias Gruening/tobias.gruening@uni-rostock.de:name=de.uros.citlab.module.baseline2polygon.B2PSeamMultiOriented:v=2.4.2
prov=University of Rostock/Institute of Mathematics/CITlab/Tobias Gruening/tobias.gruening@uni-rostock.de:name=/mnt/transkribus/LA/DEA/URO/LA_news_onb_att.pb:de.uros.citlab.segmentation.CITlab_LA_ML:v=2.4.2
Transkribus</Creator>
        <Created>2019-10-07T20:32:24.213+02:00</Created>
        <LastChange>2019-10-09T09:53:22.972+02:00</LastChange>
        <TranskribusMetadata docId="224438" pageId="9577788" pageNr="282" tsid="16634494" status="IN_PROGRESS" userId="40391" imgUrl="https://files.transkribus.eu/Get?id=MFZJHUIBGNOOWBMICMVHJGIL&amp;fileType=view" xmlUrl="https://files.transkribus.eu/Get?id=SKEENECTOHYRNKONGXJZWIDN" imageId="6207882"/>
    </Metadata>
    <Page imageFilename="224438_0282.jpeg" imageWidth="3392" imageHeight="4352">
        <ReadingOrder>
            <OrderedGroup id="ro_1711442764040" caption="Regions reading order">
                <RegionRefIndexed index="0" regionRef="r1"/>
            </OrderedGroup>
        </ReadingOrder>
        <TextRegion orientation="0.0" id="r1" custom="readingOrder {index:0;}">
            <Coords points="272,203 272,3575 2373,3575 2373,203"/>
            <TextLine id="r1l1" custom="readingOrder {index:0;}">
                <Coords points="1800,279 1958,282 2032,250 2090,268 2124,254 2187,258 2205,275 2299,273 2297,196 2188,185 2144,213 2125,200 2085,222 2025,208 1962,224 1894,170 1798,166"/>
                <Baseline points="1809,243 1834,241 1859,240 1884,239 1909,238 1935,237 1960,237 1985,237 2010,236 2035,236 2061,235 2086,235 2111,235 2136,234 2161,234 2187,234 2212,233 2237,232 2262,231 2288,230"/>
                <TextEquiv>
                    <Unicode>—</Unicode>
                </TextEquiv>
            </TextLine>
            <TextLine id="r1l2" custom="readingOrder {index:1;}">
                <Coords points="1132,352 1178,371 1347,347 1546,364 1577,358 1577,273 1473,270 1398,295 1383,282 1316,309 1239,298 1222,309 1131,279"/>
                <Baseline points="1142,348 1167,346 1192,345 1217,344 1242,344 1267,344 1292,344 1317,344 1342,344 1367,345 1392,345 1417,345 1442,345 1467,345 1492,345 1517,344 1542,343 1567,340"/>
                <TextEquiv>
                    <Unicode>box 39/3</Unicode>
                </TextEquiv>
            </TextLine>
            <TextLine id="r1l3" custom="readingOrder {index:2;}">
                <Coords points="263,392 323,412 555,384 921,393 976,372 976,334 939,308 688,318 620,299 557,304 517,343 421,305 336,304 262,338"/>
                <Baseline points="272,378 306,378 341,379 376,379 411,379 445,379 480,378 515,378 550,377 584,377 619,376 654,375 689,374 723,373 758,372 793,371 828,370 862,369 897,368 932,367 967,366"/>
                <TextEquiv>
                    <Unicode>6oth Birthday</Unicode>
                </TextEquiv>
            </TextLine>
            <TextLine id="r1l4" custom="readingOrder {index:3;}">
                <Coords points="2243,1248 2258,1251 2273,1247 2291,1250 2297,1246 2312,1251 2335,1249 2336,1201 2319,1201 2300,1183 2295,1185 2287,1179 2262,1190 2256,1184 2245,1185"/>
                <Baseline points="2252,1243 2289,1244 2326,1245"/>
                <TextEquiv>
                    <Unicode>177</Unicode>
                </TextEquiv>
            </TextLine>
            <TextLine id="r1l5" custom="readingOrder {index:4;}">
                <Coords points="826,1386 2355,1372 2272,1315 1977,1358 826,1327"/>
                <Baseline points="836,1371 911,1372 987,1374 1062,1375 1138,1375 1213,1376 1289,1377 1364,1377 1440,1377 1515,1377 1591,1377 1666,1377 1742,1377 1817,1376 1893,1376 1968,1376 2044,1375 2119,1375 2195,1375 2270,1375 2346,1375"/>
                <TextEquiv>
                    <Unicode>Hauptmanns eigentliche Herzenskinder sind jene, die vom Leben</Unicode>
                </TextEquiv>
            </TextLine>
            <TextLine id="r1l6" custom="readingOrder {index:5;}">
                <Coords points="821,1426 2354,1428 2283,1384 821,1388"/>
                <Baseline points="831,1432 906,1434 982,1436 1057,1437 1133,1439 1209,1440 1284,1440 1360,1441 1436,1441 1511,1441 1587,1441 1663,1440 1738,1440 1814,1439 1890,1439 1965,1438 2041,1438 2117,1437 2192,1437 2268,1436 2344,1436"/>
                <TextEquiv>
                    <Unicode>in die Notwehr gedrängt, ihrer Bürde nicht gewachsen sind, Kam¬</Unicode>
                </TextEquiv>
            </TextLine>
            <TextLine id="r1l7" custom="readingOrder {index:6;}">
                <Coords points="833,1495 2361,1493 2361,1456 2188,1437 1762,1478 833,1455"/>
                <Baseline points="843,1495 918,1496 993,1496 1069,1497 1144,1497 1220,1497 1295,1497 1371,1497 1446,1497 1522,1497 1597,1497 1672,1496 1748,1496 1823,1496 1899,1496 1974,1495 2050,1495 2125,1495 2201,1494 2276,1494 2352,1494"/>
                <TextEquiv>
                    <Unicode>ponierte, Zukurzgekommene, Leidende. Während in der engen</Unicode>
                </TextEquiv>
            </TextLine>
            <TextLine id="r1l8" custom="readingOrder {index:7;}">
                <Coords points="834,1553 2315,1569 2355,1513 834,1526"/>
                <Baseline points="844,1552 919,1552 994,1553 1069,1553 1144,1553 1219,1554 1294,1554 1369,1554 1444,1554 1519,1554 1594,1554 1669,1554 1744,1554 1819,1554 1894,1554 1969,1554 2044,1554 2119,1554 2194,1553 2269,1553 2345,1553"/>
                <TextEquiv>
                    <Unicode>dumpfen Kammer ihrer Fron ihre ausgezehrten Hände fieberhaft</Unicode>
                </TextEquiv>
            </TextLine>
            <TextLine id="r1l9" custom="readingOrder {index:8;}">
                <Coords points="840,1622 2358,1604 2204,1557 840,1557"/>
                <Baseline points="850,1614 928,1613 1007,1613 1086,1612 1165,1612 1244,1611 1323,1611 1402,1611 1481,1610 1560,1610 1638,1610 1717,1610 1796,1609 1875,1609 1954,1609 2033,1609 2112,1609 2191,1609 2270,1609 2349,1608"/>
                <TextEquiv>
                    <Unicode>sich das Kleid der Notdurst weben, liegt auf ihren wunden Augen</Unicode>
                </TextEquiv>
            </TextLine>
            <TextLine id="r1l10" custom="readingOrder {index:9;}">
                <Coords points="830,1669 2248,1692 2355,1631 830,1652"/>
                <Baseline points="839,1667 914,1667 989,1667 1065,1668 1140,1668 1215,1669 1291,1670 1366,1670 1441,1671 1517,1672 1592,1672 1667,1673 1743,1673 1818,1673 1893,1673 1969,1673 2044,1673 2119,1673 2195,1672 2270,1671 2346,1670"/>
                <TextEquiv>
                    <Unicode>der schmerzliche Glanz der Sehnsucht. Pippa und Hannele, Quint</Unicode>
                </TextEquiv>
            </TextLine>
            <TextLine id="r1l11" custom="readingOrder {index:10;}">
                <Coords points="838,1730 2360,1740 2306,1673 838,1690"/>
                <Baseline points="847,1729 922,1730 997,1731 1072,1731 1147,1731 1223,1731 1298,1732 1373,1732 1448,1731 1523,1731 1599,1731 1674,1731 1749,1731 1824,1731 1899,1730 1975,1730 2050,1730 2125,1730 2200,1730 2275,1729 2351,1729"/>
                <TextEquiv>
                    <Unicode>und Prospero und wie viele noch sind in Variationen Gleichnisse</Unicode>
                </TextEquiv>
            </TextLine>
            <TextLine id="r1l12" custom="readingOrder {index:11;}">
                <Coords points="839,1794 1033,1788 1123,1804 1232,1789 1265,1806 1409,1787 1409,1770 1307,1735 1238,1750 889,1736 839,1749"/>
                <Baseline points="849,1787 876,1786 904,1785 931,1785 959,1784 986,1784 1014,1784 1041,1784 1069,1784 1096,1784 1124,1784 1151,1784 1179,1784 1206,1785 1234,1785 1261,1785 1289,1785 1316,1786 1344,1786 1371,1786 1399,1787"/>
                <TextEquiv>
                    <Unicode>für des Dichters Seele.</Unicode>
                </TextEquiv>
            </TextLine>
            <TextLine id="r1l13" custom="readingOrder {index:12;}">
                <Coords points="920,1849 2294,1863 2353,1807 919,1807"/>
                <Baseline points="929,1844 999,1846 1070,1846 1141,1847 1211,1847 1282,1848 1353,1847 1423,1847 1494,1847 1565,1847 1636,1846 1706,1845 1777,1845 1848,1844 1918,1844 1989,1843 2060,1842 2130,1842 2201,1842 2272,1841 2343,1841"/>
                <TextEquiv>
                    <Unicode>So eröhaft Hauptmanns Welt ist — ein Aberirdisches wetter¬</Unicode>
                </TextEquiv>
            </TextLine>
            <TextLine id="r1l14" custom="readingOrder {index:13;}">
                <Coords points="830,1901 1847,1928 2304,1915 2357,1869 830,1871"/>
                <Baseline points="839,1905 914,1905 989,1905 1065,1905 1140,1905 1216,1905 1291,1905 1366,1905 1442,1905 1517,1905 1593,1904 1668,1904 1743,1904 1819,1904 1894,1903 1970,1903 2045,1903 2120,1902 2196,1902 2271,1902 2347,1901"/>
                <TextEquiv>
                    <Unicode>leuchtet hinein, der armselige Werkeltag dieser Hinterwäldler und</Unicode>
                </TextEquiv>
            </TextLine>
            <TextLine id="r1l15" custom="readingOrder {index:14;}">
                <Coords points="836,1954 2360,1964 2310,1912 836,1923"/>
                <Baseline points="845,1962 920,1962 995,1961 1070,1961 1146,1962 1221,1962 1296,1962 1371,1963 1447,1963 1522,1963 1597,1964 1672,1964 1748,1964 1823,1964 1898,1964 1973,1964 2049,1963 2124,1963 2199,1962 2274,1960 2350,1958"/>
                <TextEquiv>
                    <Unicode>Vorstädter, dieser Heimarbeiter und Handwerker ist geschwängert</Unicode>
                </TextEquiv>
            </TextLine>
            <TextLine id="r1l16" custom="readingOrder {index:15;}">
                <Coords points="839,2023 2353,2012 2297,1969 839,1983"/>
                <Baseline points="849,2023 923,2023 998,2023 1073,2023 1148,2023 1222,2023 1297,2023 1372,2023 1447,2023 1521,2023 1596,2023 1671,2023 1746,2023 1820,2023 1895,2023 1970,2022 2045,2022 2119,2022 2194,2021 2269,2021 2344,2020"/>
                <TextEquiv>
                    <Unicode>mit einer religiösen Atmosphäre. Die seltsame Mischung von Na¬</Unicode>
                </TextEquiv>
            </TextLine>
            <TextLine id="r1l17" custom="readingOrder {index:16;}">
                <Coords points="830,2080 2175,2100 2323,2093 2357,2040 830,2047"/>
                <Baseline points="840,2082 915,2082 990,2083 1066,2083 1141,2083 1216,2083 1292,2084 1367,2084 1442,2084 1518,2084 1593,2083 1668,2083 1744,2083 1819,2083 1894,2082 1970,2082 2045,2081 2120,2080 2196,2080 2271,2079 2347,2078"/>
                <TextEquiv>
                    <Unicode>turalismus und Metaphysik rückt den Schlesier in unmittelbare</Unicode>
                </TextEquiv>
            </TextLine>
            <TextLine id="r1l18" custom="readingOrder {index:17;}">
                <Coords points="832,2139 2358,2133 2260,2090 832,2104"/>
                <Baseline points="841,2139 916,2140 991,2140 1067,2141 1142,2141 1217,2141 1293,2141 1368,2141 1443,2141 1519,2141 1594,2141 1669,2141 1745,2140 1820,2140 1895,2139 1971,2139 2046,2138 2121,2137 2197,2136 2272,2135 2348,2134"/>
                <TextEquiv>
                    <Unicode>Nähe der Russen. Emanuel Quints größere Dettern sind Dosto¬</Unicode>
                </TextEquiv>
            </TextLine>
            <TextLine id="r1l19" custom="readingOrder {index:18;}">
                <Coords points="838,2207 2271,2216 2365,2157 838,2159"/>
                <Baseline points="847,2199 922,2199 997,2199 1073,2198 1148,2198 1224,2198 1299,2198 1374,2198 1450,2198 1525,2198 1601,2198 1676,2198 1751,2198 1827,2198 1902,2197 1978,2197 2053,2197 2128,2197 2204,2197 2279,2196 2355,2196"/>
                <TextEquiv>
                    <Unicode>jewskis Klioscha und Idiot. Christliches Leiden und Mitleiden beugt</Unicode>
                </TextEquiv>
            </TextLine>
            <TextLine id="r1l20" custom="readingOrder {index:19;}">
                <Coords points="841,2262 2355,2258 2354,2212 2287,2206 841,2222"/>
                <Baseline points="851,2263 925,2262 1000,2262 1075,2262 1149,2261 1224,2260 1299,2260 1373,2259 1448,2258 1523,2258 1598,2257 1672,2257 1747,2256 1822,2256 1896,2256 1971,2256 2046,2256 2120,2256 2195,2257 2270,2258 2345,2259"/>
                <TextEquiv>
                    <Unicode>sich da und dort zu den Erleidigten und Ernieörigten, bildet da</Unicode>
                </TextEquiv>
            </TextLine>
            <TextLine id="r1l21" custom="readingOrder {index:20;}">
                <Coords points="840,2327 2185,2334 2315,2328 2357,2271 840,2279"/>
                <Baseline points="850,2321 924,2319 999,2318 1074,2317 1149,2315 1224,2315 1299,2314 1373,2314 1448,2314 1523,2314 1598,2314 1673,2314 1748,2315 1823,2315 1897,2315 1972,2316 2047,2316 2122,2317 2197,2317 2272,2317 2347,2317"/>
                <TextEquiv>
                    <Unicode>und dort an einer neuen Heilandsgestalt. So deutsch Hauptmann</Unicode>
                </TextEquiv>
            </TextLine>
            <TextLine id="r1l22" custom="readingOrder {index:21;}">
                <Coords points="840,2381 2356,2380 2231,2320 840,2328"/>
                <Baseline points="849,2377 923,2376 998,2376 1073,2376 1148,2375 1223,2375 1298,2375 1372,2375 1447,2375 1522,2376 1597,2376 1672,2376 1747,2376 1822,2376 1896,2376 1971,2376 2046,2376 2121,2376 2196,2376 2271,2376 2346,2376"/>
                <TextEquiv>
                    <Unicode>ist, — er ist mehr. Zwar nicht international in dem abstrakten,</Unicode>
                </TextEquiv>
            </TextLine>
            <TextLine id="r1l23" custom="readingOrder {index:22;}">
                <Coords points="839,2443 2353,2436 2301,2382 839,2397"/>
                <Baseline points="849,2436 923,2435 998,2434 1073,2434 1148,2433 1222,2433 1297,2433 1372,2432 1447,2432 1521,2432 1596,2432 1671,2432 1746,2432 1820,2432 1895,2432 1970,2432 2045,2432 2119,2432 2194,2432 2269,2432 2344,2431"/>
                <TextEquiv>
                    <Unicode>intellektuellen Sinn des Naturalismus und des Experimentalromans</Unicode>
                </TextEquiv>
            </TextLine>
            <TextLine id="r1l24" custom="readingOrder {index:23;}">
                <Coords points="844,2500 2118,2517 2318,2505 2356,2455 844,2456"/>
                <Baseline points="853,2494 927,2494 1002,2493 1077,2493 1151,2492 1226,2492 1301,2491 1375,2491 1450,2491 1525,2491 1600,2490 1674,2490 1749,2490 1824,2490 1898,2490 1973,2490 2048,2490 2122,2490 2197,2491 2272,2491 2347,2491"/>
                <TextEquiv>
                    <Unicode>(auch darin hat er das Drogramm von 1890 nicht erfüllt), und er</Unicode>
                </TextEquiv>
            </TextLine>
            <TextLine id="r1l25" custom="readingOrder {index:24;}">
                <Coords points="841,2548 2357,2571 2357,2519 2290,2498 841,2518"/>
                <Baseline points="851,2555 925,2554 1000,2553 1075,2553 1150,2552 1225,2552 1299,2551 1374,2551 1449,2551 1524,2551 1599,2550 1673,2550 1748,2550 1823,2550 1898,2551 1973,2551 2047,2551 2122,2551 2197,2551 2272,2551 2347,2551"/>
                <TextEquiv>
                    <Unicode>ist auch nicht eine gemeineuropäische Angelegenheit geworden wie</Unicode>
                </TextEquiv>
            </TextLine>
            <TextLine id="r1l26" custom="readingOrder {index:25;}">
                <Coords points="839,2613 2318,2623 2360,2567 839,2579"/>
                <Baseline points="849,2613 924,2611 999,2610 1074,2609 1149,2609 1224,2608 1299,2608 1374,2608 1449,2608 1524,2609 1600,2609 1675,2609 1750,2610 1825,2610 1900,2610 1975,2610 2050,2610 2125,2610 2200,2610 2275,2609 2351,2608"/>
                <TextEquiv>
                    <Unicode>als letzter Deutscher Nietzsche. In Frankreich und Italien hat er</Unicode>
                </TextEquiv>
            </TextLine>
            <TextLine id="r1l27" custom="readingOrder {index:26;}">
                <Coords points="834,2683 2288,2688 2361,2640 834,2646"/>
                <Baseline points="843,2675 918,2673 993,2672 1069,2671 1144,2670 1220,2669 1295,2668 1370,2668 1446,2667 1521,2667 1597,2667 1672,2667 1747,2667 1823,2667 1898,2668 1974,2668 2049,2669 2124,2669 2200,2670 2275,2670 2351,2671"/>
                <TextEquiv>
                    <Unicode>gar nicht, auf angelsächsischem Boden nur unsicher Fuß gefaßt,</Unicode>
                </TextEquiv>
            </TextLine>
            <TextLine id="r1l28" custom="readingOrder {index:27;}">
                <Coords points="845,2725 2367,2708 845,2689"/>
                <Baseline points="854,2730 929,2730 1004,2731 1079,2730 1154,2730 1230,2730 1305,2730 1380,2729 1455,2729 1530,2728 1606,2727 1681,2727 1756,2727 1831,2726 1906,2726 1982,2726 2057,2726 2132,2726 2207,2726 2282,2726 2358,2727"/>
                <TextEquiv>
                    <Unicode>dagegen breitet sich seine Gemeinde mächtig in Skandinavien und</Unicode>
                </TextEquiv>
            </TextLine>
            <TextLine id="r1l29" custom="readingOrder {index:28;}">
                <Coords points="839,2795 2357,2779 2297,2733 839,2743"/>
                <Baseline points="848,2790 923,2789 998,2788 1073,2787 1148,2786 1223,2785 1298,2785 1373,2784 1448,2784 1523,2784 1598,2784 1673,2784 1748,2784 1823,2784 1898,2784 1973,2784 2048,2784 2123,2784 2198,2784 2273,2784 2348,2784"/>
                <TextEquiv>
                    <Unicode>Rußland aus, und wenn immer deutlicher in Europa eine südwest¬</Unicode>
                </TextEquiv>
            </TextLine>
            <TextLine id="r1l30" custom="readingOrder {index:29;}">
                <Coords points="836,2845 2319,2861 2361,2805 836,2822"/>
                <Baseline points="846,2843 921,2842 996,2841 1071,2841 1147,2841 1222,2841 1297,2841 1373,2841 1448,2842 1523,2842 1599,2842 1674,2843 1749,2843 1824,2844 1900,2844 1975,2844 2050,2844 2126,2844 2201,2843 2276,2842 2352,2841"/>
                <TextEquiv>
                    <Unicode>liche und eine nordöstliche Geistigkeit in Gegensatz zueinander treten,</Unicode>
                </TextEquiv>
            </TextLine>
            <TextLine id="r1l31" custom="readingOrder {index:30;}">
                <Coords points="833,2909 2369,2883 832,2867"/>
                <Baseline points="843,2903 918,2903 994,2904 1070,2905 1146,2905 1222,2905 1297,2905 1373,2905 1449,2905 1525,2905 1601,2904 1676,2904 1752,2904 1828,2903 1904,2903 1980,2903 2055,2902 2131,2902 2207,2902 2283,2902 2359,2902"/>
                <TextEquiv>
                    <Unicode>so darf diese letztere Hauptmann ganz als den ihren, als einen</Unicode>
                </TextEquiv>
            </TextLine>
            <TextLine id="r1l32" custom="readingOrder {index:31;}">
                <Coords points="840,2981 1527,2980 1638,2964 1638,2945 1488,2911 1457,2932 1189,2910 839,2929"/>
                <Baseline points="849,2966 890,2966 931,2965 972,2964 1013,2964 1054,2964 1095,2963 1136,2963 1177,2963 1218,2963 1259,2963 1300,2963 1341,2963 1382,2963 1423,2963 1464,2963 1505,2963 1546,2963 1587,2962 1628,2962"/>
                <TextEquiv>
                    <Unicode>ihrer Besten in Anspruch nehmen.</Unicode>
                </TextEquiv>
            </TextLine>
            <TextLine id="r1l33" custom="readingOrder {index:32;}">
                <Coords points="915,3145 2291,3156 2356,3089 915,3108"/>
                <Baseline points="925,3137 996,3138 1067,3139 1138,3140 1209,3140 1280,3140 1351,3140 1422,3140 1493,3140 1564,3140 1636,3139 1707,3138 1778,3138 1849,3137 1920,3137 1991,3136 2062,3135 2133,3135 2204,3134 2275,3134 2347,3134"/>
                <TextEquiv>
                    <Unicode>Hauptmann ist am besten zuhause in den Seelen einer dumpf¬</Unicode>
                </TextEquiv>
            </TextLine>
            <TextLine id="r1l34" custom="readingOrder {index:33;}">
                <Coords points="836,3210 2235,3213 2366,3201 2366,3155 836,3167"/>
                <Baseline points="845,3198 920,3198 996,3198 1071,3198 1147,3198 1222,3198 1298,3198 1373,3198 1449,3198 1524,3198 1600,3198 1675,3198 1751,3198 1826,3198 1902,3198 1977,3197 2053,3197 2128,3197 2204,3197 2279,3198 2355,3198"/>
                <TextEquiv>
                    <Unicode>ursprünglichen, naiven, noch ländlichen Bevölkerung; Schnitzler</Unicode>
                </TextEquiv>
            </TextLine>
            <TextLine id="r1l35" custom="readingOrder {index:34;}">
                <Coords points="839,3259 2363,3268 2362,3214 2261,3201 839,3225"/>
                <Baseline points="848,3256 923,3257 998,3258 1073,3259 1148,3259 1224,3259 1299,3259 1374,3259 1449,3259 1524,3258 1600,3258 1675,3258 1750,3257 1825,3257 1900,3257 1976,3257 2051,3257 2126,3257 2201,3257 2276,3258 2352,3259"/>
                <TextEquiv>
                    <Unicode>in dem wachen, regen, komplizierten Inneren gebildeter Städter,</Unicode>
                </TextEquiv>
            </TextLine>
            <TextLine id="r1l36" custom="readingOrder {index:35;}">
                <Coords points="840,3314 2319,3330 2361,3278 839,3285"/>
                <Baseline points="849,3316 924,3317 999,3318 1074,3318 1149,3319 1224,3319 1299,3319 1375,3319 1450,3319 1525,3318 1600,3318 1675,3317 1750,3317 1825,3316 1901,3315 1976,3315 2051,3314 2126,3313 2201,3313 2276,3312 2352,3312"/>
                <TextEquiv>
                    <Unicode>der obersten Zehntausende im Reiche des Geldes wie des Geistes,</Unicode>
                </TextEquiv>
            </TextLine>
            <TextLine id="r1l37" custom="readingOrder {index:36;}">
                <Coords points="839,3371 2363,3366 2230,3322 839,3338"/>
                <Baseline points="849,3377 924,3377 999,3376 1074,3376 1149,3375 1224,3375 1299,3375 1375,3374 1450,3374 1525,3374 1600,3374 1675,3373 1750,3373 1825,3373 1901,3373 1976,3373 2051,3373 2126,3373 2201,3373 2276,3372 2352,3372"/>
                <TextEquiv>
                    <Unicode>wenigstens derer, die zu den Zehrern, nicht den Mehrern gehören.</Unicode>
                </TextEquiv>
            </TextLine>
            <TextLine id="r1l38" custom="readingOrder {index:37;}">
                <Coords points="847,3439 2290,3447 2359,3387 847,3393"/>
                <Baseline points="857,3435 931,3434 1006,3433 1080,3432 1155,3432 1230,3431 1304,3431 1379,3431 1453,3431 1528,3431 1603,3431 1677,3431 1752,3431 1826,3431 1901,3432 1976,3432 2050,3432 2125,3431 2199,3431 2274,3431 2349,3430"/>
                <TextEquiv>
                    <Unicode>Jener zeigt eine Welt der Anfänge, des Durchschnittes, dieser eine</Unicode>
                </TextEquiv>
            </TextLine>
            <TextLine id="r1l39" custom="readingOrder {index:38;}">
                <Coords points="830,3486 2382,3500 2294,3444 2109,3437 830,3456"/>
                <Baseline points="839,3490 915,3492 992,3492 1069,3493 1145,3494 1222,3494 1299,3494 1375,3494 1452,3493 1529,3493 1606,3492 1682,3492 1759,3491 1836,3491 1912,3490 1989,3490 2066,3490 2142,3490 2219,3490 2296,3490 2373,3491"/>
                <TextEquiv>
                    <Unicode>des Endes, der feinen Ausläufer einer Gesellschaft. Hauptmann</Unicode>
                </TextEquiv>
            </TextLine>
            <TextLine id="r1l40" custom="readingOrder {index:39;}">
                <Coords points="844,3559 2218,3570 2365,3525 843,3515"/>
                <Baseline points="854,3562 929,3559 1004,3557 1079,3556 1154,3555 1229,3554 1304,3553 1379,3553 1454,3552 1529,3552 1604,3552 1679,3552 1754,3552 1829,3551 1904,3551 1979,3550 2054,3549 2129,3548 2204,3546 2279,3544 2355,3541"/>
                <TextEquiv>
                    <Unicode>ist ein Dichter der Armut und Lebensnot, Schnitzler einer des Wohl¬</Unicode>
                </TextEquiv>
            </TextLine>
            <TextEquiv>
                <Unicode>—
box 39/3
6oth Birthday
177
Hauptmanns eigentliche Herzenskinder sind jene, die vom Leben
in die Notwehr gedrängt, ihrer Bürde nicht gewachsen sind, Kam¬
ponierte, Zukurzgekommene, Leidende. Während in der engen
dumpfen Kammer ihrer Fron ihre ausgezehrten Hände fieberhaft
sich das Kleid der Notdurst weben, liegt auf ihren wunden Augen
der schmerzliche Glanz der Sehnsucht. Pippa und Hannele, Quint
und Prospero und wie viele noch sind in Variationen Gleichnisse
für des Dichters Seele.
So eröhaft Hauptmanns Welt ist — ein Aberirdisches wetter¬
leuchtet hinein, der armselige Werkeltag dieser Hinterwäldler und
Vorstädter, dieser Heimarbeiter und Handwerker ist geschwängert
mit einer religiösen Atmosphäre. Die seltsame Mischung von Na¬
turalismus und Metaphysik rückt den Schlesier in unmittelbare
Nähe der Russen. Emanuel Quints größere Dettern sind Dosto¬
jewskis Klioscha und Idiot. Christliches Leiden und Mitleiden beugt
sich da und dort zu den Erleidigten und Ernieörigten, bildet da
und dort an einer neuen Heilandsgestalt. So deutsch Hauptmann
ist, — er ist mehr. Zwar nicht international in dem abstrakten,
intellektuellen Sinn des Naturalismus und des Experimentalromans
(auch darin hat er das Drogramm von 1890 nicht erfüllt), und er
ist auch nicht eine gemeineuropäische Angelegenheit geworden wie
als letzter Deutscher Nietzsche. In Frankreich und Italien hat er
gar nicht, auf angelsächsischem Boden nur unsicher Fuß gefaßt,
dagegen breitet sich seine Gemeinde mächtig in Skandinavien und
Rußland aus, und wenn immer deutlicher in Europa eine südwest¬
liche und eine nordöstliche Geistigkeit in Gegensatz zueinander treten,
so darf diese letztere Hauptmann ganz als den ihren, als einen
ihrer Besten in Anspruch nehmen.
Hauptmann ist am besten zuhause in den Seelen einer dumpf¬
ursprünglichen, naiven, noch ländlichen Bevölkerung; Schnitzler
in dem wachen, regen, komplizierten Inneren gebildeter Städter,
der obersten Zehntausende im Reiche des Geldes wie des Geistes,
wenigstens derer, die zu den Zehrern, nicht den Mehrern gehören.
Jener zeigt eine Welt der Anfänge, des Durchschnittes, dieser eine
des Endes, der feinen Ausläufer einer Gesellschaft. Hauptmann
ist ein Dichter der Armut und Lebensnot, Schnitzler einer des Wohl¬</Unicode>
            </TextEquiv>
        </TextRegion>
    </Page>
</PcGts>
