3392 4352
766 319 846 386 d
267 314 977 418 6oth BirtzaY
1801 183 2331 306 —
1131 304 1590 396 box 39/3
974 1075 1095 1135 176
970 1196 2493 1274 ein Narr, ein Niemand, ein Nichts. Geduld, Geduld, bis er endlich
969 1273 2503 1321 wächst und sich dehnt, das Haus füllt und den Bogen der Rache
969 1316 2505 1386 spannt, bis aus der scheinbaren Schlacke die majestätische Glut
985 1374 1528 1453 der Rache hervorbricht.
1055 1450 2490 1499 Und so birgt immer wieder ein Bettlermantel den hauptmannschen
983 1491 2492 1556 Helden, ein Weberkittel oder abgetragener Schulmeisterrock den
981 1558 2496 1614 hauptmannschen Heiligen und Heiland. Selten, spät, kurz, doch um
978 1617 2499 1677 so kostbarer und voller beschert er ihnen und uns den großen
986 1662 2502 1734 Rugenblick des Herauswachsens, des Schrankensprengens, der Be¬
985 1730 2502 1791 freiung, Erfüllung, mag er dann Rausch oder Wunder, Vision oder
981 1777 2506 1848 Himmelfahrt heißen, — den unbedingten Augenblick des Absoluten.
1056 1856 2499 1912 Dieser dichter ist kein frei schwebender Kriel, sondern ein An¬
988 1893 2515 1975 täus, und kann nicht in die leere Lust springen, ohne seine Kraft
993 1966 2512 2033 zu verlieren; er ist ein Baum, dessen Wipfel noch von dem Salz
988 2025 2516 2088 der Erde zeugt, das er aufsaugt, aber dessen Zweige sich wie
982 2072 2519 2142 sehnsüchtige Arme himmelwärts breiten und auf dessen Spitzen die
989 2145 1722 2218 Dögel des Himmels jubilieren.
1064 2202 2509 2258 Liebt Hauptmann den Zettlermantel, den Weberkittel! Nicht
989 2253 2502 2320 um ihrer selbst willen, gewiß, nur um dessentwillen, was sie be¬
1000 2304 2514 2393 herbergen. Der Künstler seines „Hirtenliedes“ schreit sein Leiden
993 2375 2508 2435 an der Nothaftigkeit und Häßlichkeit heraus; im Kerker der Groß¬
1003 2446 2520 2507 stadt hält ihn kaum noch das Mitleid, die Solidarität. Seine
1003 2479 2523 2547 Sehnsucht dürstet nach den Gefilden der Hirten. Fast zu hestig ist
1005 2561 2518 2625 in Hauptmann dieser drang geworden in pateiarchalische oder
995 2602 2517 2675 märchenhafte oder vom Zauber zeitlicher und örtlicher Ferne ver¬
1003 2654 2517 2733 goldete Welten; sein deutsches Herz beherbergt Südsehnsucht und
999 2734 1271 2807 Romantik.
1083 2774 2515 2856 Aber seine überzeugenösten dichtungen wachsen auf der Heimat¬
1002 2843 2517 2905 erde, im Umkreis seiner Jugendwelt, aus der Not der Gegenwart,
1012 2892 2518 2972 aus dem Alltag, aus dem völkischen, aus dem Deutschtum. Sie
1001 2953 2521 3028 wachsen freilich darüber hinaus in eine zweite Heimat, denn etwas
1014 3023 2538 3087 wie Heimweh nach einem Metakosmos ist die „andere Seele“ dieses
1013 3082 2539 3141 Dichters. Bei allem Verhastetsein im Wirklichen geht er nicht in
1012 3143 2533 3206 flämischer, strotzender Daseinsfreude ganz darin auf. Mag er aus¬
1016 3205 2537 3263 nahmsweise wie im „Ketzer von Soana“ eine Hymme auf das
1015 3267 2538 3324 sinnlich Naturhafte anstimmen, mag eine Erzrealistin wie die Wasch¬
1014 3316 2543 3387 frau Wulffen unverwüstlich und „in allen Wassern gewaschen“ sich
1015 3383 2538 3477 tummeln und überall zurechtfinden (auch in den Taschen anderer!) —
