<?xml version="1.0" encoding="UTF-8" standalone="yes"?>
<PcGts xmlns="http://schema.primaresearch.org/PAGE/gts/pagecontent/2013-07-15" xmlns:xsi="http://www.w3.org/2001/XMLSchema-instance" xsi:schemaLocation="http://schema.primaresearch.org/PAGE/gts/pagecontent/2013-07-15 http://schema.primaresearch.org/PAGE/gts/pagecontent/2013-07-15/pagecontent.xsd">
    <Metadata>
        <Creator>prov=University of Rostock/Institute of Mathematics/CITlab/Gundram Leifert/gundram.leifert@uni-rostock.de:name=ONB_Newseye_GT_M1+(htr_id=10810)::::v=2.4.2
prov=University of Rostock/Institute of Mathematics/CITlab/Tobias Gruening/tobias.gruening@uni-rostock.de:name=de.uros.citlab.module.baseline2polygon.B2PSeamMultiOriented:v=2.4.2
prov=University of Rostock/Institute of Mathematics/CITlab/Tobias Gruening/tobias.gruening@uni-rostock.de:name=/mnt/transkribus/LA/DEA/URO/LA_news_onb_att.pb:de.uros.citlab.segmentation.CITlab_LA_ML:v=2.4.2
Transkribus</Creator>
        <Created>2019-10-07T20:32:11.398+02:00</Created>
        <LastChange>2019-10-09T09:26:41.215+02:00</LastChange>
        <TranskribusMetadata docId="224438" pageId="9577187" pageNr="234" tsid="16633286" status="IN_PROGRESS" userId="40391" imgUrl="https://files.transkribus.eu/Get?id=TWHIPZCLJZAJJWDGHUTRSJNC&amp;fileType=view" xmlUrl="https://files.transkribus.eu/Get?id=UJBMNELXPNVEKWHROZFFEMCF" imageId="6207678"/>
    </Metadata>
    <Page imageFilename="224438_0234.jpeg" imageWidth="3392" imageHeight="4352">
        <ReadingOrder>
            <OrderedGroup id="ro_1711442741725" caption="Regions reading order">
                <RegionRefIndexed index="0" regionRef="r1"/>
            </OrderedGroup>
        </ReadingOrder>
        <TextRegion orientation="0.0" id="r1" custom="readingOrder {index:0;}">
            <Coords points="171,230 171,3290 3090,3290 3090,230"/>
            <TextLine id="r1l1" custom="readingOrder {index:0;}">
                <Coords points="1871,285 1997,264 2048,285 2217,278 2216,195 2176,200 2154,186 2129,201 2118,190 2086,216 2053,202 2003,228 1898,198 1869,206"/>
                <Baseline points="1888,258 1914,257 1940,256 1966,255 1992,255 2018,254 2044,253 2070,253 2096,253 2122,252 2148,252 2174,252 2200,252"/>
                <TextEquiv>
                    <Unicode>2.</Unicode>
                </TextEquiv>
            </TextLine>
            <TextLine id="r1l2" custom="readingOrder {index:1;}">
                <Coords points="161,388 389,424 1163,362 1521,387 1618,351 1616,290 1355,269 1022,349 948,294 367,302 286,352 158,312"/>
                <Baseline points="180,374 251,380 322,386 393,389 464,390 535,390 606,390 677,387 748,385 819,382 890,378 961,373 1032,369 1103,365 1174,360 1245,357 1316,354 1387,351 1458,350 1529,349 1600,350"/>
                <TextEquiv>
                    <Unicode>3. 60th Birthday box 39/3</Unicode>
                </TextEquiv>
            </TextLine>
            <TextLine id="r1l3" custom="readingOrder {index:2;}">
                <Coords points="2895,1015 2924,1015 2938,1027 2949,1016 2974,1024 2982,1017 3028,1021 3036,1014 3075,1015 3077,943 3045,942 3026,953 3008,949 2997,956 2976,952 2961,966 2939,972 2896,968"/>
                <Baseline points="2912,1008 2941,1009 2970,1009 2999,1009 3028,1010 3058,1013"/>
                <TextEquiv>
                    <Unicode>sen</Unicode>
                </TextEquiv>
            </TextLine>
            <TextLine id="r1l4" custom="readingOrder {index:3;}">
                <Coords points="2307,1068 3039,1072 3068,1065 3067,1010 2598,991 2306,1021"/>
                <Baseline points="2323,1060 2359,1060 2395,1060 2431,1061 2468,1061 2504,1061 2540,1061 2577,1061 2613,1061 2649,1061 2686,1061 2722,1060 2758,1060 2794,1060 2831,1060 2867,1059 2903,1059 2940,1058 2976,1058 3012,1057 3049,1057"/>
                <TextEquiv>
                    <Unicode>Lentieman von heute trägt eine</Unicode>
                </TextEquiv>
            </TextLine>
            <TextLine id="r1l5" custom="readingOrder {index:4;}">
                <Coords points="1739,1132 3078,1112 3048,1047 1739,1056"/>
                <Baseline points="1759,1113 1824,1112 1889,1112 1954,1112 2019,1111 2084,1111 2149,1110 2214,1110 2279,1110 2344,1109 2409,1109 2474,1109 2539,1108 2604,1108 2669,1107 2734,1107 2799,1106 2864,1105 2929,1105 2994,1104 3059,1103"/>
                <TextEquiv>
                    <Unicode>. Miuionengarderobe, deren Herkunft nicht immer leicht zu eruieren</Unicode>
                </TextEquiv>
            </TextLine>
            <TextLine id="r1l6" custom="readingOrder {index:5;}">
                <Coords points="1795,1178 3076,1171 3075,1099 1795,1120"/>
                <Baseline points="1813,1162 1875,1162 1937,1161 1999,1161 2062,1161 2124,1160 2186,1160 2248,1160 2311,1159 2373,1159 2435,1159 2497,1158 2560,1157 2622,1156 2684,1156 2746,1155 2809,1153 2871,1152 2933,1150 2995,1148 3058,1146"/>
                <TextEquiv>
                    <Unicode>ist. Wird sie ab und zu von einem gewiegten Kriminalbeamten</Unicode>
                </TextEquiv>
            </TextLine>
            <TextLine id="r1l7" custom="readingOrder {index:6;}">
                <Coords points="156,1252 266,1220 387,1246 621,1225 666,1193 789,1194 838,1176 834,1097 705,1123 636,1108 149,1137"/>
                <Baseline points="171,1206 203,1209 235,1212 268,1214 300,1215 333,1215 365,1214 397,1213 430,1211 462,1210 495,1207 527,1204 559,1201 592,1198 624,1195 657,1192 689,1189 721,1185 754,1182 786,1180 819,1178"/>
                <TextEquiv>
                    <Unicode>beitern entspinnt sich</Unicode>
                </TextEquiv>
            </TextLine>
            <TextLine id="r1l8" custom="readingOrder {index:7;}">
                <Coords points="673,1221 2968,1219 3072,1145 673,1189"/>
                <Baseline points="692,1231 810,1228 928,1226 1046,1224 1164,1221 1282,1220 1400,1218 1518,1217 1636,1215 1754,1214 1873,1212 1991,1211 2109,1210 2227,1208 2345,1207 2463,1205 2581,1204 2699,1202 2817,1200 2935,1197 3054,1195"/>
                <TextEquiv>
                    <Unicode>Eigentlich merkwürdig, dieses geradezu unbegrenzte, un= eruiert, so pflegt der Aermel des gut geschnittenen Sakkos be¬</Unicode>
                </TextEquiv>
            </TextLine>
            <TextLine id="r1l9" custom="readingOrder {index:8;}">
                <Coords points="557,1298 3002,1259 3077,1196 556,1233"/>
                <Baseline points="573,1281 697,1278 821,1275 945,1273 1070,1271 1194,1268 1318,1266 1442,1265 1567,1263 1691,1261 1815,1260 1939,1258 2064,1256 2188,1255 2312,1253 2436,1251 2561,1250 2685,1248 2809,1246 2933,1244 3058,1242"/>
                <TextEquiv>
                    <Unicode>wahrscheinliche Vertrauen, das die von Berufs wegen zugeknöpfteste denklich an die Wände des Landesgerichts, Jugendabteilung zu</Unicode>
                </TextEquiv>
            </TextLine>
            <TextLine id="r1l10" custom="readingOrder {index:9;}">
                <Coords points="170,1336 3089,1284 170,1271"/>
                <Baseline points="187,1323 331,1324 475,1324 619,1324 764,1323 908,1321 1052,1320 1196,1318 1341,1316 1485,1313 1629,1310 1773,1308 1918,1305 2062,1303 2206,1300 2350,1298 2495,1295 2639,1293 2783,1292 2927,1291 3072,1290"/>
                <TextEquiv>
                    <Unicode>Es ist unverschämt, aller Branchen, der Bankkassier, in die Einbruchsicherheit eines streifen. Das Panoptikum, das über eine aktuell assortierte Galerie</Unicode>
                </TextEquiv>
            </TextLine>
            <TextLine id="r1l11" custom="readingOrder {index:10;}">
                <Coords points="170,1394 3074,1368 3048,1293 169,1321"/>
                <Baseline points="190,1383 333,1381 476,1378 619,1376 763,1373 906,1371 1049,1368 1193,1365 1336,1363 1479,1360 1623,1358 1766,1355 1909,1353 2052,1351 2196,1349 2339,1347 2482,1345 2626,1343 2769,1341 2912,1340 3056,1339"/>
                <TextEquiv>
                    <Unicode>rend wir mit dem Laufburschen setzt. Ein kleines Erlebnis an einem Bankschalter „berühmter“ Verbrecher verfügte, ist aus der Mode gekommen.</Unicode>
                </TextEquiv>
            </TextLine>
            <TextLine id="r1l12" custom="readingOrder {index:11;}">
                <Coords points="577,1431 3077,1441 3029,1348 2823,1340 576,1381"/>
                <Baseline points="597,1470 720,1468 843,1465 966,1462 1089,1460 1212,1457 1335,1455 1458,1453 1581,1450 1704,1448 1828,1446 1951,1444 2074,1442 2197,1441 2320,1439 2443,1438 2566,1437 2689,1437 2812,1436 2935,1436 3059,1436"/>
                <TextEquiv>
                    <Unicode>  Sistenh selt, wan anch Hamans Mutes Ghanen schich aber der Genin mest swnlich geind,</Unicode>
                </TextEquiv>
            </TextLine>
            <TextLine id="r1l13" custom="readingOrder {index:12;}">
                <Coords points="1814,1510 3080,1508 3080,1440 1814,1449"/>
                <Baseline points="1832,1494 1893,1493 1955,1491 2016,1490 2078,1489 2139,1489 2201,1488 2262,1487 2324,1487 2385,1487 2447,1486 2509,1486 2570,1486 2632,1486 2693,1486 2755,1485 2816,1485 2878,1485 2939,1484 3001,1484 3063,1483"/>
                <TextEquiv>
                    <Unicode>daß die geliebte Musik seiner Gattin und seiner heranwachsenden</Unicode>
                </TextEquiv>
            </TextLine>
            <TextLine id="r1l14" custom="readingOrder {index:13;}">
                <Coords points="575,1542 1830,1505 1829,1444 574,1473"/>
                <Baseline points="594,1516 654,1514 715,1513 776,1512 837,1510 898,1509 958,1508 1019,1507 1080,1506 1141,1505 1202,1504 1262,1503 1323,1503 1384,1502 1445,1501 1506,1500 1566,1498 1627,1497 1688,1496 1749,1494 1810,1493"/>
                <TextEquiv>
                    <Unicode>deutlich Porträts der Frau Rat sind. Es mag dies lief in der Dichter¬</Unicode>
                </TextEquiv>
            </TextLine>
            <TextLine id="r1l15" custom="readingOrder {index:14;}">
                <Coords points="1828,1547 3076,1529 3075,1482 1827,1500"/>
                <Baseline points="1846,1538 1906,1539 1967,1539 2027,1539 2088,1539 2148,1538 2209,1538 2269,1537 2330,1537 2390,1536 2451,1535 2511,1535 2572,1534 2632,1533 2693,1533 2753,1532 2814,1532 2874,1531 2935,1531 2995,1531 3056,1531"/>
                <TextEquiv>
                    <Unicode>Söhne ihm ein oft recht unangenehmes Geräusch sei das er</Unicode>
                </TextEquiv>
            </TextLine>
            <TextLine id="r1l16" custom="readingOrder {index:15;}">
                <Coords points="577,1584 1735,1564 1828,1555 1827,1504 575,1512"/>
                <Baseline points="596,1562 656,1561 717,1561 778,1560 838,1559 899,1558 960,1557 1020,1555 1081,1554 1142,1553 1203,1552 1263,1551 1324,1550 1385,1548 1445,1547 1506,1546 1567,1545 1627,1544 1688,1544 1749,1543 1810,1542"/>
                <TextEquiv>
                    <Unicode>cele begründet sein, Geheimes und Geheimstes nicht auszusprechen, und</Unicode>
                </TextEquiv>
            </TextLine>
            <TextLine id="r1l17" custom="readingOrder {index:16;}">
                <Coords points="1824,1594 3072,1586 3071,1542 2988,1525 1823,1547"/>
                <Baseline points="1841,1589 1901,1589 1962,1589 2023,1588 2083,1588 2144,1587 2205,1586 2265,1586 2326,1585 2387,1584 2448,1583 2508,1582 2569,1581 2630,1580 2690,1579 2751,1578 2812,1578 2872,1577 2933,1577 2994,1577 3055,1577"/>
                <TextEquiv>
                    <Unicode>schonungsvoll über sich ergehen ließ. Als junger Theaterarzt,</Unicode>
                </TextEquiv>
            </TextLine>
            <TextLine id="r1l18" custom="readingOrder {index:17;}">
                <Coords points="575,1613 1826,1601 1825,1547 574,1573"/>
                <Baseline points="591,1610 651,1610 712,1609 773,1609 834,1608 895,1607 956,1606 1016,1604 1077,1603 1138,1601 1199,1600 1260,1599 1321,1597 1382,1596 1442,1594 1503,1593 1564,1593 1625,1592 1686,1592 1747,1592 1808,1592"/>
                <TextEquiv>
                    <Unicode>so war auch meine Verwunderung vielleicht nicht am Platz, die</Unicode>
                </TextEquiv>
            </TextLine>
            <TextLine id="r1l19" custom="readingOrder {index:18;}">
                <Coords points="1819,1646 3020,1634 3070,1626 3070,1579 1818,1596"/>
                <Baseline points="1835,1638 1895,1637 1956,1636 2017,1635 2078,1634 2139,1633 2200,1632 2261,1631 2322,1630 2383,1630 2444,1629 2504,1628 2565,1627 2626,1626 2687,1626 2748,1625 2809,1624 2870,1623 2931,1623 2992,1623 3053,1622"/>
                <TextEquiv>
                    <Unicode>später als Arzt der Hoch= und Finanzaristokratie war der bild¬</Unicode>
                </TextEquiv>
            </TextLine>
            <TextLine id="r1l20" custom="readingOrder {index:19;}">
                <Coords points="174,1668 1736,1658 1833,1595 173,1600"/>
                <Baseline points="191,1649 272,1651 353,1652 434,1653 515,1653 596,1653 677,1653 759,1653 840,1652 921,1651 1002,1650 1083,1648 1164,1647 1245,1645 1327,1644 1408,1642 1489,1640 1570,1639 1651,1638 1732,1636 1814,1635"/>
                <TextEquiv>
                    <Unicode>itzlers Mutter. ich anläßlich enes Artikels zum fünfzigsten Geburtstag Schnitzlers</Unicode>
                </TextEquiv>
            </TextLine>
            <TextLine id="r1l21" custom="readingOrder {index:20;}">
                <Coords points="1821,1691 3088,1674 3087,1628 1821,1644"/>
                <Baseline points="1839,1683 1900,1682 1962,1681 2023,1681 2085,1680 2146,1680 2208,1679 2269,1678 2331,1678 2392,1677 2454,1677 2516,1676 2577,1676 2639,1675 2700,1674 2762,1674 2823,1673 2885,1672 2946,1671 3008,1670 3070,1669"/>
                <TextEquiv>
                    <Unicode>hübsche Professor Schnitzler ein Liebling der Frauenwelt, worunter</Unicode>
                </TextEquiv>
            </TextLine>
            <TextLine id="r1l22" custom="readingOrder {index:21;}">
                <Coords points="586,1709 1741,1705 1827,1696 1826,1641 585,1663"/>
                <Baseline points="604,1709 664,1707 724,1705 784,1704 845,1702 905,1701 965,1699 1026,1698 1086,1697 1146,1696 1207,1694 1267,1693 1327,1692 1387,1691 1448,1690 1508,1689 1568,1688 1629,1687 1689,1686 1749,1685 1810,1685"/>
                <TextEquiv>
                    <Unicode>aussprach, daß er die herrliche Mutter, die ihm weit mehr und</Unicode>
                </TextEquiv>
            </TextLine>
            <TextLine id="r1l23" custom="readingOrder {index:22;}">
                <Coords points="184,1761 220,1763 241,1744 292,1760 345,1736 360,1746 414,1744 500,1725 498,1668 454,1662 430,1682 396,1661 356,1660 321,1676 270,1663 181,1686"/>
                <Baseline points="199,1726 224,1727 250,1727 276,1727 302,1725 328,1724 353,1723 379,1721 405,1719 431,1718 457,1717 483,1716"/>
                <TextEquiv>
                    <Unicode>echzigstem.</Unicode>
                </TextEquiv>
            </TextLine>
            <TextLine id="r1l24" custom="readingOrder {index:23;}">
                <Coords points="1815,1738 3074,1725 3073,1671 1815,1691"/>
                <Baseline points="1834,1733 1895,1731 1956,1730 2017,1729 2078,1728 2139,1727 2200,1726 2261,1725 2322,1724 2383,1723 2444,1722 2505,1722 2566,1721 2627,1720 2688,1720 2749,1719 2810,1719 2871,1718 2932,1718 2993,1717 3055,1717"/>
                <TextEquiv>
                    <Unicode>seine Frau mit Unrecht schwer gelitten hat. Schnitzler vergötterte</Unicode>
                </TextEquiv>
            </TextLine>
            <TextLine id="r1l25" custom="readingOrder {index:24;}">
                <Coords points="167,1814 1104,1739 1797,1771 1828,1698 165,1739"/>
                <Baseline points="184,1782 265,1776 346,1770 428,1766 509,1762 591,1758 672,1755 753,1752 835,1750 916,1748 998,1746 1079,1744 1160,1743 1242,1742 1323,1741 1405,1740 1486,1738 1567,1737 1649,1735 1730,1734 1812,1732"/>
                <TextEquiv>
                    <Unicode>anstänger Mutter gewesen ist, als meist die Frau einem Sohn, in</Unicode>
                </TextEquiv>
            </TextLine>
            <TextLine id="r1l26" custom="readingOrder {index:25;}">
                <Coords points="1812,1789 3085,1758 3084,1715 2648,1706 1811,1734"/>
                <Baseline points="1831,1779 1892,1779 1954,1778 2016,1777 2078,1777 2140,1776 2202,1775 2263,1774 2325,1773 2387,1772 2449,1771 2511,1770 2573,1769 2635,1768 2696,1768 2758,1767 2820,1767 2882,1766 2944,1766 3006,1766 3068,1766"/>
                <TextEquiv>
                    <Unicode>die Frau über alles, sie war seine treue Beraterin in allen</Unicode>
                </TextEquiv>
            </TextLine>
            <TextLine id="r1l27" custom="readingOrder {index:26;}">
                <Coords points="588,1806 1288,1794 1287,1761 1103,1729 1009,1753 587,1759"/>
                <Baseline points="606,1798 639,1798 672,1797 705,1797 738,1796 771,1795 804,1795 838,1794 871,1793 904,1792 937,1791 970,1791 1003,1790 1036,1789 1070,1788 1103,1787 1136,1787 1169,1786 1202,1786 1235,1785 1269,1785"/>
                <TextEquiv>
                    <Unicode>keinem seiner Werke vorgeführt hat.</Unicode>
                </TextEquiv>
            </TextLine>
            <TextLine id="r1l28" custom="readingOrder {index:27;}">
                <Coords points="1814,1833 3088,1815 3087,1757 1814,1786"/>
                <Baseline points="1832,1828 1897,1827 1962,1826 2027,1825 2092,1824 2158,1823 2223,1822 2288,1821 2353,1820 2418,1820 2484,1819 2549,1818 2614,1817 2679,1816 2744,1816 2810,1815 2875,1815 2940,1815 3005,1814 3071,1815"/>
                <TextEquiv>
                    <Unicode>beruflichen Angelegenheiten. Mit Lachen gedenke ich noch des</Unicode>
                </TextEquiv>
            </TextLine>
            <TextLine id="r1l29" custom="readingOrder {index:28;}">
                <Coords points="174,1832 214,1835 239,1860 301,1841 373,1859 474,1837 524,1862 586,1843 644,1857 643,1803 611,1803 578,1775 513,1786 466,1765 423,1805 387,1772 351,1794 286,1773 210,1806 174,1803"/>
                <Baseline points="194,1835 219,1834 244,1834 269,1834 295,1834 320,1834 345,1834 371,1834 396,1833 421,1833 446,1833 472,1833 497,1833 522,1832 548,1832 573,1832 598,1832 624,1832"/>
                <TextEquiv>
                    <Unicode>m</Unicode>
                </TextEquiv>
            </TextLine>
            <TextLine id="r1l30" custom="readingOrder {index:29;}">
                <Coords points="691,1843 1824,1838 1823,1773 1657,1754 1629,1784 691,1803"/>
                <Baseline points="711,1841 765,1842 820,1842 875,1842 930,1841 984,1841 1039,1840 1094,1839 1149,1838 1203,1837 1258,1836 1313,1835 1368,1834 1422,1833 1477,1831 1532,1830 1587,1829 1641,1828 1696,1827 1751,1827 1806,1826"/>
                <TextEquiv>
                    <Unicode>Obwohl Schnitzler als Sohn eines Universitätsprofessors</Unicode>
                </TextEquiv>
            </TextLine>
            <TextLine id="r1l31" custom="readingOrder {index:30;}">
                <Coords points="1818,1888 3085,1877 3062,1812 1818,1830"/>
                <Baseline points="1837,1877 1898,1875 1959,1874 2021,1872 2082,1871 2144,1869 2205,1868 2267,1867 2328,1866 2390,1865 2451,1865 2512,1864 2574,1864 2635,1863 2697,1863 2758,1863 2820,1863 2881,1862 2943,1862 3004,1862 3066,1862"/>
                <TextEquiv>
                    <Unicode>sprachlosen Erstaunens einer anderen Professorenfrau, als er sie</Unicode>
                </TextEquiv>
            </TextLine>
            <TextLine id="r1l32" custom="readingOrder {index:31;}">
                <Coords points="586,1909 1830,1879 1829,1829 740,1856 689,1824 585,1858"/>
                <Baseline points="602,1893 662,1892 723,1891 783,1890 844,1889 904,1888 965,1887 1025,1887 1086,1886 1146,1885 1207,1885 1267,1884 1328,1884 1388,1883 1449,1882 1509,1882 1570,1881 1630,1880 1691,1879 1751,1878 1812,1877"/>
                <TextEquiv>
                    <Unicode>und Chefredakteurs väterlicherseits schriftstellerisch belastet erscheinen</Unicode>
                </TextEquiv>
            </TextLine>
            <TextLine id="r1l33" custom="readingOrder {index:32;}">
                <Coords points="1825,1929 3004,1920 3094,1915 3094,1868 1824,1878"/>
                <Baseline points="1844,1918 1905,1918 1967,1918 2028,1918 2090,1917 2151,1917 2213,1916 2274,1915 2336,1914 2397,1913 2459,1912 2521,1911 2582,1910 2644,1910 2705,1909 2767,1908 2828,1908 2890,1908 2951,1908 3013,1908 3075,1908"/>
                <TextEquiv>
                    <Unicode>einmal in unserer Gegenwart bat, ihm schnell aus der Kasse</Unicode>
                </TextEquiv>
            </TextLine>
            <TextLine id="r1l34" custom="readingOrder {index:33;}">
                <Coords points="598,1947 1611,1944 1824,1930 1823,1876 597,1904"/>
                <Baseline points="614,1943 673,1941 733,1939 792,1938 852,1937 912,1936 971,1935 1031,1935 1091,1934 1150,1934 1210,1934 1270,1933 1329,1933 1389,1932 1449,1931 1508,1930 1568,1929 1628,1927 1687,1926 1747,1923 1807,1920"/>
                <TextEquiv>
                    <Unicode>muß, stehe ich doch nicht an, das Künstlerische undGestaltende in</Unicode>
                </TextEquiv>
            </TextLine>
            <TextLine id="r1l35" custom="readingOrder {index:34;}">
                <Coords points="168,1961 276,1963 323,1933 370,1962 413,1950 482,1968 514,1942 536,1960 579,1956 604,1948 603,1876 513,1892 481,1877 391,1904 340,1890 243,1891 221,1906 167,1896"/>
                <Baseline points="185,1946 210,1948 235,1949 260,1949 285,1949 310,1949 335,1949 360,1949 385,1948 410,1948 435,1947 460,1947 485,1946 510,1945 535,1945 560,1944 585,1944"/>
                <TextEquiv>
                    <Unicode>neise“ so läßt sich</Unicode>
                </TextEquiv>
            </TextLine>
            <TextLine id="r1l36" custom="readingOrder {index:35;}">
                <Coords points="1818,1976 2817,1974 3034,1960 3091,1913 1817,1929"/>
                <Baseline points="1835,1967 1900,1966 1965,1966 2030,1965 2095,1965 2161,1965 2226,1964 2291,1963 2356,1963 2421,1962 2487,1961 2552,1960 2617,1959 2682,1958 2747,1957 2813,1956 2878,1955 2943,1954 3008,1952 3074,1951"/>
                <TextEquiv>
                    <Unicode>eine größere Summe zu geben, da er sich in seiner Herzens¬</Unicode>
                </TextEquiv>
            </TextLine>
            <TextLine id="r1l37" custom="readingOrder {index:36;}">
                <Coords points="173,2006 1825,1981 1824,1927 172,1956"/>
                <Baseline points="190,1999 270,1998 351,1997 432,1995 513,1993 594,1992 674,1990 755,1989 836,1987 917,1985 998,1983 1078,1982 1159,1980 1240,1978 1321,1977 1402,1975 1482,1974 1563,1973 1644,1971 1725,1970 1806,1969"/>
                <TextEquiv>
                    <Unicode>n, den einzigen Vers ihm auf die Mutter zurückzuführen. Leidenschaftliches, tiefes und</Unicode>
                </TextEquiv>
            </TextLine>
            <TextLine id="r1l38" custom="readingOrder {index:37;}">
                <Coords points="1818,2026 3110,2034 3109,1951 3055,1944 1818,1976"/>
                <Baseline points="1835,2019 1897,2017 1960,2015 2023,2014 2086,2012 2148,2011 2211,2010 2274,2009 2337,2008 2399,2008 2462,2007 2525,2007 2588,2006 2650,2006 2713,2005 2776,2005 2839,2005 2901,2005 2964,2004 3027,2004 3090,2004"/>
                <TextEquiv>
                    <Unicode>güte vor sich selbst schützte, indem die Frau die Verwalterin</Unicode>
                </TextEquiv>
            </TextLine>
            <TextLine id="r1l39" custom="readingOrder {index:38;}">
                <Coords points="171,2046 1755,2032 1830,2020 1829,1973 170,2007"/>
                <Baseline points="190,2046 271,2044 352,2043 433,2041 514,2039 595,2038 676,2036 757,2035 838,2033 919,2032 1000,2030 1081,2029 1162,2027 1243,2026 1324,2024 1405,2023 1486,2021 1567,2020 1648,2019 1729,2018 1811,2017"/>
                <TextEquiv>
                    <Unicode>die er als Kind ver- oft recht kompliziertes Empfinden, das sich täglich bis in die</Unicode>
                </TextEquiv>
            </TextLine>
            <TextLine id="r1l40" custom="readingOrder {index:39;}">
                <Coords points="1822,2091 1937,2080 1955,2065 2031,2082 2099,2060 2171,2074 2232,2048 2232,2019 2156,2020 2131,2002 2117,2017 2052,2017 2037,2003 2016,2018 1929,2008 1821,2023"/>
                <Baseline points="1839,2063 1864,2061 1889,2059 1914,2058 1939,2056 1964,2056 1989,2056 2014,2056 2039,2056 2064,2056 2089,2056 2114,2057 2139,2057 2164,2057 2189,2057 2215,2057"/>
                <TextEquiv>
                    <Unicode>seines Besitzes war.</Unicode>
                </TextEquiv>
            </TextLine>
            <TextLine id="r1l41" custom="readingOrder {index:40;}">
                <Coords points="595,2091 912,2100 1060,2062 1489,2092 1807,2076 1828,2029 594,2044"/>
                <Baseline points="613,2083 672,2081 732,2080 792,2079 852,2078 912,2077 971,2076 1031,2076 1091,2075 1151,2074 1211,2073 1270,2073 1330,2072 1390,2071 1450,2070 1510,2069 1569,2068 1629,2067 1689,2065 1749,2064 1809,2062"/>
                <TextEquiv>
                    <Unicode>letzten Lebenstage und trotz eines schmerzlichen Handleidens,</Unicode>
                </TextEquiv>
            </TextLine>
            <TextLine id="r1l42" custom="readingOrder {index:41;}">
                <Coords points="171,2097 293,2098 322,2112 340,2097 441,2107 463,2092 528,2105 596,2097 595,2046 570,2043 264,2045 228,2060 170,2046"/>
                <Baseline points="190,2094 215,2094 241,2093 267,2092 293,2092 319,2092 345,2091 371,2091 396,2091 422,2090 448,2090 474,2090 500,2089 526,2088 552,2087 578,2086"/>
                <TextEquiv>
                    <Unicode>k, die dich empfangen</Unicode>
                </TextEquiv>
            </TextLine>
            <TextLine id="r1l43" custom="readingOrder {index:42;}">
                <Coords points="1924,2119 3086,2106 3085,2037 3042,2027 1924,2061"/>
                <Baseline points="1942,2108 1998,2107 2054,2107 2110,2106 2167,2105 2223,2104 2279,2103 2336,2103 2392,2102 2448,2101 2505,2101 2561,2100 2617,2100 2673,2099 2730,2099 2786,2098 2842,2098 2899,2097 2955,2097 3011,2096 3068,2096"/>
                <TextEquiv>
                    <Unicode>Ihr ältester Sohn war ihr alles, obwohl sie noch zwei</Unicode>
                </TextEquiv>
            </TextLine>
            <TextLine id="r1l44" custom="readingOrder {index:43;}">
                <Coords points="599,2137 1760,2128 1843,2119 1842,2062 598,2093"/>
                <Baseline points="618,2131 678,2130 738,2128 799,2127 859,2126 920,2125 980,2123 1040,2122 1101,2121 1161,2121 1222,2120 1282,2119 1342,2118 1403,2117 1463,2116 1524,2115 1584,2114 1644,2113 1705,2112 1765,2111 1826,2109"/>
                <TextEquiv>
                    <Unicode>das mit ihrer Todeskrankheit zusammenhing, in stundenlangem</Unicode>
                </TextEquiv>
            </TextLine>
            <TextLine id="r1l45" custom="readingOrder {index:44;}">
                <Coords points="173,2145 295,2145 346,2159 378,2144 483,2140 512,2161 544,2143 602,2143 602,2096 172,2095"/>
                <Baseline points="191,2137 217,2138 243,2138 269,2138 295,2138 322,2138 348,2138 374,2138 400,2137 426,2137 453,2137 479,2136 505,2136 531,2136 557,2136 584,2136"/>
                <TextEquiv>
                    <Unicode>Kalent ihrer Söhne,</Unicode>
                </TextEquiv>
            </TextLine>
            <TextLine id="r1l46" custom="readingOrder {index:45;}">
                <Coords points="1822,2162 3081,2143 3080,2104 3033,2101 1821,2097"/>
                <Baseline points="1839,2154 1900,2155 1961,2156 2022,2156 2084,2155 2145,2155 2206,2154 2267,2153 2329,2152 2390,2151 2451,2150 2512,2148 2574,2147 2635,2146 2696,2145 2757,2145 2819,2144 2880,2144 2941,2145 3002,2146 3064,2147"/>
                <TextEquiv>
                    <Unicode>hochbegabte Kinder hatte, sie mit unendlicher Liebe an Eltern und</Unicode>
                </TextEquiv>
            </TextLine>
            <TextLine id="r1l47" custom="readingOrder {index:46;}">
                <Coords points="589,2185 1747,2175 1826,2166 1825,2119 588,2141"/>
                <Baseline points="607,2177 670,2176 733,2175 796,2174 859,2173 922,2172 985,2170 1048,2169 1111,2168 1174,2167 1238,2166 1301,2165 1364,2164 1427,2163 1490,2162 1553,2161 1616,2161 1679,2161 1742,2161 1806,2161"/>
                <TextEquiv>
                    <Unicode>Klavierspiel künstlerisch entlud, war der Mutter zu eigen.</Unicode>
                </TextEquiv>
            </TextLine>
            <TextLine id="r1l48" custom="readingOrder {index:47;}">
                <Coords points="178,2199 246,2183 272,2201 308,2201 322,2186 600,2194 599,2143 386,2142 347,2157 289,2143 177,2148"/>
                <Baseline points="194,2186 219,2186 245,2185 271,2185 297,2185 323,2185 349,2185 375,2185 400,2185 426,2184 452,2184 478,2183 504,2183 530,2182 556,2181 582,2181"/>
                <TextEquiv>
                    <Unicode>eil ist, wirklich als</Unicode>
                </TextEquiv>
            </TextLine>
            <TextLine id="r1l49" custom="readingOrder {index:48;}">
                <Coords points="1823,2219 3046,2204 3082,2200 3081,2142 1822,2165"/>
                <Baseline points="1841,2203 1902,2204 1963,2204 2024,2204 2085,2204 2146,2203 2207,2202 2268,2201 2329,2200 2390,2199 2451,2198 2512,2197 2573,2196 2634,2195 2695,2194 2756,2193 2817,2193 2878,2193 2939,2193 3000,2193 3062,2194"/>
                <TextEquiv>
                    <Unicode>Geschwistern hing, und zwar mit gleicher Liebe an denen, die</Unicode>
                </TextEquiv>
            </TextLine>
            <TextLine id="r1l50" custom="readingOrder {index:49;}">
                <Coords points="172,2248 1831,2211 1830,2164 1700,2159 171,2194"/>
                <Baseline points="191,2233 272,2232 353,2231 434,2230 515,2228 596,2227 677,2225 758,2223 839,2222 920,2220 1002,2218 1083,2216 1164,2214 1245,2212 1326,2210 1407,2209 1488,2207 1569,2206 1650,2205 1731,2204 1813,2203"/>
                <TextEquiv>
                    <Unicode>nis von dem Seelen= Als ältestes der acht Kinder eines Arztes, der das erste Wiener</Unicode>
                </TextEquiv>
            </TextLine>
            <TextLine id="r1l51" custom="readingOrder {index:50;}">
                <Coords points="1823,2257 3075,2254 3074,2192 1823,2207"/>
                <Baseline points="1840,2250 1900,2250 1961,2249 2022,2248 2083,2248 2144,2247 2205,2246 2266,2246 2327,2245 2388,2244 2449,2243 2509,2243 2570,2242 2631,2242 2692,2241 2753,2241 2814,2241 2875,2241 2936,2241 2997,2241 3058,2241"/>
                <TextEquiv>
                    <Unicode>materiell ein noch glücklicheres Los hatten als sie selbst, und</Unicode>
                </TextEquiv>
            </TextLine>
            <TextLine id="r1l52" custom="readingOrder {index:51;}">
                <Coords points="174,2288 1822,2259 1821,2212 1680,2208 173,2241"/>
                <Baseline points="193,2281 273,2280 354,2278 434,2277 515,2276 595,2274 676,2272 756,2271 837,2269 917,2268 998,2266 1079,2264 1159,2263 1240,2262 1320,2260 1401,2259 1481,2258 1562,2257 1642,2256 1723,2255 1804,2255"/>
                <TextEquiv>
                    <Unicode>der Weltliteratur erst medizinische Blatt herausgab, war sie schon, obwohl für die</Unicode>
                </TextEquiv>
            </TextLine>
            <TextLine id="r1l53" custom="readingOrder {index:52;}">
                <Coords points="1829,2309 3070,2308 3091,2243 1828,2258"/>
                <Baseline points="1848,2300 1909,2297 1970,2295 2031,2294 2093,2292 2154,2291 2215,2290 2277,2290 2338,2289 2399,2289 2461,2289 2522,2289 2583,2289 2644,2289 2706,2289 2767,2289 2828,2289 2890,2289 2951,2289 3012,2289 3074,2288"/>
                <TextEquiv>
                    <Unicode>denen, welche manches harte Schicksal verfolgte. Frühzeitig Witwe</Unicode>
                </TextEquiv>
            </TextLine>
            <TextLine id="r1l54" custom="readingOrder {index:53;}">
                <Coords points="174,2345 1826,2312 1825,2261 1644,2250 173,2288"/>
                <Baseline points="193,2331 273,2329 354,2327 435,2325 515,2323 596,2322 677,2320 757,2318 838,2317 919,2315 1000,2313 1080,2312 1161,2310 1242,2308 1322,2307 1403,2305 1484,2304 1564,2302 1645,2301 1726,2299 1807,2298"/>
                <TextEquiv>
                    <Unicode>zers ein. Geradezu Klavierkunst bestimmt, halbwüchsig ein fertiger kleiner Redakteur,</Unicode>
                </TextEquiv>
            </TextLine>
            <TextLine id="r1l55" custom="readingOrder {index:54;}">
                <Coords points="1820,2361 3093,2354 3092,2281 1819,2307"/>
                <Baseline points="1837,2350 1898,2348 1960,2346 2022,2344 2084,2343 2146,2342 2207,2341 2269,2340 2331,2339 2393,2338 2455,2337 2516,2337 2578,2336 2640,2336 2702,2336 2764,2335 2825,2335 2887,2335 2949,2335 3011,2335 3073,2335"/>
                <TextEquiv>
                    <Unicode>geworden, lebte sie mit dem Sohn zusammen. Seitdem absorbierten</Unicode>
                </TextEquiv>
            </TextLine>
            <TextLine id="r1l56" custom="readingOrder {index:55;}">
                <Coords points="183,2385 1832,2364 1831,2306 182,2327"/>
                <Baseline points="202,2375 282,2374 363,2373 443,2372 524,2370 605,2368 685,2366 766,2365 846,2363 927,2361 1008,2359 1088,2357 1169,2356 1249,2354 1330,2352 1411,2351 1491,2350 1572,2349 1652,2348 1733,2348 1814,2348"/>
                <TextEquiv>
                    <Unicode>und für Dichtereltern der namentlich die Uebersetzungen aus fremden Sprachen für den</Unicode>
                </TextEquiv>
            </TextLine>
            <TextLine id="r1l57" custom="readingOrder {index:56;}">
                <Coords points="1828,2404 3011,2394 3083,2378 3082,2324 1827,2360"/>
                <Baseline points="1846,2395 1907,2393 1968,2391 2029,2390 2090,2390 2151,2389 2212,2388 2273,2388 2334,2388 2395,2388 2456,2387 2517,2387 2578,2387 2639,2386 2700,2386 2761,2385 2822,2383 2883,2382 2944,2380 3005,2377 3066,2375"/>
                <TextEquiv>
                    <Unicode>neben der Musik ästhetische Interessen sie ganz; hatte sie früher</Unicode>
                </TextEquiv>
            </TextLine>
            <TextLine id="r1l58" custom="readingOrder {index:57;}">
                <Coords points="175,2432 1827,2408 1743,2348 174,2378"/>
                <Baseline points="192,2425 272,2423 353,2420 434,2418 515,2416 596,2415 676,2413 757,2412 838,2410 919,2409 1000,2407 1080,2406 1161,2405 1242,2404 1323,2403 1404,2402 1484,2400 1565,2399 1646,2398 1727,2397 1808,2396"/>
                <TextEquiv>
                    <Unicode>m „Dichterleben“ als Vater besorgte. Die Zeitung galt als Mitgift der ältesten Tochter,</Unicode>
                </TextEquiv>
            </TextLine>
            <TextLine id="r1l59" custom="readingOrder {index:58;}">
                <Coords points="1824,2446 3094,2438 3093,2376 1823,2407"/>
                <Baseline points="1842,2441 1903,2439 1965,2438 2026,2437 2088,2436 2150,2435 2211,2435 2273,2434 2335,2433 2396,2433 2458,2433 2520,2432 2581,2432 2643,2431 2705,2431 2766,2430 2828,2430 2890,2429 2951,2428 3013,2428 3075,2426"/>
                <TextEquiv>
                    <Unicode>als Hausfrau den glänzendsten Soireen vorgestanden, so verstand</Unicode>
                </TextEquiv>
            </TextLine>
            <TextLine id="r1l60" custom="readingOrder {index:59;}">
                <Coords points="170,2490 1811,2456 1820,2405 169,2440"/>
                <Baseline points="188,2470 268,2470 349,2468 430,2467 511,2465 592,2464 672,2462 753,2460 834,2458 915,2457 996,2455 1076,2453 1157,2451 1238,2450 1319,2448 1400,2446 1480,2446 1561,2445 1642,2444 1723,2444 1804,2444"/>
                <TextEquiv>
                    <Unicode>erbürgter Stratforder weil der Vater, ein Mann von seltener Charakterstärke und</Unicode>
                </TextEquiv>
            </TextLine>
            <TextLine id="r1l61" custom="readingOrder {index:60;}">
                <Coords points="1825,2496 3084,2489 3087,2431 1824,2445"/>
                <Baseline points="1842,2492 1903,2489 1964,2487 2025,2484 2087,2483 2148,2481 2209,2480 2271,2479 2332,2479 2393,2479 2455,2479 2516,2478 2577,2479 2638,2479 2700,2479 2761,2479 2822,2478 2884,2478 2945,2478 3006,2477 3068,2476"/>
                <TextEquiv>
                    <Unicode>sie jetzt, die Jung=Wiener Dichterwelt um sich in gemütlichem</Unicode>
                </TextEquiv>
            </TextLine>
            <TextLine id="r1l62" custom="readingOrder {index:61;}">
                <Coords points="595,2518 1829,2510 1828,2445 595,2468"/>
                <Baseline points="614,2511 673,2510 733,2508 793,2507 853,2505 913,2504 972,2503 1032,2502 1092,2500 1152,2499 1212,2498 1271,2497 1331,2495 1391,2495 1451,2494 1511,2493 1570,2492 1630,2491 1690,2490 1750,2490 1810,2489"/>
                <TextEquiv>
                    <Unicode>seltenem Geist, von dem Schwiegervater, einem baronisierten</Unicode>
                </TextEquiv>
            </TextLine>
            <TextLine id="r1l63" custom="readingOrder {index:62;}">
                <Coords points="186,2519 334,2534 356,2520 410,2530 496,2517 605,2530 604,2469 514,2470 492,2485 380,2469 359,2480 185,2472"/>
                <Baseline points="204,2516 229,2516 255,2517 280,2517 306,2516 332,2516 357,2516 383,2516 408,2515 434,2514 460,2514 485,2513 511,2512 536,2512 562,2511 588,2511"/>
                <TextEquiv>
                    <Unicode>in ihrer stillen Sin¬</Unicode>
                </TextEquiv>
            </TextLine>
            <TextLine id="r1l64" custom="readingOrder {index:63;}">
                <Coords points="1830,2547 3042,2531 3095,2458 2825,2497 1829,2496"/>
                <Baseline points="1849,2538 1910,2536 1971,2535 2033,2534 2094,2533 2155,2531 2217,2530 2278,2530 2339,2529 2401,2528 2462,2528 2523,2527 2585,2527 2646,2527 2707,2526 2769,2526 2830,2525 2891,2525 2953,2525 3014,2525 3076,2524"/>
                <TextEquiv>
                    <Unicode>Zirkel zu vereinigen. Sie lebte in jedem Wort, das der Dichter</Unicode>
                </TextEquiv>
            </TextLine>
            <TextLine id="r1l65" custom="readingOrder {index:64;}">
                <Coords points="594,2566 1824,2555 1823,2508 1581,2483 593,2515"/>
                <Baseline points="611,2558 670,2557 730,2555 790,2554 850,2552 910,2551 969,2549 1029,2548 1089,2547 1149,2546 1209,2545 1268,2544 1328,2543 1388,2542 1448,2541 1508,2540 1567,2539 1627,2539 1687,2538 1747,2538 1807,2537"/>
                <TextEquiv>
                    <Unicode>Finanzmagnaten, nichts annehmen wollte, da er dessen Tochter,</Unicode>
                </TextEquiv>
            </TextLine>
            <TextLine id="r1l66" custom="readingOrder {index:65;}">
                <Coords points="176,2580 208,2569 241,2579 259,2565 277,2579 331,2567 363,2577 403,2562 500,2579 533,2567 598,2574 601,2523 175,2516"/>
                <Baseline points="194,2564 219,2564 245,2564 271,2565 297,2564 323,2564 349,2564 375,2563 401,2562 427,2562 453,2562 479,2561 505,2560 531,2559 557,2559 583,2559"/>
                <TextEquiv>
                    <Unicode>die sich im Märchen¬</Unicode>
                </TextEquiv>
            </TextLine>
            <TextLine id="r1l67" custom="readingOrder {index:66;}">
                <Coords points="1827,2592 3050,2584 3086,2515 1827,2541"/>
                <Baseline points="1847,2581 1908,2581 1969,2581 2030,2580 2091,2580 2152,2579 2213,2578 2274,2577 2335,2577 2396,2576 2457,2575 2518,2574 2579,2573 2640,2573 2701,2572 2762,2572 2823,2572 2884,2572 2945,2572 3006,2573 3067,2573"/>
                <TextEquiv>
                    <Unicode>schrieb und veröffentlichte, leider auch in jeder abfälligen Kritik,</Unicode>
                </TextEquiv>
            </TextLine>
            <TextLine id="r1l68" custom="readingOrder {index:67;}">
                <Coords points="592,2609 1833,2590 1832,2543 1391,2526 591,2558"/>
                <Baseline points="611,2606 671,2605 731,2604 791,2603 852,2602 912,2601 972,2599 1032,2598 1093,2597 1153,2596 1213,2594 1273,2593 1334,2591 1394,2590 1454,2589 1514,2589 1575,2588 1635,2587 1695,2587 1755,2587 1816,2587"/>
                <TextEquiv>
                    <Unicode>seine Gattin, gegen den Willen ihrer Familie geheiratet hatte.</Unicode>
                </TextEquiv>
            </TextLine>
            <TextLine id="r1l69" custom="readingOrder {index:68;}">
                <Coords points="185,2622 607,2621 607,2578 574,2567 185,2572"/>
                <Baseline points="201,2610 226,2610 252,2610 278,2610 304,2610 330,2610 356,2609 382,2609 408,2609 434,2609 460,2609 486,2609 512,2609 538,2609 564,2609 590,2610"/>
                <TextEquiv>
                    <Unicode>Sohn ihr Bestes gibt,</Unicode>
                </TextEquiv>
            </TextLine>
            <TextLine id="r1l70" custom="readingOrder {index:69;}">
                <Coords points="1825,2640 3030,2630 3083,2576 1824,2589"/>
                <Baseline points="1841,2627 1902,2627 1963,2627 2024,2627 2085,2627 2146,2626 2207,2626 2269,2625 2330,2624 2391,2623 2452,2622 2513,2622 2574,2621 2635,2620 2697,2619 2758,2618 2819,2618 2880,2617 2941,2617 3002,2617 3064,2617"/>
                <TextEquiv>
                    <Unicode>die ihm zuteil wurde, was nicht zu ihrem Lebensglück beitrug.</Unicode>
                </TextEquiv>
            </TextLine>
            <TextLine id="r1l71" custom="readingOrder {index:70;}">
                <Coords points="591,2670 1835,2636 1834,2585 590,2612"/>
                <Baseline points="610,2652 670,2651 730,2650 791,2649 851,2649 912,2647 972,2646 1032,2645 1093,2643 1153,2642 1214,2641 1274,2640 1334,2638 1395,2637 1455,2636 1516,2635 1576,2634 1636,2633 1697,2632 1757,2632 1818,2632"/>
                <TextEquiv>
                    <Unicode>Die Liebe spielte damals bei Verheiratungen des Mittelstandes</Unicode>
                </TextEquiv>
            </TextLine>
            <TextLine id="r1l72" custom="readingOrder {index:71;}">
                <Coords points="183,2672 223,2661 262,2675 493,2660 616,2670 616,2627 565,2616 497,2627 370,2610 183,2615"/>
                <Baseline points="200,2656 226,2657 252,2658 279,2658 305,2659 332,2658 358,2658 384,2658 411,2658 437,2657 464,2657 490,2656 516,2656 543,2656 569,2656 596,2657"/>
                <TextEquiv>
                    <Unicode>n lang zu leiden hat,</Unicode>
                </TextEquiv>
            </TextLine>
            <TextLine id="r1l73" custom="readingOrder {index:72;}">
                <Coords points="179,2721 3082,2611 178,2667"/>
                <Baseline points="197,2709 340,2706 483,2703 627,2700 770,2697 914,2694 1057,2691 1201,2688 1344,2685 1488,2682 1631,2680 1774,2677 1918,2675 2061,2673 2205,2671 2348,2669 2492,2667 2635,2666 2779,2665 2922,2664 3066,2663"/>
                <TextEquiv>
                    <Unicode>gen muß, unendliche nicht die erste Rolle; lachend hat mir die Regierungsrätin Luise wie der Dichter von ihr keine Froh=, sondern eher eine</Unicode>
                </TextEquiv>
            </TextLine>
            <TextLine id="r1l74" custom="readingOrder {index:73;}">
                <Coords points="2385,2707 2450,2729 2536,2707 2562,2728 3027,2722 3085,2714 3084,2653 2695,2670 2640,2648 2615,2674 2384,2678"/>
                <Baseline points="2403,2715 2436,2714 2469,2713 2502,2713 2535,2712 2568,2712 2601,2712 2634,2712 2667,2712 2700,2712 2734,2712 2767,2712 2800,2712 2833,2712 2866,2712 2899,2712 2932,2712 2965,2711 2998,2710 3031,2709 3065,2708"/>
                <TextEquiv>
                    <Unicode>er für sie im Mittelpunkt</Unicode>
                </TextEquiv>
            </TextLine>
            <TextLine id="r1l75" custom="readingOrder {index:74;}">
                <Coords points="189,2760 2364,2737 2407,2675 189,2728"/>
                <Baseline points="206,2754 315,2752 424,2750 533,2748 642,2746 752,2743 861,2741 970,2740 1079,2738 1188,2736 1298,2734 1407,2732 1516,2730 1625,2728 1734,2726 1844,2724 1953,2723 2062,2721 2171,2719 2280,2718 2390,2716"/>
                <TextEquiv>
                    <Unicode>Sohnes zu erdulden Schnitzter oft erzählt, wie nacheinander fast sämtliche jungen Aerzte, Schwernatur, erbte. Daß</Unicode>
                </TextEquiv>
            </TextLine>
            <TextLine id="r1l76" custom="readingOrder {index:75;}">
                <Coords points="1819,2775 2880,2779 3085,2763 3085,2713 1819,2732"/>
                <Baseline points="1839,2771 1900,2770 1961,2769 2023,2768 2084,2767 2146,2766 2207,2765 2269,2764 2330,2763 2392,2763 2453,2762 2514,2761 2576,2761 2637,2760 2699,2760 2760,2760 2822,2760 2883,2759 2945,2760 3006,2760 3068,2760"/>
                <TextEquiv>
                    <Unicode>der Wiener Literatur stand, daß sie ihm selbst seine Schwärmerei</Unicode>
                </TextEquiv>
            </TextLine>
            <TextLine id="r1l77" custom="readingOrder {index:76;}">
                <Coords points="189,2811 1834,2786 1833,2736 1685,2731 188,2761"/>
                <Baseline points="206,2800 286,2799 367,2798 447,2797 528,2796 608,2794 689,2793 769,2792 850,2790 930,2789 1011,2787 1091,2785 1172,2784 1252,2783 1333,2781 1413,2780 1494,2778 1574,2777 1655,2776 1735,2775 1816,2774"/>
                <TextEquiv>
                    <Unicode> Menschen gemessen die irgendwie die Feder führen konnten, vom Vater der Tochter</Unicode>
                </TextEquiv>
            </TextLine>
            <TextLine id="r1l78" custom="readingOrder {index:77;}">
                <Coords points="1824,2829 3065,2820 3097,2758 1823,2779"/>
                <Baseline points="1843,2821 1904,2820 1966,2819 2028,2818 2090,2817 2152,2816 2214,2815 2275,2813 2337,2812 2399,2811 2461,2810 2523,2809 2585,2808 2647,2808 2708,2807 2770,2807 2832,2806 2894,2806 2956,2806 3018,2806 3080,2806"/>
                <TextEquiv>
                    <Unicode>für Hofmannsthal, den sie persönlich sehr liebte, nicht verzeihen</Unicode>
                </TextEquiv>
            </TextLine>
            <TextLine id="r1l79" custom="readingOrder {index:78;}">
                <Coords points="174,2865 1841,2828 1840,2774 173,2808"/>
                <Baseline points="194,2850 275,2848 356,2847 438,2845 519,2844 601,2842 682,2841 763,2839 845,2838 926,2836 1008,2835 1089,2834 1170,2832 1252,2831 1333,2829 1415,2827 1496,2826 1577,2825 1659,2823 1740,2822 1822,2820"/>
                <TextEquiv>
                    <Unicode>mürbt ist, um den vorgestellt wurden, und wie sie, der phantastische Romantik zur</Unicode>
                </TextEquiv>
            </TextLine>
            <TextLine id="r1l80" custom="readingOrder {index:79;}">
                <Coords points="175,2898 3085,2802 174,2855"/>
                <Baseline points="194,2895 337,2893 481,2891 624,2890 768,2887 912,2885 1055,2883 1199,2880 1342,2877 1486,2874 1630,2872 1773,2869 1917,2866 2060,2864 2204,2862 2348,2859 2491,2857 2635,2855 2778,2853 2922,2852 3066,2851"/>
                <TextEquiv>
                    <Unicode>kankhaften hysterischen Eheschließung unbedingt notwendig schien, sich mit aller konnte, wie sie mir meine Schönherr=Begeisterung übel nahm, ist</Unicode>
                </TextEquiv>
            </TextLine>
            <TextLine id="r1l81" custom="readingOrder {index:80;}">
                <Coords points="1829,2927 2911,2916 3034,2907 3087,2856 1828,2873"/>
                <Baseline points="1846,2915 1907,2914 1968,2913 2029,2911 2090,2910 2151,2909 2212,2908 2273,2907 2334,2906 2395,2905 2457,2905 2518,2904 2579,2903 2640,2902 2701,2902 2762,2901 2823,2901 2884,2900 2945,2899 3006,2899 3068,2898"/>
                <TextEquiv>
                    <Unicode>einer Mutter verzeihlich. Als sie endlich eine gleich ihr hoch¬</Unicode>
                </TextEquiv>
            </TextLine>
            <TextLine id="r1l82" custom="readingOrder {index:81;}">
                <Coords points="178,2959 1830,2927 1829,2873 1295,2860 177,2901"/>
                <Baseline points="194,2942 279,2941 364,2940 449,2940 534,2938 620,2937 705,2936 790,2934 875,2932 960,2930 1046,2928 1131,2927 1216,2925 1301,2923 1386,2922 1472,2921 1557,2919 1642,2918 1727,2918 1813,2917"/>
                <TextEquiv>
                    <Unicode>utter, bei ersterer in Gewalt so häßlich und unliebenswürdig wie möglich machte,</Unicode>
                </TextEquiv>
            </TextLine>
            <TextLine id="r1l83" custom="readingOrder {index:82;}">
                <Coords points="1821,2965 3091,2969 3090,2907 3039,2901 1820,2922"/>
                <Baseline points="1839,2961 1900,2961 1962,2960 2023,2959 2085,2958 2147,2957 2208,2956 2270,2954 2332,2953 2393,2952 2455,2950 2517,2949 2578,2948 2640,2947 2702,2946 2763,2946 2825,2945 2887,2946 2948,2946 3010,2948 3072,2949"/>
                <TextEquiv>
                    <Unicode>musikalische Dame als Schwiegertochter mit vollem Jubel begrüßt</Unicode>
                </TextEquiv>
            </TextLine>
            <TextLine id="r1l84" custom="readingOrder {index:83;}">
                <Coords points="604,2989 1835,2978 1812,2899 604,2942"/>
                <Baseline points="621,2980 680,2980 740,2980 800,2980 860,2979 920,2978 979,2977 1039,2977 1099,2975 1159,2974 1219,2973 1278,2972 1338,2971 1398,2970 1458,2969 1518,2968 1577,2967 1637,2966 1697,2966 1757,2965 1817,2965"/>
                <TextEquiv>
                    <Unicode>um keinem zu gefallen. Schönheit schien diesem weit über</Unicode>
                </TextEquiv>
            </TextLine>
            <TextLine id="r1l85" custom="readingOrder {index:84;}">
                <Coords points="182,3003 236,2992 333,3016 365,2994 409,3005 452,2993 596,2999 596,2938 383,2958 296,2926 268,2952 181,2953"/>
                <Baseline points="201,2988 226,2988 251,2988 276,2989 301,2989 327,2989 352,2989 377,2989 402,2989 427,2989 453,2988 478,2988 503,2987 528,2986 553,2984 579,2983"/>
                <TextEquiv>
                    <Unicode>rd endend, haben sich</Unicode>
                </TextEquiv>
            </TextLine>
            <TextLine id="r1l86" custom="readingOrder {index:85;}">
                <Coords points="1827,3016 3097,3010 3095,2949 2969,2941 1826,2969"/>
                <Baseline points="1844,3012 1905,3012 1967,3011 2029,3010 2091,3008 2153,3007 2214,3005 2276,3004 2338,3002 2400,3000 2462,2999 2523,2998 2585,2996 2647,2995 2709,2994 2771,2993 2832,2993 2894,2993 2956,2993 3018,2994 3080,2995"/>
                <TextEquiv>
                    <Unicode>hatte, konnte ich sie in meinem Glückwunschschreiben mit vollem</Unicode>
                </TextEquiv>
            </TextLine>
            <TextLine id="r1l87" custom="readingOrder {index:86;}">
                <Coords points="605,3037 1622,3012 1662,3040 1827,3023 1827,2969 604,2986"/>
                <Baseline points="622,3030 681,3029 740,3027 800,3026 859,3025 919,3024 978,3023 1037,3022 1097,3021 1156,3020 1216,3019 1275,3018 1334,3018 1394,3017 1453,3016 1513,3016 1572,3015 1631,3015 1691,3014 1750,3014 1810,3014"/>
                <TextEquiv>
                    <Unicode>ihre Jahre reifen, weit über ihre Zeit gebildeten</Unicode>
                </TextEquiv>
            </TextLine>
            <TextLine id="r1l88" custom="readingOrder {index:87;}">
                <Coords points="184,3053 249,3041 300,3051 317,3037 336,3051 437,3046 454,3031 617,3054 616,2985 436,2991 422,3006 183,2995"/>
                <Baseline points="201,3040 227,3039 253,3038 280,3037 306,3037 333,3036 359,3036 386,3036 412,3036 439,3035 465,3035 492,3035 518,3034 545,3034 571,3033 598,3032"/>
                <TextEquiv>
                    <Unicode>gesetzt, es ist aber</Unicode>
                </TextEquiv>
            </TextLine>
            <TextLine id="r1l89" custom="readingOrder {index:88;}">
                <Coords points="600,3090 3034,3056 3095,2994 599,3036"/>
                <Baseline points="617,3075 740,3074 863,3072 986,3071 1109,3069 1232,3067 1355,3066 1478,3064 1601,3062 1724,3060 1848,3058 1971,3056 2094,3054 2217,3052 2340,3050 2463,3048 2586,3046 2709,3044 2832,3042 2955,3040 3079,3039"/>
                <TextEquiv>
                    <Unicode>Mädchen als ein Haupterfordernis ihres künftigen Gatten, Recht mit Goethes Mutter vergleichen, die auch selbstlos genug</Unicode>
                </TextEquiv>
            </TextLine>
            <TextLine id="r1l90" custom="readingOrder {index:89;}">
                <Coords points="183,3098 572,3092 605,3084 605,3037 320,3035 183,3054"/>
                <Baseline points="201,3083 226,3082 252,3081 278,3081 303,3080 329,3080 355,3080 380,3080 406,3080 432,3080 457,3080 483,3080 509,3080 534,3080 560,3079 586,3078"/>
                <TextEquiv>
                    <Unicode>heißliebenden Dichtern</Unicode>
                </TextEquiv>
            </TextLine>
            <TextLine id="r1l91" custom="readingOrder {index:90;}">
                <Coords points="604,3129 2989,3104 3096,3026 603,3082"/>
                <Baseline points="621,3121 743,3121 866,3120 989,3118 1112,3117 1235,3115 1358,3114 1481,3112 1604,3110 1727,3108 1850,3106 1972,3103 2095,3101 2218,3099 2341,3096 2464,3094 2587,3092 2710,3089 2833,3087 2956,3085 3079,3083"/>
                <TextEquiv>
                    <Unicode>weswegen auch mein gewiß sedergewandter Vater, einer ihrer war, dem Sohne sein Eheglück zu gönnen. Die Wunde, seine</Unicode>
                </TextEquiv>
            </TextLine>
            <TextLine id="r1l92" custom="readingOrder {index:91;}">
                <Coords points="181,3140 337,3145 390,3126 438,3143 567,3134 600,3145 599,3080 181,3089"/>
                <Baseline points="199,3129 224,3130 250,3130 275,3131 301,3131 327,3130 352,3130 378,3130 403,3129 429,3129 455,3128 480,3127 506,3127 531,3126 557,3126 583,3125"/>
                <TextEquiv>
                    <Unicode>ne Zeile nachweisen</Unicode>
                </TextEquiv>
            </TextLine>
            <TextLine id="r1l93" custom="readingOrder {index:92;}">
                <Coords points="604,3176 3096,3125 603,3129"/>
                <Baseline points="621,3169 743,3167 866,3166 989,3164 1112,3163 1235,3161 1357,3159 1480,3157 1603,3155 1726,3153 1849,3151 1971,3149 2094,3147 2217,3145 2340,3142 2463,3140 2585,3138 2708,3136 2831,3134 2954,3132 3077,3130"/>
                <TextEquiv>
                    <Unicode>intimsten Kindheitskameraden, keine Gnade vor ihren Augen fand. beste und aufopferungsvollste Freundin in der Mutter verloren zu</Unicode>
                </TextEquiv>
            </TextLine>
            <TextLine id="r1l94" custom="readingOrder {index:93;}">
                <Coords points="183,3188 529,3178 558,3189 601,3181 601,3145 388,3121 356,3140 255,3148 182,3130"/>
                <Baseline points="199,3176 224,3176 250,3176 275,3176 301,3175 326,3175 352,3175 377,3175 403,3175 428,3175 454,3175 479,3175 505,3174 530,3174 556,3173 582,3172"/>
                <TextEquiv>
                    <Unicode>die Mutter anklänge.</Unicode>
                </TextEquiv>
            </TextLine>
            <TextLine id="r1l95" custom="readingOrder {index:94;}">
                <Coords points="603,3230 2984,3215 3105,3134 602,3176"/>
                <Baseline points="621,3217 744,3217 867,3216 990,3215 1114,3214 1237,3212 1360,3210 1483,3208 1607,3206 1730,3204 1853,3202 1976,3200 2100,3198 2223,3195 2346,3193 2469,3191 2593,3189 2716,3187 2839,3185 2962,3184 3086,3183"/>
                <TextEquiv>
                    <Unicode>Ich habe dann selten eine harmonischere Ehe gesehen als die, haben, hat lange im Dichter nachgeblutet, wenn seine Dichtungen</Unicode>
                </TextEquiv>
            </TextLine>
            <TextLine id="r1l96" custom="readingOrder {index:95;}">
                <Coords points="188,3238 610,3230 610,3183 188,3184"/>
                <Baseline points="207,3224 232,3224 258,3223 283,3223 309,3223 335,3222 360,3222 386,3222 411,3222 437,3222 463,3222 488,3222 514,3221 539,3220 565,3220 591,3219"/>
                <TextEquiv>
                    <Unicode>im Lebenswerk ihres</Unicode>
                </TextEquiv>
            </TextLine>
            <TextLine id="r1l97" custom="readingOrder {index:96;}">
                <Coords points="184,3302 2424,3272 2520,3202 182,3233"/>
                <Baseline points="203,3279 317,3277 432,3276 547,3275 662,3274 777,3272 892,3271 1007,3270 1122,3268 1237,3266 1352,3264 1466,3263 1581,3260 1696,3258 1811,3255 1926,3252 2041,3248 2156,3244 2271,3240 2386,3235 2501,3229"/>
                <TextEquiv>
                    <Unicode>, wenn auch Götzens welche sie mit ihrem, von ihr in Vielem grundverschiedenen auch kein Zeugnis dafür aufweisen.</Unicode>
                </TextEquiv>
            </TextLine>
            <TextEquiv>
                <Unicode>2.
3. 60th Birthday box 39/3
sen
Lentieman von heute trägt eine
. Miuionengarderobe, deren Herkunft nicht immer leicht zu eruieren
ist. Wird sie ab und zu von einem gewiegten Kriminalbeamten
beitern entspinnt sich
Eigentlich merkwürdig, dieses geradezu unbegrenzte, un= eruiert, so pflegt der Aermel des gut geschnittenen Sakkos be¬
wahrscheinliche Vertrauen, das die von Berufs wegen zugeknöpfteste denklich an die Wände des Landesgerichts, Jugendabteilung zu
Es ist unverschämt, aller Branchen, der Bankkassier, in die Einbruchsicherheit eines streifen. Das Panoptikum, das über eine aktuell assortierte Galerie
rend wir mit dem Laufburschen setzt. Ein kleines Erlebnis an einem Bankschalter „berühmter“ Verbrecher verfügte, ist aus der Mode gekommen.
  Sistenh selt, wan anch Hamans Mutes Ghanen schich aber der Genin mest swnlich geind,
daß die geliebte Musik seiner Gattin und seiner heranwachsenden
deutlich Porträts der Frau Rat sind. Es mag dies lief in der Dichter¬
Söhne ihm ein oft recht unangenehmes Geräusch sei das er
cele begründet sein, Geheimes und Geheimstes nicht auszusprechen, und
schonungsvoll über sich ergehen ließ. Als junger Theaterarzt,
so war auch meine Verwunderung vielleicht nicht am Platz, die
später als Arzt der Hoch= und Finanzaristokratie war der bild¬
itzlers Mutter. ich anläßlich enes Artikels zum fünfzigsten Geburtstag Schnitzlers
hübsche Professor Schnitzler ein Liebling der Frauenwelt, worunter
aussprach, daß er die herrliche Mutter, die ihm weit mehr und
echzigstem.
seine Frau mit Unrecht schwer gelitten hat. Schnitzler vergötterte
anstänger Mutter gewesen ist, als meist die Frau einem Sohn, in
die Frau über alles, sie war seine treue Beraterin in allen
keinem seiner Werke vorgeführt hat.
beruflichen Angelegenheiten. Mit Lachen gedenke ich noch des
m
Obwohl Schnitzler als Sohn eines Universitätsprofessors
sprachlosen Erstaunens einer anderen Professorenfrau, als er sie
und Chefredakteurs väterlicherseits schriftstellerisch belastet erscheinen
einmal in unserer Gegenwart bat, ihm schnell aus der Kasse
muß, stehe ich doch nicht an, das Künstlerische undGestaltende in
neise“ so läßt sich
eine größere Summe zu geben, da er sich in seiner Herzens¬
n, den einzigen Vers ihm auf die Mutter zurückzuführen. Leidenschaftliches, tiefes und
güte vor sich selbst schützte, indem die Frau die Verwalterin
die er als Kind ver- oft recht kompliziertes Empfinden, das sich täglich bis in die
seines Besitzes war.
letzten Lebenstage und trotz eines schmerzlichen Handleidens,
k, die dich empfangen
Ihr ältester Sohn war ihr alles, obwohl sie noch zwei
das mit ihrer Todeskrankheit zusammenhing, in stundenlangem
Kalent ihrer Söhne,
hochbegabte Kinder hatte, sie mit unendlicher Liebe an Eltern und
Klavierspiel künstlerisch entlud, war der Mutter zu eigen.
eil ist, wirklich als
Geschwistern hing, und zwar mit gleicher Liebe an denen, die
nis von dem Seelen= Als ältestes der acht Kinder eines Arztes, der das erste Wiener
materiell ein noch glücklicheres Los hatten als sie selbst, und
der Weltliteratur erst medizinische Blatt herausgab, war sie schon, obwohl für die
denen, welche manches harte Schicksal verfolgte. Frühzeitig Witwe
zers ein. Geradezu Klavierkunst bestimmt, halbwüchsig ein fertiger kleiner Redakteur,
geworden, lebte sie mit dem Sohn zusammen. Seitdem absorbierten
und für Dichtereltern der namentlich die Uebersetzungen aus fremden Sprachen für den
neben der Musik ästhetische Interessen sie ganz; hatte sie früher
m „Dichterleben“ als Vater besorgte. Die Zeitung galt als Mitgift der ältesten Tochter,
als Hausfrau den glänzendsten Soireen vorgestanden, so verstand
erbürgter Stratforder weil der Vater, ein Mann von seltener Charakterstärke und
sie jetzt, die Jung=Wiener Dichterwelt um sich in gemütlichem
seltenem Geist, von dem Schwiegervater, einem baronisierten
in ihrer stillen Sin¬
Zirkel zu vereinigen. Sie lebte in jedem Wort, das der Dichter
Finanzmagnaten, nichts annehmen wollte, da er dessen Tochter,
die sich im Märchen¬
schrieb und veröffentlichte, leider auch in jeder abfälligen Kritik,
seine Gattin, gegen den Willen ihrer Familie geheiratet hatte.
Sohn ihr Bestes gibt,
die ihm zuteil wurde, was nicht zu ihrem Lebensglück beitrug.
Die Liebe spielte damals bei Verheiratungen des Mittelstandes
n lang zu leiden hat,
gen muß, unendliche nicht die erste Rolle; lachend hat mir die Regierungsrätin Luise wie der Dichter von ihr keine Froh=, sondern eher eine
er für sie im Mittelpunkt
Sohnes zu erdulden Schnitzter oft erzählt, wie nacheinander fast sämtliche jungen Aerzte, Schwernatur, erbte. Daß
der Wiener Literatur stand, daß sie ihm selbst seine Schwärmerei
 Menschen gemessen die irgendwie die Feder führen konnten, vom Vater der Tochter
für Hofmannsthal, den sie persönlich sehr liebte, nicht verzeihen
mürbt ist, um den vorgestellt wurden, und wie sie, der phantastische Romantik zur
kankhaften hysterischen Eheschließung unbedingt notwendig schien, sich mit aller konnte, wie sie mir meine Schönherr=Begeisterung übel nahm, ist
einer Mutter verzeihlich. Als sie endlich eine gleich ihr hoch¬
utter, bei ersterer in Gewalt so häßlich und unliebenswürdig wie möglich machte,
musikalische Dame als Schwiegertochter mit vollem Jubel begrüßt
um keinem zu gefallen. Schönheit schien diesem weit über
rd endend, haben sich
hatte, konnte ich sie in meinem Glückwunschschreiben mit vollem
ihre Jahre reifen, weit über ihre Zeit gebildeten
gesetzt, es ist aber
Mädchen als ein Haupterfordernis ihres künftigen Gatten, Recht mit Goethes Mutter vergleichen, die auch selbstlos genug
heißliebenden Dichtern
weswegen auch mein gewiß sedergewandter Vater, einer ihrer war, dem Sohne sein Eheglück zu gönnen. Die Wunde, seine
ne Zeile nachweisen
intimsten Kindheitskameraden, keine Gnade vor ihren Augen fand. beste und aufopferungsvollste Freundin in der Mutter verloren zu
die Mutter anklänge.
Ich habe dann selten eine harmonischere Ehe gesehen als die, haben, hat lange im Dichter nachgeblutet, wenn seine Dichtungen
im Lebenswerk ihres
, wenn auch Götzens welche sie mit ihrem, von ihr in Vielem grundverschiedenen auch kein Zeugnis dafür aufweisen.</Unicode>
            </TextEquiv>
        </TextRegion>
    </Page>
</PcGts>
