3392 4480
214 290 1521 386 6oth Birthday box 39/3
1003 1243 1129 1324 ½
262 1338 958 1488 General-Anzager
541 1463 871 1550 Manneenn
628 1651 1082 1766 TeAAiE
444 1828 1000 1908 Arthur Schnitzler.
1026 1852 1338 1959 K
461 1902 985 1966 Zu seinem 60. Geburtstag.
189 1958 1340 2013 Am 15. Mai, an seinem 60. Geburtstag, und schon seit geraumer
130 1985 1342 2043 Zeit stehen wir Arthur Schnitzler anders gegenüber als vor rund
140 2030 1333 2095 zwanzig Jahn.Wenn sich unser anfänglich bereitwilliges lächelndes
124 2079 893 2136 Interesse ehr ist es kaum gewesen
916 2082 1327 2136 seither in ein sehr
121 2118 1328 2164 kritisches= Abwagen der dichterischen Fähigkeiten Schnitzlers ver¬
128 2149 1340 2194 wandelt hat, so ist diese schärfere Einstellung auf das Schaffen eines
126 2190 1342 2250 nicht gewöhnlichen Talents aber nicht etwa durch die künstlerische
122 2239 1340 2283 Reife dieser Begabung, sondern — im Gegenteil — durch eine deut¬
126 2266 1336 2332 lichere Unterscheidung der schöpferischen Potenzen bedingt. Dich¬
122 2316 1338 2360 kterische Kraft haben Schnitzlers Jugendwerke zwar nie verheißen;
132 2355 1331 2397 aber eine Summe feiner Kultur steckt in den Menschen, die er in
128 2394 1338 2449 kleinen kleinen Dramen und zarten Novellen einführt. Aus dieser
131 2434 1332 2485 Kultur hätten Gesellschaftsdrama und Gesellschaftsroman seelische
130 2474 1332 2518 Bereicherung empfangen können, und trotz frühzeitiger Abirrung be¬
142 2511 1333 2560 stand immer noch die Hoffnung, die Reife des Lebens werde den
140 2547 1335 2614 Stimmungskünstler zu einem zwar immer noch zart, doch sicher zu¬
138 2587 634 2635 packenden Dichter erziehen.
201 2629 1344 2677 Wenn wir in Arthur Schnitzler je den typischen Vertreter der
138 2659 1347 2704 modernen Wiener Dichtung und im weiteren des modernen öster¬
135 2705 1332 2757 reichischen Dramas erblickten, so haben wir ihm eine Stellung in
131 2740 1333 2782 der Literatur eingeräumt, die er selbst vielleicht nie einnehmen wollte.
131 2782 1342 2830 Das moderne Drama, bei dem Arm in Arm mit den Franzosen auch
133 2822 1340 2862 Schnitzler, Hofmannsthal und Bahr Pate gestanden, hat eine ganz
136 2854 1338 2909 andere Entwicklung genommen, als wir, um bei Schnitzler zu
124 2884 1342 2957 kbleiben, nach der Atmosphäre hätten schließen mögen, in der die
125 2933 1330 2983 Menschen des „Anatol“=Zyklus oder der „Liebelei“ dahinsiechen.
131 2977 1336 3015 Schnitzler ist den Weg zur Begründung brennender psychologischer
136 3015 1336 3067 PProbleme selbst nicht gegangen, wiewohl er in manchem Einakter
133 3058 1331 3104 ach Ibsenscher Art ein Thema aufwies, auf das sich jüngere Talente
140 3091 1332 3134 nit ekstatischem Gestaltungsdrang stürzten. Schnitzler hat den be¬
135 3119 1338 3190 huemeren Weg gewählt, die näher liegende, entschieden menschlichere
130 3178 1335 3228 Konsequenz aus der Anhäufung überreizter Empfindungsmomente
135 3216 1337 3263 ezogen. Von einigen Anläufen zu historischen Darstellungen ab¬
141 3239 1337 3305 esehen — im Drama führt dieser Versuch im „Jungen Medardus“
143 3282 1345 3341 um weitesten — und trotz einiger rein dichterischer Proben — vor
143 3323 1333 3378 allem in dem Renaissanceschauspiel „Der Schleier der Beatrice“ ge¬
141 3369 1335 3415 boten — hat Schnitzler mehr oder weniger unterhaltsam, doch nie¬
145 3405 1337 3451 mals richtig dramatisch, das Thema vom auch nur mehr oder weniger
139 3445 1342 3487 sthetischen Lebemann und dem „süßen Mädel“ varliert und die
137 3484 1334 3525 Krankheitsstoffe dieses teils malancholischen, teils leichtfertigen
153 3525 1334 3590 Nilieus aufa=sogen. Der berüchtiat= Zyklus novellistischer Dialoge
141 3563 867 3624 Reigen“ ist das krafseste Beisviel hiefür
193 3605 1341 3655 Schnitzlers letzte Werke sind eine Art Lebensbeichte. Sie sind
143 3635 1335 3698 in resignierendes Rückwärtsschauen auf den unbedenklichen leichten
147 3678 1334 3726 Sinn der Jugend. Zweimal wählt er Casanova zum Helden; in
155 3722 1337 3764 inem fast frivolen Drama den jungen, in einer allen Freuden des
133 3763 1330 3814 Lebens gewidmeten Novelle den alternden Abenteurer. Vergessen
144 3799 1335 3857 tehen Auseinandersetzungen mit sozialen und Rassenfragen (Der ein¬
143 3838 1337 3885 ame Wea, Der„ Wea ins Treie) nehen Standessatiren. Hier konnte
139 3883 1339 3912 nur Kraft denStoff durchdringen; hier hat sich auch der naive Be¬
139 3904 1371 3973 rteiler mit geistreicher Konversation nicht abspeilen lassen, und er
153 3954 336 3999 erzrdrreto
1566 1279 2605 1385 Leinteral.- Aaraiser. würzee
1558 1421 1793 1500 E
2302 1462 2480 1596 1140
2117 1536 2397 1635 S
1543 1505 1789 1678 92
1956 1589 2448 1690 1 1
1999 1659 2136 1718 S
1968 1675 2370 1758 4
1948 1715 2008 1769 20
1542 1714 1699 1803 ES
2387 1769 2487 1840 10
1972 1786 2121 1855 pr Geste
2282 1803 2367 1859 #
1541 1671 1861 1878 3363
1862 1825 1957 1895 820
1950 1857 2036 1917 Bü
2408 1856 2484 1937 12
2280 1894 2392 1943 Muse
1545 1886 2066 1969 422 nanhl unn K
1772 1933 2445 2019 Kunst und Wissenschaft.
1792 2001 2396 2069 Arthur Schnitzler — 60 Jahre!
1541 1992 1628 2071 87
1658 2036 2620 2103 Am 15, Mai wird der bekannte Wiener Schriftsteller?
1598 2099 2600 2137 Arthur Schnitzler sechzig Jahre alt. Er hat im letzten Jahren
1584 2123 2608 2176 durch die oft und mit Recht scharf genug verurteilte Auf¬
1587 2163 2614 2213 führung sseines „Reigen“ viel Staub aufgewirbelt. Schnitz¬
1600 2193 2609 2243 ler, der einer alten aus Ungarn zugewanderten Wiener Ge¬
1541 2212 2602 2288 10 lehrtensamilie entstammt, ist Dr. med- und Frauenarzt. Wers
1601 2262 2606 2310 seine Romane und Schauspiele daraufhin einmal ansieht,
1598 2298 2600 2351 wird finden, daß er seiner Praxis manches abgelauscht hat.)
1601 2328 2595 2374 Er ist der Schöpfer eines besonderen Typus des Gesellschafts¬
1599 2362 2606 2415 stückes, das wir vielleicht am besten kennzeichnen, wenn wir
1596 2402 2594 2442 das Gegensätzliche festsiellen. Es sind fast dieselben Pro¬
1599 2431 2604 2473 bleme, wie sie Ibsen und nach ihm in noch grausamerer
1601 2466 2598 2511 Form Strindberg behandelt hat; aber es ist ein Hauch
1597 2498 2589 2546 Wiener Gemütlichkeit, Wiener Leichtlebigkeit — wohlver¬
2263 2528 2590 2583 darüber gebreitet.
1594 2539 2235 2581 standen: aus dem Wien vor 1914. —
1589 2576 2603 2623 So schafft er Stimmung mit einer unablösbaren Wiener
1592 2607 2605 2666 Lokalfarbe und einer weichen, leichtfertig=sentimentalen;
1598 2627 2593 2682 Grazie. Man kann sagen: Schnitzler hat das uraltneue
1596 2667 2605 2712 Problem der Geschlechterliebe, die mancherlei Konflikte, die:
1589 2700 2602 2747 sich aus der Ehe ergeben, in psychologisch feiner Weise dem
1588 2737 2606 2782 Salonstück seichteren Gewässers entrückt und so etwas wie!
1590 2769 2597 2815 literarische Salonromane, literarische Salonstücke geschalsen.
1595 2815 2590 2852 Die Lebenskämpfer kommen denn bei Schnitzler schlecht weg.
1589 2848 2597 2901 Immer wieder stehen sie als betrogene Betrüger da, und mit
1599 2870 2593 2921 zunehmender Reife wächst des Dichters müdlächelnde Sym¬
1597 2900 2604 2959 pathie dem Gütigen, die, betrogen, ohne es zu erkennen,
1602 2945 2269 3007 im Grunde doch die Glücklicheren sind.
1693 3015 2595 3062 Julius Maria Beckers „Freier“ im Urteil der Presse.
1596 3055 2605 3112 Ueber die am Stadttheater in Düsseldorf stattgefundene Ur¬
1595 3099 2600 3136 aufführung des „Freiers“ des fränkischen Dichters I. M.
1597 3122 2613 3180 Becker entnehmen wir aus den Pressestimmen folgendes:
1610 3153 2600 3208 „Deutsche Allgemeine Zeitung", Berlin: Das Werk zeigt
1597 3186 2600 3238 eigenen dichterischen Wuchs, es hat eine dramatische Almo¬
2417 3210 2600 3274 „Vossische
1597 3230 2359 3277 sphäre, der man sich nicht entziehen kann.
1601 3258 2607 3305 Zeitung", Berlin: Die Sprache besitzt eine bedeutende dich¬
1604 3275 2606 3340 terische Kraft und blühende Fülle. — „Berliner Börsen¬
1601 3316 2609 3373 zeitung": Der „Freier“ offenbart eine dichterische Begabung
1603 3361 2599 3413 von starker ursprünglicher Kraft, eine schöpferische Glut, die
1801 3394 2595 3450 „General=Anzeiger“, Mannheim: Mit der Ur¬
1605 3402 1757 3449 zündet.
1758 3405 1806 3446 —
1600 3428 2596 3478 aufführung hatte das Schauspielhaus Düsseldorf einen
1601 3460 2601 3506 großen Tag. In einer wundervollen Sprache redet ein
1599 3507 2602 3541 Dichter zu uns, der mit großem dramatischem Talent begabt
1714 3524 2605 3574 „Berliner Börsenkurier": Mit einer für seine Jugend
1611 3566 2603 3618 erstaunlichen Konzentration im Aufbau und Dialog erörtert
1601 3602 2105 3652 der Verfasser das Problem.
1696 3614 2612 3692 Das Koburger Theaterdefizit. In der jüngsten Sitzung
1604 3663 2593 3709 des Stadtrates von Koburg erklärte der Referent bei Ge¬
1600 3701 2593 3762 legenheit einer neuerlichen Erhöhung der Bezüge der Theater¬
1601 3742 2594 3780 angestellten, daß voraussichtlich für das Spieljahr 1922/23
1605 3763 2607 3822 das Defizit des Landestheaters 4½ Millionen Mark betragen
1612 3807 2608 3852 werde. 40 Prozent von dieser Summe hat vertragsmäßig!
1605 3838 2597 3888 der bayerische Staat zu tragen, doch erklärte der Referent,
1606 3875 2597 3915 daß die Stadt Koburg nicht mehr in der Lage sein werde,
1604 3907 2596 3952 das Theater zu erhalten, wenn nicht der bayerische Staat
1609 3931 2607 3994 seinen Zuschuß erhöhe. Es wurde eine fünfgliederige Kom¬
1615 3973 2600 4022 mission gewählt, die bei der Regierung in München vor¬
1603 4013 1952 4055 stellig werden soll.
