3344 4352
119 308 1576 403 3. 60th Birthday box 39/3
2865 1088 3315 1173 —. Millionengarderobe,
2919 1159 3319 1234 ist. Wird sie ab u
530 1155 1960 1284 Friseurladen Wittek. Zwischen zwei Arbeitern entspinnt sich 9#.
1812 1200 3323 1279 Eigentlich merkwürdig, dieses geradezu unbegrenzte, un= eruiert, so pflegt
1693 1248 3317 1327 wahrscheinliche Vertrauen, das die von Berufs wegen zugeknöpfteste denklich an die Wä
541 1267 966 1353 folgendes Gespräch:
664 1341 3324 1383 Der ersie Arbeiter: Es ist unverschämt, aller Branchen, der Bankkassier, in die Einbruchsicherheit eines streifen. Das Pano##
534 1379 3329 1432 was diese Schieber sich erfrechen. Während wir mit dem Laufburschen setzt. Ein kleines Erlebnis an einem Bankschalter „berühmter“ Verbre
453 1425 530 1524 6200
1705 1398 3314 1525 die uie ie Sinschen deit, wan unch ermans Muter Ganen sieh, der
2937 1489 3327 1554 daß die geliebte 9
1702 1493 2934 1583 deutlich Porträts der Frau Rat sind. Es mag dies lief in der Dichter¬
2943 1533 3329 1597 Söhne ihm ein off
1710 1542 2945 1615 cele begründet sein, Geheimes und Geheimstes nicht auszusprechen, und
393 1497 1348 1655 „. 10/ Feuilleton.
2942 1573 3333 1644 schonungsvoll über
1700 1590 2949 1669 so war auch meine Verwunderung vielleicht nicht am Platz, die
222 1581 438 1698 100
2940 1627 3299 1692 später als Arzt
1714 1633 2952 1719 ich anläßlich enes Artikels zum fünfzigsten Geburtstag Schnitzlers
452 1622 1723 1742 Erinnerunges an Artur Schnitzlers Mutter.
2941 1666 3339 1743 hübsche Professor
1715 1685 2939 1758 aussprach, daß er die herrliche Mutter, die ihm weit mehr und
2938 1727 3328 1785 seine Frau mit Un
593 1703 1633 1813 Zu Artur Schnitzlers sechzigstem.
896 1738 2947 1835 Geburtstag.#, ##### länger Mutter gewesen ist, als meist die Frau einem Sohn, in
2932 1770 3326 1834 die Frau über alles
1712 1782 2409 1868 keinem seiner Werke vorgeführt hat.
2938 1819 3335 1876 beruflichen Angelege
1311 1815 2941 1918 Maneeaudeg: Obwohl Schnitzler als Sohn eines Universitätsprofessors
1033 1828 1161 1906 Von
2950 1861 3333 1926 sprachlosen Erstaune
1701 1877 2951 1959 und Chefredakteurs väterlicherseits schriftstellerisch belastet erscheinen
841 1869 1365 1965 Klothilde Benedikt.“
2950 1908 3329 1977 einmal in unserer
1725 1917 2942 1994 muß, stehe ich doch nicht an, das Künstlerische undGestaltende in
587 1925 1723 2028 „Benedetta la madre, che in te sincise“, so läßt sich
2952 1951 3331 2031 eine größere Summ
1727 1964 2951 2045 ihm auf die Mutter zurückzuführen. Leidenschaftliches, tieses und
472 1974 1728 2065 Dante im Paradies von den Engeln begrüßen, den einzigen Vers
2945 2001 3324 2071 güte vor sich se
1717 2013 2941 2087 oft recht kompliziertes Empfinden, das sich täglich bis in die
465 2046 1713 2113 seines Gesamtwerkes, in dem er die Mutter, die er als Kind ver¬
2944 2045 3340 2120 seines Besitzes war.
1714 2058 2949 2135 letzten Lebenstage und trotz eines schmerzlichen Handleidens,
471 2084 1726 2161 loren hat, erwähnt. „Gesegnet sei die Mutter, die dich empfangen
3045 2101 3326 2162 Ihr ältester
1723 2095 2965 2182 das mit ihrer Todeskrankheit zusammenhing, in stundenlangem
472 2136 1714 2209 hat!“ Sind aber Dichtermütter durch das Talent ihrer Söhne,
2942 2134 3336 2206 hochbegabte Kinder
1718 2140 2943 2230 Klavierspiel künstlerisch entlud, war der Mutter zu eigen.
473 2187 1725 2264 das doch meist ihr, nicht väterliches Erbteil ist, wirklich als
2942 2201 3325 2256 Geschwistern hing,
1726 2205 2944 2278 Als ältestes der acht Kinder eines Arztes, der das erste Wiener
484 2231 1723 2302 gesegnet zu betrachten? Unsere genauere Kenntnis von dem Seelen¬
2945 2240 3331 2308 materiell ein noch
1725 2247 2957 2321 medizinische Blatt herausgab, war sie schon, obwohl für die
475 2273 1728 2352 #ieben von Dichtermüttern setzt eigentlich in der Weltliteratur erst
2951 2288 3335 2356 denen, welche manch
1726 2283 2954 2372 Klavierkunst bestimmt, halbwüchsig ein fertiger kleiner Redakteur,
477 2322 1725 2389 mit den Müttern Goethes, Byrons, Grillparzers ein. Geradezu
2951 2336 3323 2401 geworden, lebte sie
477 2323 2949 2451 typisch dürfte aber für eine Dichtermutter und für Dichtereltern der namentlich die Uebersetzungen aus fremden Sprachen für den
2949 2383 3329 2447 neben der Musik äf
480 2388 2960 2490 das Paar sein, das Ludwig Tieck in seinem Dichterleben“ als Vater besorgte. Die Zeitung galt als Mitgift der ältesten Tochter,
2943 2425 3330 2500 als Hausfrau den
1730 2454 2958 2512 weil der Vater, ein Mann von seltener Charakterstärke und
478 2465 1731 2532 Shakespearesche Eltern unter Benutzung unverbürgter Stratforder
2949 2472 3340 2546 sie jetzt, die Jung¬
1729 2480 2957 2578 seltenem Geist, von dem Schwiegervater, einem baronisierten
476 2508 1732 2589 Traditionen geschildert hat. Die Mutter, die in ihrer stillen Sin¬
2946 2513 3339 2588 Zirkel zu vereinigen
1730 2542 2947 2610 Finanzmagnaten, nichts annehmen wollte, da er dessen Tochter,
479 2556 1731 2629 nigkeit, ihrer Gemütstiefe, ihrer Phantasie, die sich im Märchen¬
2949 2571 3339 2639 schrieb und veröffen
1718 2582 2946 2660 seine Gattin, gegen den Willen ihrer Familie geheiratet hatte.
480 2606 1737 2678 erzählen an ihre Kinder kundgibt, dem großen Sohn ihr Bestes gibt,
2940 2616 3333 2687 die ihm zuteil wurh
1727 2632 2954 2705 Die Liebe spielte damals bei Verheiratungen des Mittelstandes
486 2658 1729 2724 selbst unter dem nüchternen Gatten ein Leben lang zu leiden hat,
2948 2665 3306 2737 wie der Dichter
1733 2677 2953 2748 nicht die erste Rolle; lachend hat mir die Regierungsrätin Luise
468 2708 1732 2781 das Talent ängstlich vor dem Vater verbergen muß, unendliche
2944 2707 3341 2781 Schwernatur erbt
1725 2720 2967 2791 Schnitzter oft erzählt, wie nacheinander fast sämtliche jungen Aerzte,
485 2739 1731 2826 seelische Leiden eben durch die Begabung des Sohnes zu erdulden
2950 2754 3344 2825 der Wiener Literatu
1733 2752 2950 2848 die irgendwie die Feder führen konnten, vom Vater der Tochter
485 2794 1730 2875 hat, der nicht nach dem Maße gewöhnlicher Menschen gemessen
2941 2809 3338 2873 für Hofmannsthal,
1727 2812 2962 2890 vorgestellt wurden, und wie sie, der phantastische Romantik zur
484 2839 1740 2915 werden kann, endlich durch das Leben zu zermürbt ist, um den
2947 2851 3347 2921 konnte, wie sie mir
1732 2853 2967 2938 Eheschließung unbedingt notwendig schien, sich mit aller
484 2883 1733 2971 Triumph des Sohnes zu genießen. Die krankhaften hysterischen
2943 2900 3358 2979 einer Mutter verzei
1721 2910 2956 2984 Gewalt so häßlich und unliebenswürdig wie möglich machte,
483 2926 1732 3021 Neigungen von Byrons und Grillparzers Mutter, bei ersterer in
2950 2949 3336 3007 musikalische Dame
1732 2958 2963 3031 um keinem zu gefallen. Schönheit schien diesem weit über
475 2976 1728 3056 einem Nervenschlag, bei letzterer in Selbstmord endend, haben sich
2954 2999 3315 3065 hatte, konnte ich
1736 3005 2957 3083 ihre Jahre reifen, weit über ihre Zeit gebildeten
476 3015 1739 3113 deutlich in die Schöpferkraft der Söhne umgesetzt, es ist aber
2948 3026 3338 3109 Recht mit Goethes
1719 3055 2954 3125 Mädchen als ein Haupterfordernis ihres künftigen Gatten,
481 3079 1734 3146 merkwürdig, daß bei beiden ihre Mutter so heißliebenden Dichteen
2950 3086 3340 3147 war, dem Sohne
1730 3098 2951 3178 weswegen auch mein gewiß sedergewandter Vater, einer ihrer
482 3123 1739 3200 sich wie bei Shakespeare und Molière keme Zeile nachweisen
1719 3130 3360 3216 intimsten Kindheitskameraden, keine Gnade vor ihren Augen fand. beste und aufopferu#
479 3171 1738 3236 läßt, die an die Mutter gerichtet wäre, an die Mutter anklänge.
1732 3182 3349 3270 Ich habe dann selten eine harmonischere Ehe gesehen als die, haben, hat lange in
479 3221 1735 3288 Selbst die herrliche Frau Rat Goethe nimmt im Lebenswerk ihres
481 3232 3345 3341 Sohnes einen verschwindend kleinen Raum ein, wenn auch Götzens welche sie mit ihrem, von ihr in Vielem grundverschiedenen auch kein Zeugnis
