3436 4256
1844 117 2266 236 —
1176 236 1619 329 box 39//3
296 257 1037 378 6oth Birthdar
2123 958 2207 1014 181
785 1085 2240 1178 Vor jeder wissenschaftlichen Rüchternheit oder Umständlichkeit
720 1151 2236 1246 bewahrt ihn sein stets wacher künstlerischer Instinkt. Nicht in das
727 1205 2238 1319 schneidende Licht eines Seziersaals stellt er seine Seelen, sondern
718 1278 2239 1355 in ein weiches Helldunkel, aus dem das Wesentliche (nur daß hier
723 1333 2253 1423 oft das Kleine wesentlich ist) in feinster Modulierung herausleuchtet.
736 1381 2246 1490 Unter den psychologischen Dichtern kommen ihm wenige an Eleganz,
729 1437 2246 1543 an Anmut, Reiz uns Stimmungsreichtum gleich. Blick und Hand
731 1508 2260 1616 haben eine meisterliche Sicherheit erlangt in der Arbeit an einem
734 1552 2265 1661 Viertelhundert Dramen und ebensovielen Novellen, unter denen nicht
738 1619 2262 1715 wenige so vollkommen geworden, daß sie die Zeit überdauern werden,
738 1701 1561 1798 deren Kinder und Zeugen sie sind.
817 1738 2269 1850 Und was bedeuten sechzig Jahre! Man kann, wie Hauptmann
736 1807 2262 1905 und Schnitzler, mit Fünfzig gesammelte Werke herausgeben, oder
756 1865 2277 1971 wie C. §. Meyer und Fontane noch vor der eigentlichen Lebens¬
748 1914 2275 2024 leistung stehen. Man kann mit Sechzig die gesammelten Werke
759 1972 2296 2096 ergänzen und ihnen mit Siebzig die Krone aufsetzen. Und das ist
764 2057 1827 2139 es, was wir den beiden Sechzigern wünschen.
1196 2328 1852 2456 Schöne Bücher
940 2453 2136 2568 Ein Wegweiser durch unsere Bibliothek
998 2566 2089 2692 (die beigefügten Uummern beziehen sich auf den Katalog)
786 2675 2310 2792 No. 8296. Max Rychner, G. G. Gervinus. Ein Kapitel über Li¬
873 2772 1854 2850 teraturgeschichte (Bern, verlag Seldwyla, 1922)
864 2810 2313 2927 Die Tatsache verdient Beachtung: während die literarische Jugend gemeinhin
794 2873 2321 2976 darauf erpicht ist, die Alten zeitig totzuschlagen, leistet ein junger Forscher, ritterlichen
791 2918 2318 3019 und kritischen Geistes zugleich, den Nachweis, daß ein längst Totgesagter selbst unsrer
801 2992 2325 3073 Zeit noch lebendig ist. Wer war Gervinus! „Ein reicher, vielseitiger, aber unhar¬
792 3031 2316 3108 monischer Geist, voll sittlichen Ernstes und doch lieblos, launenhaft, rechthaberisch“.
798 3064 2326 3168 doziert der liebloseste und scharfsichtigste Zeitgenosse, Treitschke; „ein stockdürrer,
799 3102 2324 3209 lederner Skribent“, zürnt Grillparzer; der Verfasser der „ersten und bedeutenösten
806 3166 2339 3267 Geschichte unsrer Literatur“, anerkennt Erich Schmidt; das „Arbild eines bedeutenden
804 3204 2340 3316 Mannes, doch nicht mehr ein unbezweifeltes Vorbild“, bezeugt der jüngste Richter,
808 3264 2344 3382 dessen Urteil weder die verletzte persönliche Empfindlichkeit noch die anders gerichtete
