<?xml version="1.0" encoding="UTF-8" standalone="yes"?>
<PcGts xmlns="http://schema.primaresearch.org/PAGE/gts/pagecontent/2013-07-15" xmlns:xsi="http://www.w3.org/2001/XMLSchema-instance" xsi:schemaLocation="http://schema.primaresearch.org/PAGE/gts/pagecontent/2013-07-15 http://schema.primaresearch.org/PAGE/gts/pagecontent/2013-07-15/pagecontent.xsd">
    <Metadata>
        <Creator>prov=University of Rostock/Institute of Mathematics/CITlab/Gundram Leifert/gundram.leifert@uni-rostock.de:name=ONB_Newseye_GT_M1+(htr_id=10810)::::v=2.4.2
prov=University of Rostock/Institute of Mathematics/CITlab/Tobias Gruening/tobias.gruening@uni-rostock.de:name=de.uros.citlab.module.baseline2polygon.B2PSeamMultiOriented:v=2.4.2
prov=University of Rostock/Institute of Mathematics/CITlab/Tobias Gruening/tobias.gruening@uni-rostock.de:name=/mnt/transkribus/LA/DEA/URO/LA_news_onb_att.pb:de.uros.citlab.segmentation.CITlab_LA_ML:v=2.4.2
Transkribus</Creator>
        <Created>2019-10-07T20:31:42.570+02:00</Created>
        <LastChange>2019-10-09T07:47:49.416+02:00</LastChange>
        <TranskribusMetadata docId="224438" pageId="9575858" pageNr="125" tsid="16628326" status="IN_PROGRESS" userId="40391" imgUrl="https://files.transkribus.eu/Get?id=WJCVKAEBOMKUKRRDWLMWBOSY&amp;fileType=view" xmlUrl="https://files.transkribus.eu/Get?id=ZIMMBZJMVKYDWJVWXPLXBIOV" imageId="6207206"/>
    </Metadata>
    <Page imageFilename="224438_0125.jpeg" imageWidth="3296" imageHeight="4352">
        <ReadingOrder>
            <OrderedGroup id="ro_1711442686602" caption="Regions reading order">
                <RegionRefIndexed index="0" regionRef="r1"/>
            </OrderedGroup>
        </ReadingOrder>
        <TextRegion orientation="0.0" id="r1" custom="readingOrder {index:0;}">
            <Coords points="244,314 244,3807 3294,3807 3294,314"/>
            <TextLine id="r1l1" custom="readingOrder {index:0;}">
                <Coords points="1088,354 1250,363 1282,340 1353,365 1460,367 1541,337 1541,287 1472,291 1444,275 1365,292 1320,279 1289,311 1245,290 1158,301 1124,278 1087,297"/>
                <Baseline points="1101,343 1126,342 1151,342 1176,342 1201,341 1226,342 1252,342 1277,342 1302,343 1327,343 1352,343 1377,343 1403,342 1428,342 1453,341 1478,339 1503,337 1529,334"/>
                <TextEquiv>
                    <Unicode>box 39/3</Unicode>
                </TextEquiv>
            </TextLine>
            <TextLine id="r1l2" custom="readingOrder {index:1;}">
                <Coords points="231,376 538,392 947,372 946,307 896,300 511,306 467,330 432,307 231,319"/>
                <Baseline points="244,369 278,369 312,369 347,369 381,369 416,369 450,369 485,368 519,368 554,367 588,367 622,366 657,365 691,365 726,364 760,363 795,362 829,361 864,361 898,359 933,358"/>
                <TextEquiv>
                    <Unicode>0thBirthdar</Unicode>
                </TextEquiv>
            </TextLine>
            <TextLine id="r1l3" custom="readingOrder {index:2;}">
                <Coords points="517,1250 960,1256 960,1136 910,1133 876,1159 797,1157 745,1180 703,1159 645,1188 559,1156 517,1159"/>
                <Baseline points="529,1234 555,1233 581,1233 607,1233 633,1233 659,1233 685,1233 711,1233 738,1233 764,1233 790,1233 816,1233 842,1233 868,1233 894,1234 920,1234 947,1234"/>
                <TextEquiv>
                    <Unicode>Urssüner Fachrichten.</Unicode>
                </TextEquiv>
            </TextLine>
            <TextLine id="r1l4" custom="readingOrder {index:3;}">
                <Coords points="752,1491 797,1509 878,1502 896,1517 1085,1518 1108,1500 1140,1518 1216,1492 1216,1416 1156,1432 1098,1408 933,1423 899,1407 844,1433 810,1412 752,1423"/>
                <Baseline points="766,1492 791,1492 817,1493 842,1493 868,1493 894,1494 919,1494 945,1494 971,1494 996,1494 1022,1494 1048,1494 1073,1494 1099,1494 1125,1494 1150,1494 1176,1494 1202,1493"/>
                <TextEquiv>
                    <Unicode>16 MATI</Unicode>
                </TextEquiv>
            </TextLine>
            <TextLine id="r1l5" custom="readingOrder {index:4;}">
                <Coords points="2526,1578 2576,1590 2596,1579 2639,1588 2646,1580 2667,1585 2678,1574 2696,1574 2693,1458 2670,1451 2657,1465 2607,1460 2597,1469 2583,1458 2537,1494 2524,1494"/>
                <Baseline points="2539,1567 2567,1565 2596,1564 2624,1563 2653,1563 2682,1564"/>
                <TextEquiv>
                    <Unicode>SSR</Unicode>
                </TextEquiv>
            </TextLine>
            <TextLine id="r1l6" custom="readingOrder {index:5;}">
                <Coords points="2943,1602 2967,1599 2972,1604 2990,1598 3009,1608 3024,1599 3038,1599 3036,1534 2999,1529 2988,1535 2980,1530 2965,1530 2954,1536 2941,1536"/>
                <Baseline points="2955,1589 2990,1587 3025,1587"/>
                <TextEquiv>
                    <Unicode>W.</Unicode>
                </TextEquiv>
            </TextLine>
            <TextLine id="r1l7" custom="readingOrder {index:6;}">
                <Coords points="1413,1618 2471,1618 2492,1539 1412,1562"/>
                <Baseline points="1425,1608 1477,1607 1530,1606 1582,1605 1635,1604 1688,1604 1740,1604 1793,1604 1846,1604 1898,1604 1951,1604 2004,1604 2056,1604 2109,1604 2162,1603 2214,1603 2267,1602 2320,1601 2372,1600 2425,1598 2478,1596"/>
                <TextEquiv>
                    <Unicode>jeigenes Studierzimmer, der Schauplatz seiner wirk¬</Unicode>
                </TextEquiv>
            </TextLine>
            <TextLine id="r1l8" custom="readingOrder {index:7;}">
                <Coords points="570,1635 643,1656 868,1636 1107,1662 1232,1628 1233,1565 921,1539 874,1565 680,1562 625,1533 570,1552"/>
                <Baseline points="583,1630 614,1631 646,1632 678,1633 710,1634 742,1635 774,1636 805,1637 837,1638 869,1639 901,1639 933,1639 965,1639 997,1639 1028,1639 1060,1638 1092,1636 1124,1634 1156,1632 1188,1629 1220,1627"/>
                <TextEquiv>
                    <Unicode>Artur Schnitzler</Unicode>
                </TextEquiv>
            </TextLine>
            <TextLine id="r1l9" custom="readingOrder {index:8;}">
                <Coords points="2524,1652 3266,1650 3300,1644 3299,1584 3236,1603 3050,1583 3016,1607 2913,1583 2620,1587 2523,1615"/>
                <Baseline points="2536,1647 2573,1647 2611,1646 2648,1646 2686,1646 2723,1645 2761,1644 2798,1644 2836,1643 2873,1642 2911,1641 2948,1640 2986,1639 3023,1639 3061,1638 3098,1638 3136,1637 3173,1637 3211,1637 3248,1637 3286,1638"/>
                <TextEquiv>
                    <Unicode>Eine Quelle seiner dichterischen Kraft: da</Unicode>
                </TextEquiv>
            </TextLine>
            <TextLine id="r1l10" custom="readingOrder {index:9;}">
                <Coords points="1426,1650 2453,1648 2481,1603 1425,1608"/>
                <Baseline points="1438,1644 1489,1645 1541,1645 1592,1645 1644,1645 1695,1645 1747,1645 1798,1644 1850,1644 1901,1643 1953,1642 2005,1642 2056,1641 2108,1640 2159,1639 2211,1639 2262,1638 2314,1638 2365,1637 2417,1637 2469,1637"/>
                <TextEquiv>
                    <Unicode>lichen, seiner eigentlichen Existenz. Dort las er alle</Unicode>
                </TextEquiv>
            </TextLine>
            <TextLine id="r1l11" custom="readingOrder {index:10;}">
                <Coords points="2471,1696 3293,1689 3292,1642 2469,1641"/>
                <Baseline points="2483,1693 2522,1692 2562,1691 2602,1690 2642,1688 2682,1687 2722,1686 2762,1685 2802,1684 2842,1683 2882,1682 2921,1682 2961,1681 3001,1680 3041,1679 3081,1678 3121,1677 3161,1676 3201,1675 3241,1674 3281,1673"/>
                <TextEquiv>
                    <Unicode>Die Kraft seiner reifen und meisterlichen</Unicode>
                </TextEquiv>
            </TextLine>
            <TextLine id="r1l12" custom="readingOrder {index:11;}">
                <Coords points="349,1719 2471,1683 2323,1633 348,1658"/>
                <Baseline points="363,1701 467,1702 572,1702 677,1702 782,1701 886,1700 991,1698 1096,1697 1201,1695 1305,1693 1410,1690 1515,1688 1620,1686 1724,1684 1829,1682 1934,1680 2039,1679 2143,1677 2248,1677 2353,1676 2458,1676"/>
                <TextEquiv>
                    <Unicode>(Zum sechzigsten Geburtstag am 15. Maisdie Bücher, die ihn weit weg von der Medizin führten,</Unicode>
                </TextEquiv>
            </TextLine>
            <TextLine id="r1l13" custom="readingOrder {index:12;}">
                <Coords points="1410,1747 1604,1718 2463,1719 2463,1680 1409,1684"/>
                <Baseline points="1423,1724 1474,1724 1525,1724 1576,1723 1628,1723 1679,1722 1730,1722 1782,1721 1833,1721 1884,1720 1936,1719 1987,1718 2038,1717 2089,1717 2141,1716 2192,1715 2243,1714 2295,1713 2346,1712 2397,1712 2449,1711"/>
                <TextEquiv>
                    <Unicode>dort war er mit Freunden beisammen, von denen keiner</Unicode>
                </TextEquiv>
            </TextLine>
            <TextLine id="r1l14" custom="readingOrder {index:13;}">
                <Coords points="2481,1731 3293,1718 3292,1687 3211,1679 2480,1691"/>
                <Baseline points="2494,1729 2533,1729 2572,1729 2612,1729 2651,1728 2690,1728 2730,1727 2769,1726 2808,1725 2848,1723 2887,1722 2926,1721 2966,1719 3005,1719 3044,1717 3084,1715 3123,1714 3162,1713 3202,1711 3241,1711 3281,1709"/>
                <TextEquiv>
                    <Unicode>Aufspüren, Verstehen und Enthüllen der</Unicode>
                </TextEquiv>
            </TextLine>
            <TextLine id="r1l15" custom="readingOrder {index:14;}">
                <Coords points="1422,1760 2483,1776 2483,1723 1421,1723"/>
                <Baseline points="1435,1759 1486,1760 1538,1762 1590,1762 1641,1762 1693,1762 1745,1762 1796,1761 1848,1760 1900,1759 1952,1758 2003,1757 2055,1756 2107,1755 2158,1754 2210,1754 2262,1753 2313,1753 2365,1754 2417,1755 2469,1756"/>
                <TextEquiv>
                    <Unicode>etwas mit Medizin zu tun hatte. Dort war ein Patient,</Unicode>
                </TextEquiv>
            </TextLine>
            <TextLine id="r1l16" custom="readingOrder {index:15;}">
                <Coords points="689,1765 793,1768 820,1783 1058,1767 1134,1783 1134,1707 689,1713"/>
                <Baseline points="702,1759 728,1759 754,1760 780,1760 806,1760 832,1760 859,1760 885,1760 911,1760 937,1760 963,1760 990,1760 1016,1759 1042,1759 1068,1759 1094,1759 1121,1760"/>
                <TextEquiv>
                    <Unicode>Von Felix Salten</Unicode>
                </TextEquiv>
            </TextLine>
            <TextLine id="r1l17" custom="readingOrder {index:16;}">
                <Coords points="2470,1768 3308,1755 3268,1714 2951,1740 2469,1732"/>
                <Baseline points="2483,1766 2523,1767 2564,1768 2604,1768 2645,1768 2685,1767 2726,1767 2766,1766 2807,1765 2847,1763 2888,1762 2929,1761 2969,1760 3010,1758 3050,1756 3091,1755 3131,1754 3172,1753 3212,1751 3253,1750 3294,1750"/>
                <TextEquiv>
                    <Unicode>hänge. Ein berauschtes, lyrisch gewordene</Unicode>
                </TextEquiv>
            </TextLine>
            <TextLine id="r1l18" custom="readingOrder {index:17;}">
                <Coords points="478,1801 518,1800 543,1815 679,1820 686,1656 642,1659 632,1648 613,1652 598,1641 568,1661 508,1648 484,1657"/>
                <Baseline points="491,1788 516,1787 541,1788 566,1789 592,1790 617,1792 642,1793 668,1794"/>
                <TextEquiv>
                    <Unicode>niesle</Unicode>
                </TextEquiv>
            </TextLine>
            <TextLine id="r1l19" custom="readingOrder {index:18;}">
                <Coords points="1418,1800 3307,1802 3307,1755 1418,1755"/>
                <Baseline points="1432,1802 1525,1799 1618,1797 1711,1796 1804,1795 1897,1795 1990,1795 2083,1796 2176,1797 2269,1798 2362,1799 2455,1799 2548,1800 2641,1801 2734,1801 2827,1801 2920,1800 3013,1798 3106,1796 3199,1793 3293,1788"/>
                <TextEquiv>
                    <Unicode>wenn jemals einer anklopfte, ein wenig willkommener,] über das Wunder der Liebe; über die Süß</Unicode>
                </TextEquiv>
            </TextLine>
            <TextLine id="r1l20" custom="readingOrder {index:19;}">
                <Coords points="359,1824 375,1824 390,1813 419,1834 443,1813 456,1813 456,1734 435,1734 424,1724 411,1729 372,1763 359,1763"/>
                <Baseline points="373,1807 408,1807 443,1807"/>
                <TextEquiv>
                    <Unicode>1</Unicode>
                </TextEquiv>
            </TextLine>
            <TextLine id="r1l21" custom="readingOrder {index:20;}">
                <Coords points="1425,1844 2483,1826 2438,1789 1425,1802"/>
                <Baseline points="1437,1836 1488,1835 1540,1835 1591,1835 1643,1834 1695,1834 1746,1834 1798,1834 1850,1834 1901,1834 1953,1834 2005,1833 2056,1833 2108,1832 2160,1832 2211,1831 2263,1830 2315,1828 2366,1827 2418,1824 2470,1822"/>
                <TextEquiv>
                    <Unicode>störender Besuch. Und dort schrieb er seine ersten Dich¬</Unicode>
                </TextEquiv>
            </TextLine>
            <TextLine id="r1l22" custom="readingOrder {index:21;}">
                <Coords points="2464,1841 3305,1837 3304,1803 3223,1792 2463,1807"/>
                <Baseline points="2478,1844 2518,1845 2559,1845 2600,1845 2640,1845 2681,1844 2722,1844 2762,1843 2803,1841 2844,1841 2885,1839 2925,1838 2966,1837 3007,1835 3047,1834 3088,1833 3129,1832 3169,1831 3210,1831 3251,1830 3292,1830"/>
                <TextEquiv>
                    <Unicode>mut, Hingabe und beherrschende Gewalt d</Unicode>
                </TextEquiv>
            </TextLine>
            <TextLine id="r1l23" custom="readingOrder {index:22;}">
                <Coords points="439,1863 1421,1866 1421,1817 1338,1804 546,1824 439,1798"/>
                <Baseline points="453,1854 500,1856 548,1857 596,1859 644,1859 691,1860 739,1860 787,1861 835,1861 882,1861 930,1861 978,1861 1026,1860 1073,1860 1121,1860 1169,1859 1217,1859 1264,1858 1312,1858 1360,1858 1408,1857"/>
                <TextEquiv>
                    <Unicode>Wenn die Nachmittagsschatten über den Wipfeln</Unicode>
                </TextEquiv>
            </TextLine>
            <TextLine id="r1l24" custom="readingOrder {index:23;}">
                <Coords points="1423,1881 2402,1873 2465,1867 2465,1828 1422,1839"/>
                <Baseline points="1435,1873 1485,1873 1536,1873 1587,1873 1638,1873 1689,1873 1740,1872 1790,1872 1841,1872 1892,1871 1943,1871 1994,1870 2045,1869 2096,1869 2146,1868 2197,1867 2248,1866 2299,1865 2350,1864 2401,1863 2452,1862"/>
                <TextEquiv>
                    <Unicode>tungen, den „Anatol“ und „Liebelei“. Damals hat ihn</Unicode>
                </TextEquiv>
            </TextLine>
            <TextLine id="r1l25" custom="readingOrder {index:24;}">
                <Coords points="2476,1890 3280,1885 3300,1835 2475,1853"/>
                <Baseline points="2489,1881 2531,1882 2573,1882 2615,1883 2657,1883 2699,1882 2741,1881 2783,1880 2825,1879 2867,1878 2909,1876 2951,1875 2993,1874 3035,1873 3077,1872 3119,1871 3161,1871 3203,1871 3245,1871 3288,1872"/>
                <TextEquiv>
                    <Unicode>über alle unfaßbaren Möglichkeiten des Gl</Unicode>
                </TextEquiv>
            </TextLine>
            <TextLine id="r1l26" custom="readingOrder {index:25;}">
                <Coords points="364,1908 1422,1903 1422,1869 1260,1849 1027,1877 364,1863"/>
                <Baseline points="378,1900 429,1901 481,1902 532,1903 584,1903 636,1903 687,1903 739,1903 790,1902 842,1902 894,1901 945,1901 997,1900 1048,1899 1100,1898 1152,1898 1203,1897 1255,1897 1306,1897 1358,1897 1410,1897"/>
                <TextEquiv>
                    <Unicode>liegen, fängt dieser alte Garten zu atmen an. Bei¬</Unicode>
                </TextEquiv>
            </TextLine>
            <TextLine id="r1l27" custom="readingOrder {index:26;}">
                <Coords points="1423,1924 2461,1908 2436,1864 1423,1877"/>
                <Baseline points="1435,1912 1485,1912 1536,1912 1586,1912 1637,1912 1688,1912 1738,1911 1789,1911 1840,1910 1890,1909 1941,1909 1992,1908 2042,1907 2093,1906 2144,1905 2194,1904 2245,1904 2296,1903 2346,1902 2397,1902 2448,1901"/>
                <TextEquiv>
                    <Unicode>die Wiener Gesellschaft, hat ihn die Wiener Presse als</Unicode>
                </TextEquiv>
            </TextLine>
            <TextLine id="r1l28" custom="readingOrder {index:27;}">
                <Coords points="2476,1933 3202,1926 3306,1913 3306,1882 2475,1897"/>
                <Baseline points="2489,1923 2529,1923 2569,1923 2609,1923 2650,1922 2690,1921 2730,1920 2770,1919 2811,1918 2851,1917 2891,1916 2931,1915 2972,1914 3012,1913 3052,1912 3092,1911 3133,1910 3173,1910 3213,1909 3253,1909 3294,1910"/>
                <TextEquiv>
                    <Unicode>gleich ein schmerzdurchwühltes Staunen, da</Unicode>
                </TextEquiv>
            </TextLine>
            <TextLine id="r1l29" custom="readingOrder {index:28;}">
                <Coords points="369,1945 1283,1950 1422,1941 1422,1902 369,1906"/>
                <Baseline points="383,1939 434,1939 485,1939 537,1939 588,1939 639,1939 691,1939 742,1940 793,1940 845,1940 896,1939 947,1939 999,1939 1050,1939 1101,1938 1153,1938 1204,1937 1255,1937 1307,1936 1358,1935 1410,1934"/>
                <TextEquiv>
                    <Unicode>nahe hörbar ist es, wie er atmet, wie vom Rasen der</Unicode>
                </TextEquiv>
            </TextLine>
            <TextLine id="r1l30" custom="readingOrder {index:29;}">
                <Coords points="1424,1953 2336,1956 2472,1946 2472,1904 1424,1919"/>
                <Baseline points="1438,1950 1489,1950 1540,1950 1591,1950 1642,1950 1693,1949 1744,1949 1795,1948 1846,1947 1897,1947 1948,1946 1999,1945 2050,1944 2101,1943 2152,1942 2203,1941 2254,1940 2305,1940 2356,1939 2407,1938 2459,1937"/>
                <TextEquiv>
                    <Unicode>einen jungen Arzt angesehen, der sich seine offenbar</Unicode>
                </TextEquiv>
            </TextLine>
            <TextLine id="r1l31" custom="readingOrder {index:30;}">
                <Coords points="2475,1969 3235,1966 3305,1955 3305,1913 2474,1932"/>
                <Baseline points="2487,1964 2527,1962 2567,1961 2607,1959 2648,1958 2688,1957 2728,1956 2769,1956 2809,1955 2849,1954 2890,1954 2930,1953 2970,1953 3010,1953 3051,1952 3091,1951 3131,1951 3172,1950 3212,1950 3252,1949 3293,1948"/>
                <TextEquiv>
                    <Unicode>zwei Menschen, die so nahe beisammen gewe</Unicode>
                </TextEquiv>
            </TextLine>
            <TextLine id="r1l32" custom="readingOrder {index:31;}">
                <Coords points="365,1987 1429,1982 1429,1940 365,1946"/>
                <Baseline points="377,1979 431,1979 486,1978 541,1978 595,1978 650,1978 705,1978 759,1978 814,1978 869,1978 923,1978 978,1978 1033,1978 1087,1978 1142,1977 1197,1977 1251,1976 1306,1976 1361,1975 1416,1974"/>
                <TextEquiv>
                    <Unicode>bittersüße, kraftvolle Geruch der vielen kleinen, wilden</Unicode>
                </TextEquiv>
            </TextLine>
            <TextLine id="r1l33" custom="readingOrder {index:32;}">
                <Coords points="1437,1993 2472,1990 2472,1940 1437,1954"/>
                <Baseline points="1450,1988 1500,1987 1550,1986 1601,1986 1651,1985 1702,1985 1752,1984 1803,1984 1853,1983 1904,1983 1954,1983 2004,1982 2055,1982 2105,1981 2156,1981 2206,1980 2257,1979 2307,1978 2358,1977 2408,1976 2459,1974"/>
                <TextEquiv>
                    <Unicode>glänzende Karriere dadurch verbarb, daß er die Lanne</Unicode>
                </TextEquiv>
            </TextLine>
            <TextLine id="r1l34" custom="readingOrder {index:33;}">
                <Coords points="2483,2009 3298,1999 3274,1952 2483,1961"/>
                <Baseline points="2495,1998 2534,1998 2573,1999 2613,1999 2652,1998 2692,1998 2731,1997 2771,1996 2810,1995 2850,1995 2889,1994 2928,1992 2968,1992 3007,1991 3047,1990 3086,1990 3126,1989 3165,1989 3205,1989 3244,1990 3284,1991"/>
                <TextEquiv>
                    <Unicode>los weit voneinander abgleiten können; da</Unicode>
                </TextEquiv>
            </TextLine>
            <TextLine id="r1l35" custom="readingOrder {index:34;}">
                <Coords points="364,2031 1418,2015 1417,1976 364,1987"/>
                <Baseline points="377,2018 428,2018 479,2017 531,2017 582,2017 633,2017 685,2018 736,2018 787,2018 839,2018 890,2018 941,2018 993,2018 1044,2018 1095,2017 1147,2017 1198,2015 1249,2014 1301,2013 1352,2011 1404,2008"/>
                <TextEquiv>
                    <Unicode>Blumen, der Gräser und der lehendigen Erde empor¬</Unicode>
                </TextEquiv>
            </TextLine>
            <TextLine id="r1l36" custom="readingOrder {index:35;}">
                <Coords points="1428,2032 2466,2017 2465,1983 2421,1981 1428,1993"/>
                <Baseline points="1442,2026 1492,2026 1543,2025 1593,2025 1644,2024 1694,2024 1745,2023 1795,2023 1846,2022 1896,2022 1947,2021 1998,2021 2048,2020 2099,2020 2149,2019 2200,2018 2250,2018 2301,2017 2351,2016 2402,2014 2453,2013"/>
                <TextEquiv>
                    <Unicode>hatte, auf dem Gebiete der Dichtkunst zu dilettieren.</Unicode>
                </TextEquiv>
            </TextLine>
            <TextLine id="r1l37" custom="readingOrder {index:36;}">
                <Coords points="2480,2045 3226,2039 3289,2033 3289,1999 2479,2005"/>
                <Baseline points="2493,2037 2532,2037 2571,2037 2610,2037 2649,2037 2688,2036 2727,2036 2767,2035 2806,2034 2845,2034 2884,2033 2923,2032 2962,2032 3001,2031 3041,2030 3080,2030 3119,2029 3158,2029 3197,2028 3236,2028 3276,2027"/>
                <TextEquiv>
                    <Unicode>werden vermag, was jemals eins war. Ein</Unicode>
                </TextEquiv>
            </TextLine>
            <TextLine id="r1l38" custom="readingOrder {index:37;}">
                <Coords points="371,2065 1422,2062 1424,2014 371,2028"/>
                <Baseline points="385,2057 436,2056 487,2055 538,2055 590,2054 641,2054 692,2054 743,2054 795,2055 846,2055 897,2055 948,2055 1000,2055 1051,2055 1102,2055 1153,2054 1205,2053 1256,2052 1307,2050 1358,2047 1410,2045"/>
                <TextEquiv>
                    <Unicode>steigt, wie der Dust von den Zweigen und aus den Ge¬</Unicode>
                </TextEquiv>
            </TextLine>
            <TextLine id="r1l39" custom="readingOrder {index:38;}">
                <Coords points="1434,2074 2406,2063 2461,2059 2461,2017 1434,2029"/>
                <Baseline points="1447,2063 1497,2063 1547,2063 1597,2063 1647,2063 1697,2063 1747,2062 1797,2062 1847,2061 1897,2061 1947,2060 1997,2059 2047,2059 2097,2058 2147,2057 2197,2056 2247,2055 2297,2055 2347,2054 2397,2053 2448,2052"/>
                <TextEquiv>
                    <Unicode>Nur seine Freunde erkannten ihn gleich damals als</Unicode>
                </TextEquiv>
            </TextLine>
            <TextLine id="r1l40" custom="readingOrder {index:39;}">
                <Coords points="2479,2085 3244,2076 3307,2054 3306,2033 3217,2029 2479,2046"/>
                <Baseline points="2493,2075 2533,2075 2573,2076 2613,2076 2653,2076 2693,2075 2733,2075 2773,2075 2813,2074 2853,2073 2893,2072 2933,2072 2973,2071 3013,2070 3053,2069 3093,2069 3133,2068 3173,2068 3213,2068 3253,2068 3293,2068"/>
                <TextEquiv>
                    <Unicode>tes Staunen darüber, daß die Fülle des</Unicode>
                </TextEquiv>
            </TextLine>
            <TextLine id="r1l41" custom="readingOrder {index:40;}">
                <Coords points="367,2103 1421,2097 1405,2050 367,2058"/>
                <Baseline points="381,2093 432,2092 483,2092 535,2092 586,2092 637,2092 689,2092 740,2092 791,2093 843,2093 894,2093 945,2093 997,2093 1048,2093 1099,2093 1151,2092 1202,2092 1253,2091 1305,2089 1356,2088 1408,2086"/>
                <TextEquiv>
                    <Unicode>büschen weht. Ganz oben in den höchsten Aesten schla¬</Unicode>
                </TextEquiv>
            </TextLine>
            <TextLine id="r1l42" custom="readingOrder {index:41;}">
                <Coords points="1425,2110 2468,2100 2468,2060 1425,2076"/>
                <Baseline points="1437,2103 1490,2103 1544,2103 1597,2102 1651,2102 1705,2101 1758,2101 1812,2100 1866,2099 1919,2099 1973,2098 2026,2097 2080,2096 2134,2095 2187,2094 2241,2094 2295,2093 2348,2093 2402,2093 2456,2092"/>
                <TextEquiv>
                    <Unicode>einen Dichter, der bloß durch den Zwang, Medizin zu</Unicode>
                </TextEquiv>
            </TextLine>
            <TextLine id="r1l43" custom="readingOrder {index:42;}">
                <Coords points="2473,2121 3306,2113 3305,2055 2472,2081"/>
                <Baseline points="2486,2118 2526,2117 2566,2116 2607,2115 2647,2115 2687,2114 2728,2114 2768,2113 2808,2113 2849,2113 2889,2112 2929,2112 2970,2111 3010,2111 3050,2110 3091,2109 3131,2109 3171,2107 3212,2106 3252,2104 3293,2102"/>
                <TextEquiv>
                    <Unicode>ewiger Leere endigt, daß dieses strahlende#</Unicode>
                </TextEquiv>
            </TextLine>
            <TextLine id="r1l44" custom="readingOrder {index:43;}">
                <Coords points="369,2129 1396,2135 1428,2093 369,2103"/>
                <Baseline points="383,2136 434,2133 486,2131 537,2130 589,2129 641,2128 692,2128 744,2128 795,2128 847,2128 899,2129 950,2129 1002,2130 1053,2130 1105,2130 1157,2130 1208,2130 1260,2130 1311,2129 1363,2127 1415,2126"/>
                <TextEquiv>
                    <Unicode>gen und pfeisen die Amseln. Manchmal saust in wun¬</Unicode>
                </TextEquiv>
            </TextLine>
            <TextLine id="r1l45" custom="readingOrder {index:44;}">
                <Coords points="1425,2147 2476,2138 2475,2094 2412,2089 1425,2108"/>
                <Baseline points="1439,2143 1490,2142 1541,2141 1592,2141 1643,2140 1694,2139 1745,2138 1797,2138 1848,2137 1899,2136 1950,2136 2001,2135 2052,2134 2103,2133 2155,2132 2206,2132 2257,2131 2308,2129 2359,2128 2410,2127 2462,2126"/>
                <TextEquiv>
                    <Unicode>treiben, in seiner Kunst gehindert und beengt werde.</Unicode>
                </TextEquiv>
            </TextLine>
            <TextLine id="r1l46" custom="readingOrder {index:45;}">
                <Coords points="2469,2159 3291,2155 3306,2110 2468,2123"/>
                <Baseline points="2481,2156 2521,2156 2562,2156 2602,2155 2643,2155 2684,2154 2724,2154 2765,2153 2806,2153 2846,2152 2887,2152 2928,2151 2968,2151 3009,2150 3050,2149 3090,2148 3131,2148 3172,2147 3212,2146 3253,2145 3294,2144"/>
                <TextEquiv>
                    <Unicode>kurze Einleitung ewiger Finsternis voran</Unicode>
                </TextEquiv>
            </TextLine>
            <TextLine id="r1l47" custom="readingOrder {index:46;}">
                <Coords points="355,2163 1413,2174 1413,2130 355,2139"/>
                <Baseline points="367,2172 418,2170 470,2169 522,2168 573,2167 625,2166 677,2166 728,2166 780,2166 832,2167 884,2167 935,2167 987,2168 1039,2168 1090,2168 1142,2167 1194,2167 1245,2166 1297,2165 1349,2163 1401,2161"/>
                <TextEquiv>
                    <Unicode>derbaren Schwunglinien der Flug einer Schwalbe durch</Unicode>
                </TextEquiv>
            </TextLine>
            <TextLine id="r1l48" custom="readingOrder {index:47;}">
                <Coords points="1434,2191 2471,2176 2471,2136 1433,2146"/>
                <Baseline points="1446,2180 1496,2179 1547,2179 1597,2178 1648,2177 1699,2177 1749,2176 1800,2176 1850,2175 1901,2175 1952,2174 2002,2173 2053,2173 2103,2172 2154,2171 2205,2170 2255,2169 2306,2168 2356,2167 2407,2165 2458,2164"/>
                <TextEquiv>
                    <Unicode>Aus diesen Anfängen jedoch empfing sein Wesen die</Unicode>
                </TextEquiv>
            </TextLine>
            <TextLine id="r1l49" custom="readingOrder {index:48;}">
                <Coords points="2467,2212 3308,2190 3307,2153 3276,2148 2466,2157"/>
                <Baseline points="2479,2193 2519,2193 2560,2194 2601,2194 2642,2194 2682,2193 2723,2193 2764,2192 2805,2192 2845,2191 2886,2190 2927,2189 2968,2188 3008,2187 3049,2187 3090,2186 3131,2186 3171,2185 3212,2185 3253,2185 3294,2186"/>
                <TextEquiv>
                    <Unicode>dieser tiefwehende, jauchzende Atem der Leb</Unicode>
                </TextEquiv>
            </TextLine>
            <TextLine id="r1l50" custom="readingOrder {index:49;}">
                <Coords points="365,2222 1424,2206 1423,2169 365,2164"/>
                <Baseline points="378,2210 429,2209 481,2208 532,2207 584,2207 636,2206 687,2206 739,2206 791,2206 842,2206 894,2206 946,2205 997,2205 1049,2205 1101,2205 1152,2204 1204,2204 1256,2203 1307,2201 1359,2200 1411,2198"/>
                <TextEquiv>
                    <Unicode>den Raum; in überraschenden, beinahe beglückenden</Unicode>
                </TextEquiv>
            </TextLine>
            <TextLine id="r1l51" custom="readingOrder {index:50;}">
                <Coords points="1425,2222 2468,2211 2467,2175 2425,2165 1424,2183"/>
                <Baseline points="1438,2216 1488,2216 1539,2215 1590,2215 1641,2215 1692,2214 1743,2214 1793,2213 1844,2213 1895,2212 1946,2211 1997,2211 2048,2210 2099,2209 2149,2209 2200,2208 2251,2207 2302,2206 2353,2205 2404,2204 2455,2203"/>
                <TextEquiv>
                    <Unicode>entscheidenden Farben. Die Menschen, die er darstellt,</Unicode>
                </TextEquiv>
            </TextLine>
            <TextLine id="r1l52" custom="readingOrder {index:51;}">
                <Coords points="2478,2240 3300,2231 3300,2187 2477,2203"/>
                <Baseline points="2490,2234 2529,2234 2569,2234 2609,2234 2649,2234 2689,2233 2728,2233 2768,2232 2808,2232 2848,2231 2888,2230 2927,2229 2967,2228 3007,2227 3047,2227 3087,2226 3126,2225 3166,2224 3206,2223 3246,2223 3286,2222"/>
                <TextEquiv>
                    <Unicode>uns zu jeder Minute ausgeblasen und erst</Unicode>
                </TextEquiv>
            </TextLine>
            <TextLine id="r1l53" custom="readingOrder {index:52;}">
                <Coords points="379,2249 1417,2250 1392,2203 379,2213"/>
                <Baseline points="391,2250 441,2249 492,2249 542,2248 593,2248 644,2247 694,2246 745,2246 796,2245 846,2245 897,2244 948,2244 998,2243 1049,2243 1100,2242 1150,2242 1201,2241 1252,2241 1302,2241 1353,2240 1404,2240"/>
                <TextEquiv>
                    <Unicode>Linien, die sich wie ein lautloser Jubel in die Luft</Unicode>
                </TextEquiv>
            </TextLine>
            <TextLine id="r1l54" custom="readingOrder {index:53;}">
                <Coords points="1435,2256 1902,2258 1936,2232 2363,2260 2470,2248 2470,2212 1435,2222"/>
                <Baseline points="1448,2255 1498,2254 1548,2253 1599,2252 1649,2252 1700,2251 1750,2250 1800,2250 1851,2249 1901,2248 1952,2248 2002,2247 2052,2247 2103,2246 2153,2246 2204,2245 2254,2244 2304,2244 2355,2243 2405,2242 2456,2241"/>
                <TextEquiv>
                    <Unicode>sind bürgerliche Menschen voll Kultur, voll geistiger</Unicode>
                </TextEquiv>
            </TextLine>
            <TextLine id="r1l55" custom="readingOrder {index:54;}">
                <Coords points="2473,2283 3303,2270 3302,2231 3221,2221 2472,2241"/>
                <Baseline points="2486,2275 2526,2274 2566,2273 2606,2271 2646,2271 2687,2270 2727,2269 2767,2268 2807,2268 2847,2267 2888,2267 2928,2267 2968,2266 3008,2266 3048,2265 3089,2265 3129,2264 3169,2263 3209,2263 3249,2261 3290,2260"/>
                <TextEquiv>
                    <Unicode>kann. Dieses doppelte Staunen, aus dem de</Unicode>
                </TextEquiv>
            </TextLine>
            <TextLine id="r1l56" custom="readingOrder {index:55;}">
                <Coords points="364,2289 1365,2288 1427,2282 1427,2245 363,2241"/>
                <Baseline points="377,2291 428,2290 480,2288 532,2287 584,2286 636,2285 688,2285 739,2284 791,2284 843,2283 895,2283 947,2283 999,2282 1051,2282 1102,2281 1154,2281 1206,2281 1258,2280 1310,2279 1362,2277 1414,2276"/>
                <TextEquiv>
                    <Unicode>schreiben. Irgendwo in der Ferne spielt ein Leier¬</Unicode>
                </TextEquiv>
            </TextLine>
            <TextLine id="r1l57" custom="readingOrder {index:56;}">
                <Coords points="1426,2299 2471,2290 2470,2245 2421,2243 1425,2259"/>
                <Baseline points="1439,2297 1492,2295 1546,2293 1599,2292 1653,2291 1707,2289 1760,2288 1814,2287 1868,2287 1921,2286 1975,2285 2028,2285 2082,2284 2136,2284 2189,2283 2243,2282 2297,2281 2350,2280 2404,2279 2458,2278"/>
                <TextEquiv>
                    <Unicode>Feinheit, seelisch differenziert und problematisch. Ge¬</Unicode>
                </TextEquiv>
            </TextLine>
            <TextLine id="r1l58" custom="readingOrder {index:57;}">
                <Coords points="2466,2321 3307,2313 3307,2271 2466,2282"/>
                <Baseline points="2480,2312 2520,2312 2561,2312 2602,2312 2642,2311 2683,2311 2724,2310 2764,2308 2805,2308 2846,2306 2887,2305 2927,2304 2968,2303 3009,2302 3049,2302 3090,2301 3131,2301 3171,2302 3212,2302 3253,2303 3294,2305"/>
                <TextEquiv>
                    <Unicode>einst vor sich selbst, vor sein Schicksal und v#</Unicode>
                </TextEquiv>
            </TextLine>
            <TextLine id="r1l59" custom="readingOrder {index:58;}">
                <Coords points="357,2326 1230,2335 1418,2323 1418,2281 357,2297"/>
                <Baseline points="371,2329 422,2327 474,2325 525,2324 577,2323 629,2322 680,2322 732,2321 784,2321 835,2321 887,2320 939,2320 990,2320 1042,2320 1094,2320 1145,2320 1197,2320 1249,2319 1300,2318 1352,2317 1404,2316"/>
                <TextEquiv>
                    <Unicode>kasten, irgendwo weit weg läuten die Glocken, irgendwo</Unicode>
                </TextEquiv>
            </TextLine>
            <TextLine id="r1l60" custom="readingOrder {index:59;}">
                <Coords points="1426,2344 2387,2331 2460,2325 2460,2286 1425,2299"/>
                <Baseline points="1439,2333 1489,2332 1539,2331 1590,2330 1640,2330 1691,2329 1741,2328 1792,2327 1842,2326 1893,2326 1943,2325 1993,2324 2044,2323 2094,2323 2145,2322 2195,2321 2246,2320 2296,2319 2347,2318 2397,2318 2448,2317"/>
                <TextEquiv>
                    <Unicode>stalten aus der Tiefe des Volkes hat er nur wenige</Unicode>
                </TextEquiv>
            </TextLine>
            <TextLine id="r1l61" custom="readingOrder {index:60;}">
                <Coords points="2469,2356 3307,2346 3306,2307 3259,2303 2468,2317"/>
                <Baseline points="2481,2353 2521,2353 2562,2353 2602,2352 2643,2352 2684,2351 2724,2351 2765,2350 2805,2350 2846,2349 2887,2348 2927,2348 2968,2347 3008,2346 3049,2345 3090,2344 3130,2343 3171,2342 3211,2341 3252,2340 3293,2339"/>
                <TextEquiv>
                    <Unicode>trat, ist in all den Jahren nicht geminde</Unicode>
                </TextEquiv>
            </TextLine>
            <TextLine id="r1l62" custom="readingOrder {index:61;}">
                <Coords points="362,2376 506,2351 626,2381 1339,2367 1415,2359 1415,2322 361,2329"/>
                <Baseline points="376,2364 427,2363 478,2363 529,2362 581,2362 632,2362 683,2361 735,2361 786,2361 837,2360 889,2360 940,2360 991,2359 1042,2359 1094,2358 1145,2358 1196,2357 1248,2356 1299,2355 1350,2355 1402,2353"/>
                <TextEquiv>
                    <Unicode>klingt der gleichmäßige, heitere Hufschlag trabender</Unicode>
                </TextEquiv>
            </TextLine>
            <TextLine id="r1l63" custom="readingOrder {index:62;}">
                <Coords points="1427,2376 1644,2351 1723,2376 2391,2367 2459,2361 2458,2319 1426,2339"/>
                <Baseline points="1439,2371 1489,2370 1539,2369 1590,2368 1640,2367 1690,2367 1741,2366 1791,2365 1841,2364 1892,2363 1942,2362 1992,2361 2043,2360 2093,2360 2143,2359 2194,2358 2244,2357 2294,2356 2345,2355 2395,2355 2446,2354"/>
                <TextEquiv>
                    <Unicode>geschaffen. Sie tauchen da und dort einmal an der</Unicode>
                </TextEquiv>
            </TextLine>
            <TextLine id="r1l64" custom="readingOrder {index:63;}">
                <Coords points="2470,2403 3285,2389 3284,2350 3247,2345 2469,2358"/>
                <Baseline points="2483,2393 2522,2393 2561,2392 2601,2391 2640,2391 2680,2390 2719,2390 2759,2389 2798,2389 2838,2388 2877,2387 2916,2387 2956,2386 2995,2385 3035,2385 3074,2384 3114,2383 3153,2382 3193,2381 3232,2380 3272,2380"/>
                <TextEquiv>
                    <Unicode>schwichtigt worden, und der Sechzigjährige</Unicode>
                </TextEquiv>
            </TextLine>
            <TextLine id="r1l65" custom="readingOrder {index:64;}">
                <Coords points="362,2390 1418,2403 1418,2359 1227,2350 362,2371"/>
                <Baseline points="375,2404 426,2402 478,2400 529,2399 581,2398 632,2398 684,2397 735,2397 787,2397 838,2397 890,2397 941,2397 993,2397 1044,2397 1096,2397 1147,2396 1199,2396 1250,2395 1302,2394 1353,2393 1405,2392"/>
                <TextEquiv>
                    <Unicode>Pferde und leises Wagenrollen; und von draußen her,</Unicode>
                </TextEquiv>
            </TextLine>
            <TextLine id="r1l66" custom="readingOrder {index:65;}">
                <Coords points="1440,2418 2336,2410 2469,2398 2469,2359 1439,2374"/>
                <Baseline points="1452,2409 1502,2407 1552,2406 1602,2405 1652,2404 1702,2403 1752,2402 1803,2402 1853,2401 1903,2400 1953,2400 2003,2399 2053,2399 2103,2398 2154,2398 2204,2397 2254,2396 2304,2395 2354,2394 2404,2393 2455,2391"/>
                <TextEquiv>
                    <Unicode>Peripherie seiner Werke auf und wirken immer, wie</Unicode>
                </TextEquiv>
            </TextLine>
            <TextLine id="r1l67" custom="readingOrder {index:66;}">
                <Coords points="2476,2439 3273,2432 3307,2424 3306,2379 2475,2397"/>
                <Baseline points="2489,2431 2529,2431 2569,2431 2609,2431 2649,2430 2690,2430 2730,2429 2770,2428 2810,2427 2850,2426 2891,2425 2931,2424 2971,2423 3011,2423 3051,2422 3092,2422 3132,2422 3172,2421 3212,2422 3252,2422 3293,2423"/>
                <TextEquiv>
                    <Unicode>sich selbst, dem Schicksal und der Welt gege</Unicode>
                </TextEquiv>
            </TextLine>
            <TextLine id="r1l68" custom="readingOrder {index:67;}">
                <Coords points="367,2436 1334,2445 1415,2436 1415,2397 367,2407"/>
                <Baseline points="381,2443 432,2441 483,2440 534,2439 585,2438 636,2437 687,2436 738,2436 789,2435 840,2435 891,2435 942,2435 993,2434 1044,2434 1095,2434 1146,2433 1197,2433 1248,2432 1299,2432 1350,2431 1402,2430"/>
                <TextEquiv>
                    <Unicode>von den ferner ob liegenden Wiesen, die zum Kahlen¬</Unicode>
                </TextEquiv>
            </TextLine>
            <TextLine id="r1l69" custom="readingOrder {index:68;}">
                <Coords points="1438,2451 2462,2438 2461,2398 1437,2419"/>
                <Baseline points="1450,2447 1499,2446 1549,2445 1599,2445 1649,2444 1699,2443 1749,2443 1799,2442 1849,2441 1899,2440 1949,2439 1998,2439 2048,2437 2098,2437 2148,2436 2198,2435 2248,2433 2298,2432 2348,2431 2398,2430 2448,2429"/>
                <TextEquiv>
                    <Unicode>aus der Ferne gesehen. In allen seinen Werken ist der</Unicode>
                </TextEquiv>
            </TextLine>
            <TextLine id="r1l70" custom="readingOrder {index:69;}">
                <Coords points="2479,2473 3307,2467 3307,2425 2479,2439"/>
                <Baseline points="2491,2471 2531,2470 2571,2470 2611,2469 2651,2468 2691,2468 2731,2467 2772,2466 2812,2466 2852,2465 2892,2465 2932,2464 2972,2463 3012,2463 3053,2462 3093,2462 3133,2462 3173,2461 3213,2461 3253,2460 3294,2460"/>
                <TextEquiv>
                    <Unicode>Staunen, wie nur je; in lächelnder Anmut</Unicode>
                </TextEquiv>
            </TextLine>
            <TextLine id="r1l71" custom="readingOrder {index:70;}">
                <Coords points="361,2472 1325,2484 1427,2469 1427,2433 360,2430"/>
                <Baseline points="375,2482 427,2480 479,2478 531,2477 583,2476 635,2475 687,2475 739,2474 791,2474 843,2473 895,2473 947,2473 999,2472 1051,2472 1103,2472 1155,2471 1207,2471 1259,2470 1311,2470 1363,2469 1415,2468"/>
                <TextEquiv>
                    <Unicode>berg sich hinanbreiten, tönt das Rufen spielender Kin¬</Unicode>
                </TextEquiv>
            </TextLine>
            <TextLine id="r1l72" custom="readingOrder {index:71;}">
                <Coords points="1429,2494 2451,2479 2466,2436 1428,2452"/>
                <Baseline points="1441,2485 1491,2484 1542,2483 1592,2481 1643,2480 1694,2480 1744,2479 1795,2478 1845,2477 1896,2476 1947,2475 1997,2475 2048,2474 2098,2474 2149,2473 2200,2472 2250,2472 2301,2471 2351,2470 2402,2470 2453,2469"/>
                <TextEquiv>
                    <Unicode>Schimmer eines festlich erleuchteten, eines inbrünstig</Unicode>
                </TextEquiv>
            </TextLine>
            <TextLine id="r1l73" custom="readingOrder {index:72;}">
                <Coords points="2473,2514 3306,2504 3305,2462 3282,2460 2472,2467"/>
                <Baseline points="2486,2508 2526,2508 2566,2508 2607,2508 2647,2507 2688,2507 2728,2507 2768,2506 2809,2505 2849,2505 2890,2504 2930,2503 2970,2502 3011,2501 3051,2501 3092,2499 3132,2498 3172,2497 3213,2496 3253,2495 3294,2494"/>
                <TextEquiv>
                    <Unicode>in lyrisch=nachdenklicher Melancholie des H#</Unicode>
                </TextEquiv>
            </TextLine>
            <TextLine id="r1l74" custom="readingOrder {index:73;}">
                <Coords points="366,2513 1425,2508 1424,2474 1327,2467 366,2481"/>
                <Baseline points="380,2516 431,2515 483,2514 534,2513 586,2512 638,2512 689,2511 741,2511 792,2511 844,2511 896,2511 947,2511 999,2511 1050,2511 1102,2510 1154,2510 1205,2509 1257,2509 1308,2507 1360,2507 1412,2505"/>
                <TextEquiv>
                    <Unicode>der. In der bewegten Stille einer solchen Stunde wen¬</Unicode>
                </TextEquiv>
            </TextLine>
            <TextLine id="r1l75" custom="readingOrder {index:74;}">
                <Coords points="1433,2527 2457,2520 2465,2472 1432,2491"/>
                <Baseline points="1445,2523 1495,2521 1545,2520 1596,2519 1646,2518 1696,2517 1747,2516 1797,2515 1847,2514 1898,2514 1948,2513 1998,2512 2049,2512 2099,2511 2149,2511 2200,2510 2250,2509 2300,2508 2351,2508 2401,2506 2452,2506"/>
                <TextEquiv>
                    <Unicode>genossenen Lebens, und in allen seinen Werken ist die</Unicode>
                </TextEquiv>
            </TextLine>
            <TextLine id="r1l76" custom="readingOrder {index:75;}">
                <Coords points="2475,2555 3258,2536 3306,2556 3284,2499 2474,2513"/>
                <Baseline points="2489,2547 2529,2546 2569,2546 2609,2545 2649,2545 2690,2544 2730,2544 2770,2543 2810,2543 2850,2542 2891,2542 2931,2541 2971,2540 3011,2540 3051,2539 3092,2538 3132,2537 3172,2536 3212,2535 3252,2533 3293,2532"/>
                <TextEquiv>
                    <Unicode>Entzücken und trunkener Daseinslust dem 2#</Unicode>
                </TextEquiv>
            </TextLine>
            <TextLine id="r1l77" custom="readingOrder {index:76;}">
                <Coords points="362,2551 1431,2554 1414,2507 361,2511"/>
                <Baseline points="376,2556 428,2554 480,2553 532,2552 584,2551 636,2550 688,2550 740,2549 792,2549 844,2548 896,2548 948,2548 1000,2547 1052,2547 1104,2546 1156,2546 1208,2545 1260,2544 1312,2544 1364,2542 1417,2541"/>
                <TextEquiv>
                    <Unicode>den sich, hier in diesem Garten, meine Gedanken und</Unicode>
                </TextEquiv>
            </TextLine>
            <TextLine id="r1l78" custom="readingOrder {index:77;}">
                <Coords points="1428,2566 2463,2551 2462,2515 2344,2506 1427,2526"/>
                <Baseline points="1441,2562 1491,2560 1541,2558 1592,2556 1642,2555 1693,2554 1743,2553 1794,2552 1844,2551 1895,2551 1945,2550 1995,2550 2046,2549 2096,2549 2147,2548 2197,2547 2248,2547 2298,2546 2349,2544 2399,2543 2450,2542"/>
                <TextEquiv>
                    <Unicode>dunkel schattende, niemals vergessene Nähe des Todes.</Unicode>
                </TextEquiv>
            </TextLine>
            <TextLine id="r1l79" custom="readingOrder {index:78;}">
                <Coords points="2476,2596 2615,2586 2649,2607 2895,2572 3204,2593 3306,2571 3306,2539 2475,2554"/>
                <Baseline points="2489,2589 2529,2588 2569,2587 2609,2585 2650,2584 2690,2584 2730,2583 2770,2582 2811,2581 2851,2580 2891,2580 2931,2579 2972,2579 3012,2578 3052,2578 3092,2578 3133,2577 3173,2577 3213,2577 3253,2577 3294,2577"/>
                <TextEquiv>
                    <Unicode>gegeben, voll sanfter Weisheit das Leben</Unicode>
                </TextEquiv>
            </TextLine>
            <TextLine id="r1l80" custom="readingOrder {index:79;}">
                <Coords points="378,2602 1397,2593 1415,2548 377,2561"/>
                <Baseline points="391,2595 441,2594 492,2592 542,2591 593,2590 643,2589 694,2588 744,2587 795,2587 845,2586 896,2586 947,2586 997,2585 1048,2585 1098,2584 1149,2584 1199,2584 1250,2583 1300,2582 1351,2581 1402,2580"/>
                <TextEquiv>
                    <Unicode>Grinnerungen zu Artur Schnitzler, der nun als Sech¬</Unicode>
                </TextEquiv>
            </TextLine>
            <TextLine id="r1l81" custom="readingOrder {index:80;}">
                <Coords points="1440,2600 2310,2603 2464,2587 2464,2548 1439,2564"/>
                <Baseline points="1452,2596 1501,2595 1551,2594 1601,2593 1651,2593 1701,2592 1751,2591 1801,2590 1851,2590 1901,2589 1951,2588 2000,2587 2050,2587 2100,2586 2150,2585 2200,2584 2250,2583 2300,2582 2350,2582 2400,2581 2450,2580"/>
                <TextEquiv>
                    <Unicode>Denn seine Jugend, hingebracht in den glezenden</Unicode>
                </TextEquiv>
            </TextLine>
            <TextLine id="r1l82" custom="readingOrder {index:81;}">
                <Coords points="2480,2635 3072,2615 3242,2634 3305,2627 3304,2575 2479,2595"/>
                <Baseline points="2492,2624 2532,2624 2572,2624 2612,2624 2652,2623 2692,2623 2732,2623 2772,2622 2812,2622 2852,2621 2892,2621 2932,2620 2972,2619 3012,2619 3052,2618 3092,2617 3132,2616 3172,2615 3212,2614 3252,2613 3293,2612"/>
                <TextEquiv>
                    <Unicode>lächelnd. In dieser Bilderreihe immer wied</Unicode>
                </TextEquiv>
            </TextLine>
            <TextLine id="r1l83" custom="readingOrder {index:82;}">
                <Coords points="365,2629 1429,2625 1428,2583 1313,2579 365,2600"/>
                <Baseline points="379,2635 430,2633 482,2631 534,2629 586,2628 638,2627 690,2626 741,2625 793,2625 845,2625 897,2624 949,2624 1001,2624 1053,2624 1104,2624 1156,2623 1208,2623 1260,2622 1312,2621 1364,2620 1416,2619"/>
                <TextEquiv>
                    <Unicode>zigjähriger gefeiert wird. Mehr als die Hälfte dieses</Unicode>
                </TextEquiv>
            </TextLine>
            <TextLine id="r1l84" custom="readingOrder {index:83;}">
                <Coords points="1428,2637 2466,2620 2465,2586 2413,2582 1428,2603"/>
                <Baseline points="1441,2633 1491,2633 1542,2632 1592,2631 1643,2630 1693,2629 1744,2628 1794,2627 1845,2627 1895,2626 1946,2625 1997,2624 2047,2623 2098,2623 2148,2622 2199,2621 2249,2620 2300,2620 2350,2619 2401,2618 2452,2617"/>
                <TextEquiv>
                    <Unicode>Salons der Reichen und in den düsteren Spitälern der</Unicode>
                </TextEquiv>
            </TextLine>
            <TextLine id="r1l85" custom="readingOrder {index:84;}">
                <Coords points="2474,2669 3307,2658 3307,2630 3207,2615 2474,2630"/>
                <Baseline points="2487,2662 2527,2663 2567,2663 2608,2663 2648,2663 2688,2663 2729,2662 2769,2662 2809,2661 2850,2660 2890,2659 2930,2658 2971,2658 3011,2657 3051,2656 3092,2656 3132,2655 3172,2655 3213,2655 3253,2655 3294,2656"/>
                <TextEquiv>
                    <Unicode>und immer wieder schwindender Liebe, in</Unicode>
                </TextEquiv>
            </TextLine>
            <TextLine id="r1l86" custom="readingOrder {index:85;}">
                <Coords points="362,2671 1426,2661 1425,2624 1373,2622 362,2642"/>
                <Baseline points="375,2676 426,2673 478,2671 530,2669 582,2668 634,2666 686,2665 737,2664 789,2664 841,2663 893,2663 945,2662 997,2662 1049,2662 1100,2662 1152,2662 1204,2662 1256,2661 1308,2661 1360,2660 1412,2659"/>
                <TextEquiv>
                    <Unicode>Lebens habe ich nahe mitgelebt, vierunddreißig von</Unicode>
                </TextEquiv>
            </TextLine>
            <TextLine id="r1l87" custom="readingOrder {index:86;}">
                <Coords points="1426,2679 2424,2680 2463,2669 2462,2621 1425,2640"/>
                <Baseline points="1440,2674 1490,2673 1541,2672 1591,2671 1642,2670 1692,2669 1743,2668 1793,2666 1844,2666 1894,2665 1945,2663 1995,2662 2046,2662 2096,2661 2147,2660 2197,2659 2248,2658 2298,2658 2349,2658 2399,2658 2450,2658"/>
                <TextEquiv>
                    <Unicode>Armen, hat immer beides vor Augen gehabt: blühendes</Unicode>
                </TextEquiv>
            </TextLine>
            <TextLine id="r1l88" custom="readingOrder {index:87;}">
                <Coords points="2465,2698 2654,2719 3306,2698 3305,2658 3250,2654 2465,2672"/>
                <Baseline points="2479,2707 2519,2706 2560,2704 2601,2704 2641,2703 2682,2702 2723,2701 2763,2701 2804,2700 2845,2700 2886,2699 2926,2699 2967,2698 3008,2698 3048,2697 3089,2696 3130,2696 3170,2695 3211,2694 3252,2693 3293,2691"/>
                <TextEquiv>
                    <Unicode>ständig über allem Erblühen schwebenden D</Unicode>
                </TextEquiv>
            </TextLine>
            <TextLine id="r1l89" custom="readingOrder {index:88;}">
                <Coords points="367,2706 1426,2708 1425,2661 1344,2654 367,2670"/>
                <Baseline points="381,2710 432,2710 484,2709 535,2708 587,2707 638,2707 690,2706 741,2705 793,2704 844,2703 896,2702 948,2701 999,2700 1051,2699 1102,2699 1154,2698 1205,2697 1257,2697 1308,2696 1360,2696 1412,2696"/>
                <TextEquiv>
                    <Unicode>diesen sechzig Jahren. Und alle diese Werke sah ich</Unicode>
                </TextEquiv>
            </TextLine>
            <TextLine id="r1l90" custom="readingOrder {index:89;}">
                <Coords points="1437,2736 1644,2706 1765,2728 1788,2712 1820,2727 1848,2711 1982,2719 2034,2702 2034,2671 1436,2676"/>
                <Baseline points="1449,2708 1477,2709 1506,2709 1534,2709 1563,2708 1592,2708 1620,2707 1649,2707 1678,2706 1706,2705 1735,2705 1764,2704 1792,2703 1821,2702 1850,2702 1878,2701 1907,2701 1936,2701 1964,2701 1993,2701 2022,2702"/>
                <TextEquiv>
                    <Unicode>Leben und tragisches Sterben.</Unicode>
                </TextEquiv>
            </TextLine>
            <TextLine id="r1l91" custom="readingOrder {index:90;}">
                <Coords points="2473,2746 3299,2734 3298,2700 3251,2688 2473,2707"/>
                <Baseline points="2487,2742 2529,2742 2571,2742 2613,2741 2655,2741 2697,2740 2739,2739 2781,2738 2823,2738 2865,2737 2907,2736 2949,2736 2991,2735 3033,2735 3075,2734 3117,2734 3159,2734 3201,2735 3243,2735 3286,2736"/>
                <TextEquiv>
                    <Unicode>Welkens, in diesem Umkreis einer Welt, de</Unicode>
                </TextEquiv>
            </TextLine>
            <TextLine id="r1l92" custom="readingOrder {index:91;}">
                <Coords points="366,2748 1262,2750 1427,2734 1427,2692 366,2706"/>
                <Baseline points="378,2749 429,2748 481,2747 533,2745 585,2744 637,2744 688,2743 740,2742 792,2742 844,2741 896,2740 947,2740 999,2739 1051,2739 1103,2738 1155,2737 1206,2736 1258,2735 1310,2733 1362,2731 1414,2729"/>
                <TextEquiv>
                    <Unicode>entstehen, von Anfang an. Nun fällt die Abenddämme¬</Unicode>
                </TextEquiv>
            </TextLine>
            <TextLine id="r1l93" custom="readingOrder {index:92;}">
                <Coords points="1890,2779 1906,2776 1919,2789 1924,2786 1930,2792 1943,2789 1958,2794 1969,2793 1989,2775 2013,2771 2012,2708 1991,2709 1980,2720 1959,2715 1889,2722"/>
                <Baseline points="1903,2769 1935,2766 1968,2765 2001,2767"/>
                <TextEquiv>
                    <Unicode>III.</Unicode>
                </TextEquiv>
            </TextLine>
            <TextLine id="r1l94" custom="readingOrder {index:93;}">
                <Coords points="2479,2787 3291,2779 3290,2739 3261,2735 2478,2745"/>
                <Baseline points="2492,2781 2531,2781 2570,2781 2609,2781 2649,2780 2688,2780 2727,2779 2767,2778 2806,2777 2845,2777 2885,2776 2924,2775 2963,2775 3002,2774 3042,2773 3081,2773 3120,2773 3160,2773 3199,2773 3238,2773 3278,2774"/>
                <TextEquiv>
                    <Unicode>ist von der Wonne des Seins und vom</Unicode>
                </TextEquiv>
            </TextLine>
            <TextLine id="r1l95" custom="readingOrder {index:94;}">
                <Coords points="376,2790 1440,2767 1408,2733 376,2753"/>
                <Baseline points="390,2788 441,2786 493,2785 545,2784 597,2783 649,2782 701,2781 752,2780 804,2779 856,2778 908,2777 960,2777 1012,2776 1064,2775 1115,2775 1167,2774 1219,2773 1271,2773 1323,2771 1375,2770 1427,2769"/>
                <TextEquiv>
                    <Unicode>rung ringsum im Garten nieder, dieses sanfte Dunkel¬</Unicode>
                </TextEquiv>
            </TextLine>
            <TextLine id="r1l96" custom="readingOrder {index:95;}">
                <Coords points="2477,2830 3223,2828 3307,2814 3307,2777 2476,2785"/>
                <Baseline points="2490,2821 2530,2820 2570,2819 2610,2818 2650,2818 2691,2817 2731,2817 2771,2816 2811,2816 2851,2815 2892,2815 2932,2815 2972,2815 3012,2814 3052,2814 3093,2814 3133,2813 3173,2813 3213,2813 3253,2813 3294,2812"/>
                <TextEquiv>
                    <Unicode>Todes, liegt freilich eine Dagewesenheit, die</Unicode>
                </TextEquiv>
            </TextLine>
            <TextLine id="r1l97" custom="readingOrder {index:96;}">
                <Coords points="370,2821 1439,2820 1438,2768 370,2782"/>
                <Baseline points="384,2827 436,2826 488,2824 540,2823 592,2822 644,2820 696,2819 749,2818 801,2818 853,2817 905,2816 957,2815 1009,2814 1061,2814 1114,2813 1166,2812 1218,2811 1270,2810 1322,2809 1374,2808 1427,2807"/>
                <TextEquiv>
                    <Unicode>werden, dieses Hinschwinden und Einschlummern eines</Unicode>
                </TextEquiv>
            </TextLine>
            <TextLine id="r1l98" custom="readingOrder {index:97;}">
                <Coords points="1501,2838 2473,2836 2475,2775 2113,2801 1500,2783"/>
                <Baseline points="1514,2841 1561,2840 1608,2839 1656,2839 1703,2838 1750,2838 1798,2837 1845,2837 1892,2836 1940,2836 1987,2835 2034,2835 2082,2834 2129,2833 2176,2833 2224,2832 2271,2831 2318,2830 2366,2829 2413,2828 2461,2826"/>
                <TextEquiv>
                    <Unicode>Von der Liebe sprechen alle seine Bücher, alle diese</Unicode>
                </TextEquiv>
            </TextLine>
            <TextLine id="r1l99" custom="readingOrder {index:98;}">
                <Coords points="2487,2866 3294,2858 3272,2814 2486,2827"/>
                <Baseline points="2500,2860 2539,2860 2578,2860 2617,2859 2656,2859 2695,2858 2734,2857 2773,2857 2812,2856 2851,2855 2890,2855 2929,2854 2968,2853 3007,2853 3046,2852 3085,2852 3124,2852 3163,2852 3202,2852 3241,2852 3280,2852"/>
                <TextEquiv>
                    <Unicode>und beinahe so alt, wie das Leben selbst. Ar</Unicode>
                </TextEquiv>
            </TextLine>
            <TextLine id="r1l100" custom="readingOrder {index:99;}">
                <Coords points="365,2873 1381,2860 1436,2817 364,2839"/>
                <Baseline points="379,2866 431,2865 483,2864 535,2863 588,2862 640,2860 692,2860 744,2858 797,2857 849,2856 901,2855 953,2854 1006,2853 1058,2852 1110,2851 1162,2850 1215,2849 1267,2848 1319,2847 1371,2846 1424,2845"/>
                <TextEquiv>
                    <Unicode>Frühlingstages, darin so viel Trost mit so viel auf¬</Unicode>
                </TextEquiv>
            </TextLine>
            <TextLine id="r1l101" custom="readingOrder {index:100;}">
                <Coords points="1436,2888 2476,2874 2475,2837 2404,2830 1435,2836"/>
                <Baseline points="1448,2885 1498,2884 1549,2882 1600,2881 1650,2880 1701,2879 1752,2878 1802,2878 1853,2877 1904,2876 1955,2875 2005,2875 2056,2874 2107,2873 2157,2873 2208,2872 2259,2871 2309,2870 2360,2869 2411,2868 2462,2866"/>
                <TextEquiv>
                    <Unicode>Erzählungen, diese kleinen Dialoge und großen</Unicode>
                </TextEquiv>
            </TextLine>
            <TextLine id="r1l102" custom="readingOrder {index:101;}">
                <Coords points="366,2913 1377,2895 1427,2889 1426,2849 365,2874"/>
                <Baseline points="378,2903 429,2901 481,2900 533,2899 585,2898 637,2897 688,2896 740,2895 792,2894 844,2894 896,2893 947,2893 999,2892 1051,2891 1103,2890 1155,2890 1206,2889 1258,2888 1310,2887 1362,2885 1414,2884"/>
                <TextEquiv>
                    <Unicode>wühlender Bangigkeit sich mengt. Sechzig Jahre. Das</Unicode>
                </TextEquiv>
            </TextLine>
            <TextLine id="r1l103" custom="readingOrder {index:102;}">
                <Coords points="2478,2906 3204,2891 3306,2917 3306,2851 2478,2866"/>
                <Baseline points="2491,2898 2531,2897 2571,2896 2611,2895 2651,2895 2691,2894 2731,2894 2771,2893 2811,2893 2851,2893 2892,2893 2932,2893 2972,2893 3012,2893 3052,2893 3092,2893 3132,2893 3172,2893 3212,2892 3252,2892 3293,2892"/>
                <TextEquiv>
                    <Unicode>ler aber hat mit diesen Dingen, die jedem g</Unicode>
                </TextEquiv>
            </TextLine>
            <TextLine id="r1l104" custom="readingOrder {index:103;}">
                <Coords points="1444,2930 2474,2918 2455,2869 1444,2888"/>
                <Baseline points="1458,2925 1508,2924 1558,2922 1608,2921 1658,2920 1708,2919 1758,2918 1808,2917 1858,2916 1908,2915 1959,2914 2009,2914 2059,2913 2109,2912 2159,2912 2209,2911 2259,2910 2309,2910 2359,2909 2409,2909 2460,2908"/>
                <TextEquiv>
                    <Unicode>Theaterstücke. Von der Liebe und vom Tode. Auch</Unicode>
                </TextEquiv>
            </TextLine>
            <TextLine id="r1l105" custom="readingOrder {index:104;}">
                <Coords points="373,2928 1432,2926 1431,2889 1339,2885 373,2910"/>
                <Baseline points="386,2941 437,2940 489,2939 540,2938 592,2937 644,2935 695,2934 747,2933 798,2932 850,2931 902,2930 953,2929 1005,2928 1056,2927 1108,2926 1160,2925 1211,2925 1263,2925 1314,2925 1366,2925 1418,2925"/>
                <TextEquiv>
                    <Unicode>ist: sehr viel Vergangenheit, ist Abenddämmerung und</Unicode>
                </TextEquiv>
            </TextLine>
            <TextLine id="r1l106" custom="readingOrder {index:105;}">
                <Coords points="2484,2941 3166,2948 3307,2939 3307,2899 2484,2907"/>
                <Baseline points="2498,2937 2537,2937 2577,2937 2617,2936 2657,2936 2697,2936 2736,2935 2776,2935 2816,2934 2856,2934 2896,2934 2935,2933 2975,2933 3015,2932 3055,2932 3095,2932 3134,2931 3174,2931 3214,2931 3254,2931 3294,2931"/>
                <TextEquiv>
                    <Unicode>nur gespielt. Sein eigenes Spiel gespielt.</Unicode>
                </TextEquiv>
            </TextLine>
            <TextLine id="r1l107" custom="readingOrder {index:106;}">
                <Coords points="1442,2968 2477,2948 2476,2912 2342,2906 1441,2929"/>
                <Baseline points="1454,2962 1504,2962 1555,2962 1605,2961 1656,2961 1706,2960 1757,2959 1807,2958 1858,2957 1908,2956 1959,2955 2009,2954 2060,2952 2110,2951 2161,2950 2211,2949 2262,2948 2312,2948 2363,2947 2413,2946 2464,2946"/>
                <TextEquiv>
                    <Unicode>wenn sie sich anders geben, auch wenn sie manchen sinn¬</Unicode>
                </TextEquiv>
            </TextLine>
            <TextLine id="r1l108" custom="readingOrder {index:107;}">
                <Coords points="380,2991 843,2957 941,2989 1045,2958 1433,2970 1432,2925 379,2941"/>
                <Baseline points="394,2980 445,2979 496,2977 548,2976 599,2975 650,2974 702,2973 753,2972 804,2971 856,2970 907,2969 958,2969 1010,2968 1061,2967 1112,2966 1164,2965 1215,2964 1266,2964 1318,2963 1369,2962 1421,2961"/>
                <TextEquiv>
                    <Unicode>sanftes Dunkelwerden. Aber es ist auch immer noch</Unicode>
                </TextEquiv>
            </TextLine>
            <TextLine id="r1l109" custom="readingOrder {index:108;}">
                <Coords points="2472,2998 2600,2971 2671,2994 3169,2968 3308,2990 3286,2933 2472,2941"/>
                <Baseline points="2485,2975 2525,2976 2565,2976 2606,2976 2646,2976 2687,2975 2727,2975 2768,2974 2808,2974 2849,2973 2889,2972 2929,2971 2970,2970 3010,2970 3051,2970 3091,2969 3132,2969 3172,2970 3213,2970 3253,2972 3294,2973"/>
                <TextEquiv>
                    <Unicode>diesen Hintergrund, vor den wir alle treten,</Unicode>
                </TextEquiv>
            </TextLine>
            <TextLine id="r1l110" custom="readingOrder {index:109;}">
                <Coords points="1443,3004 2287,3006 2472,2987 2472,2945 1442,2968"/>
                <Baseline points="1456,3001 1506,3000 1556,2999 1606,2998 1656,2997 1706,2996 1756,2995 1806,2995 1856,2994 1906,2993 1957,2992 2007,2991 2057,2990 2107,2990 2157,2989 2207,2988 2257,2987 2307,2986 2357,2985 2407,2984 2458,2984"/>
                <TextEquiv>
                    <Unicode>reich unsinnigen und erstaunlichen Verknüpfungen des</Unicode>
                </TextEquiv>
            </TextLine>
            <TextLine id="r1l111" custom="readingOrder {index:110;}">
                <Coords points="372,3024 1179,3029 1349,2999 1420,3024 1435,2963 371,2982"/>
                <Baseline points="385,3019 436,3018 488,3017 540,3015 592,3014 644,3013 695,3011 747,3010 799,3009 851,3008 903,3007 954,3006 1006,3005 1058,3004 1110,3003 1162,3002 1213,3001 1265,3000 1317,2999 1369,2999 1421,2998"/>
                <TextEquiv>
                    <Unicode>eine starke Gegenwart, und es gibt immer noch ein</Unicode>
                </TextEquiv>
            </TextLine>
            <TextLine id="r1l112" custom="readingOrder {index:111;}">
                <Coords points="2473,3019 3304,3018 3305,2960 2472,2980"/>
                <Baseline points="2487,3018 2527,3018 2567,3017 2607,3017 2648,3016 2688,3015 2728,3015 2769,3013 2809,3013 2849,3012 2890,3011 2930,3010 2970,3009 3010,3009 3051,3008 3091,3008 3131,3008 3172,3008 3212,3008 3252,3009 3293,3009"/>
                <TextEquiv>
                    <Unicode>gezeichnet. Sein eigenes. Und aus diesem.</Unicode>
                </TextEquiv>
            </TextLine>
            <TextLine id="r1l113" custom="readingOrder {index:112;}">
                <Coords points="1433,3037 2471,3035 2470,2990 2423,2983 1433,3003"/>
                <Baseline points="1446,3039 1496,3038 1547,3038 1597,3037 1648,3036 1699,3036 1749,3035 1800,3034 1850,3033 1901,3033 1952,3032 2002,3031 2053,3030 2103,3030 2154,3029 2205,3028 2255,3027 2306,3026 2356,3026 2407,3025 2458,3025"/>
                <TextEquiv>
                    <Unicode>Schicksals nachspüren, auch wenn Streit, Aufruhr,</Unicode>
                </TextEquiv>
            </TextLine>
            <TextLine id="r1l114" custom="readingOrder {index:113;}">
                <Coords points="2482,3059 3260,3055 3307,3052 3307,3007 2482,3025"/>
                <Baseline points="2496,3056 2535,3055 2575,3054 2615,3053 2655,3052 2695,3052 2735,3052 2775,3051 2815,3051 2855,3051 2895,3051 2934,3051 2974,3051 3014,3050 3054,3050 3094,3050 3134,3049 3174,3049 3214,3048 3254,3047 3294,3046"/>
                <TextEquiv>
                    <Unicode>der jeder formenden Hand willig ist, hat e</Unicode>
                </TextEquiv>
            </TextLine>
            <TextLine id="r1l115" custom="readingOrder {index:114;}">
                <Coords points="377,3066 412,3077 427,3064 477,3083 514,3073 634,3076 710,3055 708,3015 682,3011 375,3019"/>
                <Baseline points="391,3062 416,3060 442,3059 467,3057 493,3056 518,3054 544,3053 569,3052 595,3051 620,3051 646,3050 671,3050 697,3050"/>
                <TextEquiv>
                    <Unicode>neues Morgen.</Unicode>
                </TextEquiv>
            </TextLine>
            <TextLine id="r1l116" custom="readingOrder {index:115;}">
                <Coords points="1428,3078 2303,3079 2471,3069 2473,3034 1427,3047"/>
                <Baseline points="1441,3076 1494,3076 1548,3075 1601,3075 1655,3074 1709,3073 1762,3072 1816,3072 1870,3071 1923,3070 1977,3069 2030,3068 2084,3067 2138,3066 2191,3065 2245,3064 2299,3063 2352,3062 2406,3060 2460,3059"/>
                <TextEquiv>
                    <Unicode>Tapferkeit und Not des Daseins sie erfüllen und durch¬</Unicode>
                </TextEquiv>
            </TextLine>
            <TextLine id="r1l117" custom="readingOrder {index:116;}">
                <Coords points="985,3088 1025,3098 1048,3082 1158,3086 1171,3096 1195,3080 1226,3093 1271,3090 1270,3014 1242,3022 1218,3012 1174,3036 1131,3018 1082,3053 985,3022"/>
                <Baseline points="999,3071 1024,3072 1050,3072 1076,3072 1102,3071 1128,3071 1154,3071 1180,3070 1206,3070 1232,3070 1258,3070"/>
                <TextEquiv>
                    <Unicode>AE  1</Unicode>
                </TextEquiv>
            </TextLine>
            <TextLine id="r1l118" custom="readingOrder {index:117;}">
                <Coords points="2479,3101 3210,3096 3275,3085 3275,3053 2478,3059"/>
                <Baseline points="2491,3095 2529,3095 2568,3095 2606,3094 2645,3094 2683,3093 2722,3093 2760,3092 2799,3092 2837,3091 2876,3091 2915,3090 2953,3089 2992,3089 3030,3089 3069,3088 3107,3088 3146,3088 3184,3088 3223,3088 3262,3089"/>
                <TextEquiv>
                    <Unicode>stalten geschaffen. In seinem Ebenbild.</Unicode>
                </TextEquiv>
            </TextLine>
            <TextLine id="r1l119" custom="readingOrder {index:118;}">
                <Coords points="858,3117 874,3119 887,3111 918,3116 923,3110 937,3113 965,3101 989,3101 987,3054 974,3054 966,3046 906,3045 893,3059 888,3056 875,3064 870,3059 857,3060"/>
                <Baseline points="871,3105 897,3103 923,3101 949,3101 975,3103"/>
                <TextEquiv>
                    <Unicode>II.</Unicode>
                </TextEquiv>
            </TextLine>
            <TextLine id="r1l120" custom="readingOrder {index:119;}">
                <Coords points="1435,3126 2433,3111 2480,3105 2480,3076 1434,3079"/>
                <Baseline points="1447,3114 1500,3114 1554,3113 1607,3112 1661,3112 1715,3111 1768,3110 1822,3109 1876,3108 1929,3107 1983,3107 2036,3106 2090,3105 2144,3104 2197,3103 2251,3102 2305,3102 2358,3101 2412,3101 2466,3100"/>
                <TextEquiv>
                    <Unicode>schüttern möchten, ist ihr Inhalt die Liebe und der Tod.</Unicode>
                </TextEquiv>
            </TextLine>
            <TextLine id="r1l121" custom="readingOrder {index:120;}">
                <Coords points="2482,3137 3255,3142 3294,3129 3293,3076 3118,3100 2481,3100"/>
                <Baseline points="2494,3135 2533,3134 2572,3133 2611,3132 2651,3132 2690,3131 2729,3130 2769,3129 2808,3129 2847,3128 2887,3128 2926,3127 2965,3127 3004,3126 3044,3126 3083,3126 3122,3125 3162,3125 3201,3125 3240,3124 3280,3124"/>
                <TextEquiv>
                    <Unicode>Welt von Menschen lebt nun mit uns, führ</Unicode>
                </TextEquiv>
            </TextLine>
            <TextLine id="r1l122" custom="readingOrder {index:121;}">
                <Coords points="1434,3156 2443,3149 2479,3144 2479,3102 1434,3119"/>
                <Baseline points="1448,3150 1498,3149 1549,3149 1600,3148 1651,3148 1702,3147 1753,3147 1804,3147 1855,3146 1906,3146 1957,3145 2007,3145 2058,3144 2109,3143 2160,3143 2211,3142 2262,3141 2313,3140 2364,3139 2415,3138 2466,3136"/>
                <TextEquiv>
                    <Unicode>Eine merkwürdige Kraft und Andacht des Erlebens</Unicode>
                </TextEquiv>
            </TextLine>
            <TextLine id="r1l123" custom="readingOrder {index:122;}">
                <Coords points="454,3166 1429,3149 1428,3107 1336,3087 1056,3118 796,3093 700,3129 453,3103"/>
                <Baseline points="468,3156 515,3156 562,3157 610,3157 657,3157 705,3157 752,3156 799,3156 847,3156 894,3155 942,3154 989,3154 1036,3153 1084,3152 1131,3150 1179,3149 1226,3148 1273,3147 1321,3145 1368,3144 1416,3142"/>
                <TextEquiv>
                    <Unicode>Er war ein verwöhnter junger Maun, damals, in</Unicode>
                </TextEquiv>
            </TextLine>
            <TextLine id="r1l124" custom="readingOrder {index:123;}">
                <Coords points="2477,3179 3287,3168 3286,3129 2477,3137"/>
                <Baseline points="2489,3171 2528,3171 2567,3171 2606,3170 2646,3170 2685,3170 2724,3170 2763,3169 2803,3169 2842,3169 2881,3169 2920,3168 2960,3168 2999,3167 3038,3167 3077,3167 3117,3166 3156,3165 3195,3164 3234,3163 3274,3162"/>
                <TextEquiv>
                    <Unicode>Gedächtnis, in unsrer Kenntnis von der 2</Unicode>
                </TextEquiv>
            </TextLine>
            <TextLine id="r1l125" custom="readingOrder {index:124;}">
                <Coords points="1446,3193 2467,3185 2467,3143 1445,3157"/>
                <Baseline points="1459,3191 1508,3190 1558,3188 1608,3187 1658,3186 1707,3186 1757,3185 1807,3184 1857,3184 1906,3184 1956,3183 2006,3183 2056,3183 2105,3182 2155,3182 2205,3181 2255,3181 2304,3180 2354,3179 2404,3178 2454,3177"/>
                <TextEquiv>
                    <Unicode>läßt diesen Dichter die blutdurchströmte Schwere der</Unicode>
                </TextEquiv>
            </TextLine>
            <TextLine id="r1l126" custom="readingOrder {index:125;}">
                <Coords points="370,3209 1436,3183 1435,3149 369,3149"/>
                <Baseline points="383,3203 437,3202 492,3201 547,3200 601,3199 656,3198 711,3197 765,3197 820,3196 875,3195 929,3195 984,3194 1039,3193 1093,3192 1148,3191 1203,3190 1257,3188 1312,3186 1367,3185 1422,3183"/>
                <TextEquiv>
                    <Unicode>seinen Anfängen, elegant, vornehm, von Luxus um¬</Unicode>
                </TextEquiv>
            </TextLine>
            <TextLine id="r1l127" custom="readingOrder {index:126;}">
                <Coords points="2483,3215 3293,3210 3292,3173 3261,3163 2483,3181"/>
                <Baseline points="2495,3211 2534,3211 2573,3211 2612,3210 2652,3210 2691,3209 2730,3208 2769,3208 2809,3207 2848,3206 2887,3206 2926,3205 2966,3205 3005,3205 3044,3204 3083,3204 3123,3204 3162,3204 3201,3204 3240,3205 3280,3205"/>
                <TextEquiv>
                    <Unicode>unsern Erkenntnissen eine lebendige Existe</Unicode>
                </TextEquiv>
            </TextLine>
            <TextLine id="r1l128" custom="readingOrder {index:127;}">
                <Coords points="1441,3233 2381,3229 2470,3220 2470,3183 1440,3194"/>
                <Baseline points="1454,3229 1504,3228 1554,3228 1604,3227 1654,3226 1704,3225 1754,3224 1804,3224 1854,3223 1904,3222 1955,3222 2005,3221 2055,3220 2105,3220 2155,3219 2205,3219 2255,3218 2305,3218 2355,3217 2405,3217 2456,3216"/>
                <TextEquiv>
                    <Unicode>kleinsten Geschehnisse empfinden, die unauslöschliche</Unicode>
                </TextEquiv>
            </TextLine>
            <TextLine id="r1l129" custom="readingOrder {index:128;}">
                <Coords points="370,3260 1394,3228 1422,3183 369,3221"/>
                <Baseline points="383,3246 434,3244 485,3242 537,3240 588,3239 639,3238 691,3237 742,3236 793,3235 845,3234 896,3233 947,3232 999,3231 1050,3231 1101,3229 1153,3228 1204,3228 1255,3226 1307,3225 1358,3223 1410,3221"/>
                <TextEquiv>
                    <Unicode>geben, in Sorglosigkeit aufgewachsen. Der Sohn eines</Unicode>
                </TextEquiv>
            </TextLine>
            <TextLine id="r1l130" custom="readingOrder {index:129;}">
                <Coords points="2473,3263 3235,3255 3251,3205 2472,3210"/>
                <Baseline points="2487,3253 2524,3252 2562,3251 2599,3250 2637,3249 2675,3249 2712,3248 2750,3248 2787,3247 2825,3247 2863,3247 2900,3247 2938,3246 2975,3246 3013,3246 3051,3246 3088,3245 3126,3245 3163,3245 3201,3244 3239,3243"/>
                <TextEquiv>
                    <Unicode>höhter Wirklichkeit. Anatol, der verwöhn</Unicode>
                </TextEquiv>
            </TextLine>
            <TextLine id="r1l131" custom="readingOrder {index:130;}">
                <Coords points="1431,3276 2351,3275 2466,3261 2466,3222 1431,3234"/>
                <Baseline points="1445,3267 1495,3267 1545,3267 1596,3267 1646,3266 1697,3266 1747,3265 1798,3265 1848,3264 1899,3263 1949,3263 1999,3262 2050,3261 2100,3260 2151,3259 2201,3259 2252,3258 2302,3258 2353,3257 2403,3257 2454,3257"/>
                <TextEquiv>
                    <Unicode>Realität der geringsten Tatsache, die tiefe Folge des</Unicode>
                </TextEquiv>
            </TextLine>
            <TextLine id="r1l132" custom="readingOrder {index:131;}">
                <Coords points="382,3284 1430,3264 1429,3222 382,3260"/>
                <Baseline points="395,3283 446,3281 497,3279 548,3278 599,3277 650,3275 701,3274 752,3274 803,3273 854,3272 905,3272 956,3271 1007,3270 1058,3270 1109,3269 1160,3268 1211,3267 1262,3265 1313,3263 1364,3261 1416,3260"/>
                <TextEquiv>
                    <Unicode>großen, vielgerühmten Arztes und Professors, stand</Unicode>
                </TextEquiv>
            </TextLine>
            <TextLine id="r1l133" custom="readingOrder {index:132;}">
                <Coords points="2475,3293 3237,3295 3292,3287 3292,3245 2475,3262"/>
                <Baseline points="2487,3291 2526,3289 2566,3288 2605,3287 2645,3287 2685,3286 2724,3286 2764,3286 2804,3285 2843,3285 2883,3285 2923,3285 2962,3284 3002,3284 3042,3284 3081,3283 3121,3283 3161,3282 3200,3281 3240,3280 3280,3279"/>
                <TextEquiv>
                    <Unicode>liker des Genusses, die einfache, süße Christ</Unicode>
                </TextEquiv>
            </TextLine>
            <TextLine id="r1l134" custom="readingOrder {index:133;}">
                <Coords points="1435,3323 2483,3298 2482,3264 2425,3257 1434,3276"/>
                <Baseline points="1449,3307 1500,3307 1551,3307 1602,3307 1653,3306 1704,3306 1755,3306 1806,3305 1857,3304 1908,3304 1959,3303 2010,3302 2061,3301 2112,3300 2163,3299 2214,3298 2265,3297 2316,3297 2367,3296 2418,3295 2470,3294"/>
                <TextEquiv>
                    <Unicode>flüchtigsten Wertes. Zugleich aber hebt ihn ein geisti¬</Unicode>
                </TextEquiv>
            </TextLine>
            <TextLine id="r1l135" custom="readingOrder {index:134;}">
                <Coords points="377,3321 1310,3317 1438,3302 1438,3268 377,3279"/>
                <Baseline points="391,3319 442,3318 494,3317 545,3315 597,3315 649,3314 700,3313 752,3312 804,3312 855,3311 907,3311 959,3310 1010,3309 1062,3308 1114,3307 1165,3306 1217,3305 1269,3303 1320,3301 1372,3300 1424,3297"/>
                <TextEquiv>
                    <Unicode>Artur Schnitzler mitten im Treiben der glänzenden</Unicode>
                </TextEquiv>
            </TextLine>
            <TextLine id="r1l136" custom="readingOrder {index:135;}">
                <Coords points="2475,3352 2585,3329 3298,3326 3274,3280 2475,3291"/>
                <Baseline points="2489,3331 2528,3330 2568,3329 2608,3327 2648,3326 2688,3326 2727,3325 2767,3325 2807,3325 2847,3325 2887,3325 2926,3324 2966,3324 3006,3324 3046,3324 3086,3323 3125,3323 3165,3322 3205,3321 3245,3319 3285,3318"/>
                <TextEquiv>
                    <Unicode>„Liebelei“, der edel komplizierte Herr v. Sa</Unicode>
                </TextEquiv>
            </TextLine>
            <TextLine id="r1l137" custom="readingOrder {index:136;}">
                <Coords points="1448,3360 2451,3345 2472,3303 1448,3319"/>
                <Baseline points="1460,3350 1510,3348 1560,3346 1610,3345 1660,3344 1710,3344 1760,3343 1810,3343 1860,3342 1910,3342 1960,3342 2010,3342 2060,3342 2110,3342 2160,3341 2210,3341 2260,3340 2310,3339 2360,3338 2410,3337 2460,3335"/>
                <TextEquiv>
                    <Unicode>ger Schwung und Auftrieb bis zu einer Höhe, in</Unicode>
                </TextEquiv>
            </TextLine>
            <TextLine id="r1l138" custom="readingOrder {index:137;}">
                <Coords points="385,3354 1362,3344 1425,3340 1424,3301 384,3320"/>
                <Baseline points="397,3357 447,3356 498,3355 549,3354 600,3353 650,3352 701,3351 752,3350 803,3349 853,3348 904,3347 955,3346 1006,3346 1056,3345 1107,3343 1158,3342 1209,3341 1259,3339 1310,3338 1361,3336 1412,3334"/>
                <TextEquiv>
                    <Unicode>Wiener Gesellschaft, war er in den Spuren seines</Unicode>
                </TextEquiv>
            </TextLine>
            <TextLine id="r1l139" custom="readingOrder {index:138;}">
                <Coords points="2477,3377 3300,3369 3299,3330 3244,3320 2477,3335"/>
                <Baseline points="2491,3368 2530,3368 2570,3367 2610,3367 2650,3366 2690,3366 2729,3365 2769,3365 2809,3364 2849,3364 2889,3364 2928,3363 2968,3363 3008,3362 3048,3362 3088,3362 3127,3362 3167,3361 3207,3361 3247,3361 3287,3361"/>
                <TextEquiv>
                    <Unicode>„Einsamen Weg“, die Herzogin aus den</Unicode>
                </TextEquiv>
            </TextLine>
            <TextLine id="r1l140" custom="readingOrder {index:139;}">
                <Coords points="1446,3393 2387,3388 2470,3380 2470,3343 1446,3357"/>
                <Baseline points="1458,3387 1508,3386 1558,3385 1608,3384 1658,3383 1708,3383 1758,3382 1808,3381 1858,3381 1908,3380 1958,3380 2008,3379 2058,3379 2108,3379 2158,3378 2208,3378 2258,3377 2308,3377 2358,3376 2408,3376 2458,3375"/>
                <TextEquiv>
                    <Unicode>welcher der atmosphärische Druck von unsern Schultern</Unicode>
                </TextEquiv>
            </TextLine>
            <TextLine id="r1l141" custom="readingOrder {index:140;}">
                <Coords points="381,3390 1432,3377 1431,3340 1389,3339 380,3356"/>
                <Baseline points="395,3395 446,3394 497,3393 548,3392 599,3391 651,3390 702,3389 753,3388 804,3387 855,3386 907,3385 958,3384 1009,3382 1060,3381 1111,3380 1163,3379 1214,3377 1265,3376 1316,3374 1367,3373 1419,3371"/>
                <TextEquiv>
                    <Unicode>Vaters ohne besondere Freude einen vorbestimmten</Unicode>
                </TextEquiv>
            </TextLine>
            <TextLine id="r1l142" custom="readingOrder {index:141;}">
                <Coords points="2476,3415 3304,3402 3303,3365 3235,3360 2475,3378"/>
                <Baseline points="2489,3407 2529,3406 2569,3405 2609,3404 2649,3404 2689,3404 2729,3403 2769,3403 2809,3403 2849,3403 2889,3403 2929,3403 2969,3403 3009,3403 3049,3403 3089,3403 3129,3402 3169,3402 3209,3401 3249,3400 3290,3398"/>
                <TextEquiv>
                    <Unicode>Kakadu“, der junge Kavalier aus „Literatu</Unicode>
                </TextEquiv>
            </TextLine>
            <TextLine id="r1l143" custom="readingOrder {index:142;}">
                <Coords points="1439,3432 2469,3421 2468,3379 1439,3395"/>
                <Baseline points="1452,3426 1502,3426 1552,3426 1602,3425 1652,3424 1703,3424 1753,3423 1803,3422 1853,3422 1903,3421 1954,3420 2004,3420 2054,3419 2104,3418 2154,3418 2205,3417 2255,3416 2305,3416 2355,3415 2405,3414 2456,3414"/>
                <TextEquiv>
                    <Unicode>weicht, in der die Wucht des Wirklichen schwerlos und</Unicode>
                </TextEquiv>
            </TextLine>
            <TextLine id="r1l144" custom="readingOrder {index:143;}">
                <Coords points="380,3438 1438,3411 1437,3374 379,3393"/>
                <Baseline points="393,3435 444,3433 496,3431 547,3430 599,3429 651,3427 702,3427 754,3425 806,3424 857,3424 909,3423 961,3422 1012,3421 1064,3420 1116,3419 1167,3417 1219,3416 1271,3414 1322,3412 1374,3410 1426,3408"/>
                <TextEquiv>
                    <Unicode>Studienweg gegangen und nach dem strengen väter¬</Unicode>
                </TextEquiv>
            </TextLine>
            <TextLine id="r1l145" custom="readingOrder {index:144;}">
                <Coords points="2479,3450 3304,3449 3304,3402 2479,3416"/>
                <Baseline points="2493,3445 2532,3445 2572,3445 2612,3444 2652,3444 2692,3444 2732,3443 2771,3443 2811,3442 2851,3442 2891,3441 2931,3441 2971,3440 3011,3440 3050,3439 3090,3439 3130,3438 3170,3438 3210,3438 3250,3438 3290,3438"/>
                <TextEquiv>
                    <Unicode>tragen die Züge Schnitzlerschen Geistes, all</Unicode>
                </TextEquiv>
            </TextLine>
            <TextLine id="r1l146" custom="readingOrder {index:145;}">
                <Coords points="390,3474 1411,3459 1450,3416 389,3437"/>
                <Baseline points="402,3472 453,3470 505,3467 557,3465 609,3464 661,3463 712,3462 764,3462 816,3461 868,3461 920,3461 971,3460 1023,3459 1075,3458 1127,3457 1179,3456 1230,3454 1282,3451 1334,3448 1386,3444 1438,3440"/>
                <TextEquiv>
                    <Unicode>lichen Willen Arzt geworden. Sein Leben ging damals</Unicode>
                </TextEquiv>
            </TextLine>
            <TextLine id="r1l147" custom="readingOrder {index:146;}">
                <Coords points="1449,3471 2448,3465 2479,3425 1449,3432"/>
                <Baseline points="1462,3466 1512,3466 1562,3465 1612,3465 1662,3465 1713,3464 1763,3464 1813,3464 1863,3463 1913,3462 1964,3461 2014,3461 2064,3460 2114,3460 2164,3459 2215,3458 2265,3458 2315,3457 2365,3456 2415,3456 2466,3455"/>
                <TextEquiv>
                    <Unicode>schwebend wird, und in der alle Wichtigkeiten sich auf¬</Unicode>
                </TextEquiv>
            </TextLine>
            <TextLine id="r1l148" custom="readingOrder {index:147;}">
                <Coords points="2482,3494 3307,3489 3307,3444 2481,3450"/>
                <Baseline points="2496,3486 2535,3486 2575,3486 2615,3486 2655,3486 2695,3486 2735,3485 2774,3485 2814,3485 2854,3484 2894,3484 2934,3484 2974,3483 3014,3483 3053,3482 3093,3482 3133,3481 3173,3480 3213,3480 3253,3479 3293,3478"/>
                <TextEquiv>
                    <Unicode>ihrer Gestalt vom Griff und Druck seiner</Unicode>
                </TextEquiv>
            </TextLine>
            <TextLine id="r1l149" custom="readingOrder {index:148;}">
                <Coords points="382,3506 1357,3503 1435,3493 1434,3451 381,3475"/>
                <Baseline points="395,3510 446,3508 497,3506 549,3504 600,3502 652,3501 703,3501 754,3500 806,3499 857,3499 909,3498 960,3498 1011,3497 1063,3496 1114,3495 1166,3494 1217,3493 1268,3491 1320,3489 1371,3486 1423,3483"/>
                <TextEquiv>
                    <Unicode>hin zwischen dem trübseligen Ernst des Spitals und der</Unicode>
                </TextEquiv>
            </TextLine>
            <TextLine id="r1l150" custom="readingOrder {index:149;}">
                <Coords points="1448,3510 2481,3508 2480,3458 1448,3470"/>
                <Baseline points="1462,3509 1512,3507 1562,3507 1612,3506 1663,3505 1713,3504 1763,3503 1814,3503 1864,3502 1914,3502 1965,3501 2015,3501 2065,3501 2115,3500 2166,3500 2216,3499 2266,3498 2317,3498 2367,3497 2417,3496 2468,3495"/>
                <TextEquiv>
                    <Unicode>lösen. Seine Melancholie und seine nachdenklichen</Unicode>
                </TextEquiv>
            </TextLine>
            <TextLine id="r1l151" custom="readingOrder {index:150;}">
                <Coords points="2475,3522 3245,3533 3300,3517 3300,3483 2474,3493"/>
                <Baseline points="2489,3527 2531,3526 2573,3525 2615,3524 2657,3523 2699,3523 2741,3523 2783,3522 2825,3522 2867,3522 2909,3521 2951,3521 2993,3521 3035,3521 3077,3521 3119,3520 3161,3520 3203,3519 3245,3518 3288,3517"/>
                <TextEquiv>
                    <Unicode>Hand die Spur. Alle reden so, daß man</Unicode>
                </TextEquiv>
            </TextLine>
            <TextLine id="r1l152" custom="readingOrder {index:151;}">
                <Coords points="390,3552 1357,3537 1430,3531 1429,3492 389,3515"/>
                <Baseline points="403,3545 453,3544 504,3543 555,3541 605,3540 656,3540 707,3539 757,3538 808,3538 859,3538 910,3537 960,3537 1011,3536 1062,3535 1112,3534 1163,3533 1214,3532 1264,3530 1315,3528 1366,3525 1417,3523"/>
                <TextEquiv>
                    <Unicode>Heiterkeit des Salons, zwischen den Krankenbetten der</Unicode>
                </TextEquiv>
            </TextLine>
            <TextLine id="r1l153" custom="readingOrder {index:152;}">
                <Coords points="1446,3549 2479,3543 2478,3501 2423,3496 1446,3510"/>
                <Baseline points="1459,3545 1509,3545 1559,3544 1610,3543 1660,3543 1710,3542 1761,3542 1811,3542 1861,3541 1912,3541 1962,3541 2012,3540 2063,3540 2113,3540 2163,3539 2214,3539 2264,3538 2314,3538 2365,3537 2415,3537 2466,3536"/>
                <TextEquiv>
                    <Unicode>Traurigkeiten haften am Erdboben: Liebelei. In</Unicode>
                </TextEquiv>
            </TextLine>
            <TextLine id="r1l154" custom="readingOrder {index:153;}">
                <Coords points="2482,3569 3263,3569 3307,3560 3307,3510 2482,3530"/>
                <Baseline points="2495,3565 2534,3564 2574,3564 2614,3564 2654,3563 2694,3563 2734,3563 2774,3563 2814,3563 2854,3563 2894,3563 2933,3563 2973,3562 3013,3562 3053,3561 3093,3561 3133,3560 3173,3558 3213,3557 3253,3555 3293,3553"/>
                <TextEquiv>
                    <Unicode>ersten drei Worten schon wissen muß: S</Unicode>
                </TextEquiv>
            </TextLine>
            <TextLine id="r1l155" custom="readingOrder {index:154;}">
                <Coords points="381,3580 1432,3570 1431,3528 1391,3527 381,3559"/>
                <Baseline points="395,3589 446,3586 497,3583 548,3580 599,3579 650,3577 701,3576 753,3575 804,3574 855,3573 906,3573 957,3573 1008,3572 1059,3572 1111,3571 1162,3571 1213,3570 1264,3568 1315,3567 1366,3564 1418,3562"/>
                <TextEquiv>
                    <Unicode>Klinik, wo die Menschen leiden und sterben, und den</Unicode>
                </TextEquiv>
            </TextLine>
            <TextLine id="r1l156" custom="readingOrder {index:155;}">
                <Coords points="1451,3586 2463,3585 2478,3540 1451,3550"/>
                <Baseline points="1464,3583 1514,3583 1564,3584 1614,3584 1664,3584 1714,3583 1764,3583 1814,3583 1864,3582 1914,3582 1964,3581 2014,3581 2064,3580 2114,3579 2164,3579 2214,3578 2264,3577 2314,3577 2364,3576 2414,3576 2464,3575"/>
                <TextEquiv>
                    <Unicode>seiner Heiterkeit aber ist das bessere Jenseits der</Unicode>
                </TextEquiv>
            </TextLine>
            <TextLine id="r1l157" custom="readingOrder {index:156;}">
                <Coords points="2488,3607 3271,3607 3297,3599 3297,3557 2488,3568"/>
                <Baseline points="2502,3602 2541,3603 2580,3603 2619,3603 2658,3603 2697,3603 2736,3603 2775,3603 2814,3603 2853,3603 2893,3602 2932,3602 2971,3601 3010,3600 3049,3600 3088,3599 3127,3598 3166,3598 3205,3597 3244,3596 3284,3595"/>
                <TextEquiv>
                    <Unicode>Schnitzler. Alle sind in Erlebnisse, in K</Unicode>
                </TextEquiv>
            </TextLine>
            <TextLine id="r1l158" custom="readingOrder {index:157;}">
                <Coords points="381,3629 1442,3608 1441,3572 1344,3566 380,3592"/>
                <Baseline points="395,3623 446,3622 498,3620 549,3619 601,3618 653,3616 704,3615 756,3614 808,3613 859,3612 911,3611 963,3610 1014,3609 1066,3608 1118,3607 1169,3605 1221,3604 1273,3603 1324,3602 1376,3601 1428,3600"/>
                <TextEquiv>
                    <Unicode>hübschen, kleinen, verborgenen Zimmern, in denen ein</Unicode>
                </TextEquiv>
            </TextLine>
            <TextLine id="r1l159" custom="readingOrder {index:158;}">
                <Coords points="1442,3627 2388,3630 2477,3624 2477,3582 1442,3585"/>
                <Baseline points="1455,3620 1505,3621 1555,3622 1606,3623 1656,3623 1707,3623 1757,3623 1808,3623 1858,3622 1909,3622 1959,3621 2009,3620 2060,3620 2110,3619 2161,3618 2211,3617 2262,3617 2312,3616 2363,3616 2413,3615 2464,3615"/>
                <TextEquiv>
                    <Unicode>Phantasie, das Lächeln des Ueberwundenhabens:</Unicode>
                </TextEquiv>
            </TextLine>
            <TextLine id="r1l160" custom="readingOrder {index:159;}">
                <Coords points="2492,3647 3263,3647 3294,3636 3294,3605 2492,3608"/>
                <Baseline points="2505,3641 2543,3641 2582,3640 2621,3640 2660,3640 2699,3640 2737,3639 2776,3639 2815,3639 2854,3639 2893,3639 2931,3639 2970,3638 3009,3638 3048,3638 3087,3637 3125,3637 3164,3636 3203,3636 3242,3635 3281,3634"/>
                <TextEquiv>
                    <Unicode>Schicksale, in eine Atmosphäre gestellt, die</Unicode>
                </TextEquiv>
            </TextLine>
            <TextLine id="r1l161" custom="readingOrder {index:160;}">
                <Coords points="389,3670 1442,3646 1441,3607 1376,3603 388,3626"/>
                <Baseline points="401,3659 452,3659 503,3658 555,3658 606,3657 657,3656 709,3655 760,3653 811,3652 863,3651 914,3650 965,3648 1017,3647 1068,3645 1119,3644 1171,3643 1222,3642 1273,3640 1325,3639 1376,3639 1428,3638"/>
                <TextEquiv>
                    <Unicode>hübscher, vornehmer, junger Mann eine reizende, kleine</Unicode>
                </TextEquiv>
            </TextLine>
            <TextLine id="r1l162" custom="readingOrder {index:161;}">
                <Coords points="391,3695 2482,3666 2059,3614 390,3645"/>
                <Baseline points="403,3693 506,3695 609,3695 712,3694 816,3693 919,3691 1022,3689 1125,3686 1229,3683 1332,3680 1435,3677 1538,3674 1642,3671 1745,3668 1848,3666 1951,3664 2055,3663 2158,3662 2261,3663 2364,3664 2468,3666"/>
                <TextEquiv>
                    <Unicode>Geliebte umarmt. Inmitten dieser gegensätzlichen Cassian und Leisenbobg. Die Höhe, das Auflösen der</Unicode>
                </TextEquiv>
            </TextLine>
            <TextLine id="r1l163" custom="readingOrder {index:162;}">
                <Coords points="2740,3679 2916,3677 2951,3707 3070,3700 3094,3677 3167,3691 3197,3724 3307,3732 3311,3637 2742,3642"/>
                <Baseline points="2754,3674 2781,3676 2808,3676 2835,3677 2862,3677 2889,3678 2916,3678 2943,3678 2970,3679 2997,3679 3024,3680 3051,3681 3078,3681 3105,3683 3132,3685 3159,3687 3186,3690 3213,3693 3240,3697 3267,3701 3294,3707"/>
                <TextEquiv>
                    <Unicode>zesen und Eigenart spiegelt,</Unicode>
                </TextEquiv>
            </TextLine>
            <TextLine id="r1l164" custom="readingOrder {index:163;}">
                <Coords points="1930,3693 1943,3691 1949,3693 1951,3690 1957,3692 1972,3690 1968,3664 1955,3666 1944,3662 1926,3665"/>
                <Baseline points="1944,3689 1958,3687"/>
                <TextEquiv>
                    <Unicode>—</Unicode>
                </TextEquiv>
            </TextLine>
            <TextLine id="r1l165" custom="readingOrder {index:164;}">
                <Coords points="2470,3710 2596,3697 2680,3716 2703,3700 2793,3695 2813,3708 2840,3695 2921,3703 2921,3669 2774,3674 2732,3640 2696,3653 2559,3653 2470,3634"/>
                <Baseline points="2483,3695 2509,3693 2536,3692 2562,3692 2589,3691 2615,3691 2642,3691 2668,3691 2695,3691 2721,3692 2748,3692 2774,3693 2801,3693 2827,3693 2854,3693 2880,3693 2907,3693"/>
                <TextEquiv>
                    <Unicode>Schnitzlers W## und</Unicode>
                </TextEquiv>
            </TextLine>
            <TextLine id="r1l166" custom="readingOrder {index:165;}">
                <Coords points="2041,3713 2065,3716 2107,3692 2130,3703 2164,3690 2180,3701 2382,3694 2382,3663 2343,3652 2317,3670 2215,3654 2193,3669 2144,3669 2126,3650 2094,3666 2042,3660"/>
                <Baseline points="2055,3695 2081,3693 2107,3693 2133,3692 2159,3692 2185,3692 2211,3692 2237,3693 2263,3694 2289,3694 2315,3695 2341,3695 2368,3695"/>
                <TextEquiv>
                    <Unicode>ui ad . 4.#</Unicode>
                </TextEquiv>
            </TextLine>
            <TextLine id="r1l167" custom="readingOrder {index:166;}">
                <Coords points="2303,3757 2418,3732 2487,3755 3186,3725 3186,3694 3094,3674 2733,3705 2303,3684"/>
                <Baseline points="2317,3703 2359,3710 2402,3716 2445,3720 2488,3723 2531,3725 2573,3726 2616,3726 2659,3725 2702,3724 2745,3722 2787,3720 2830,3718 2873,3716 2916,3713 2959,3711 3001,3710 3044,3709 3087,3708 3130,3709 3173,3711"/>
                <TextEquiv>
                    <Unicode>RR N. . RRARTIRT ADAATRL </Unicode>
                </TextEquiv>
            </TextLine>
            <TextLine id="r1l168" custom="readingOrder {index:167;}">
                <Coords points="405,3767 1890,3719 1888,3674 1602,3662 403,3704"/>
                <Baseline points="417,3747 490,3745 563,3744 636,3742 709,3740 782,3738 855,3736 928,3734 1001,3732 1074,3730 1147,3728 1220,3726 1293,3723 1366,3720 1439,3718 1512,3716 1585,3713 1658,3710 1731,3708 1804,3704 1877,3702"/>
                <TextEquiv>
                    <Unicode>Schauplätze aber lag verschlossen und behütet sein Wichtigkeiten.</Unicode>
                </TextEquiv>
            </TextLine>
            <TextLine id="r1l169" custom="readingOrder {index:168;}">
                <Coords points="1748,3775 1863,3769 2021,3728 2061,3744 2302,3733 2300,3688 2017,3705 1951,3690 1918,3713 1888,3696 1858,3714 1745,3712"/>
                <Baseline points="1759,3738 1785,3739 1811,3740 1838,3740 1864,3740 1891,3739 1917,3738 1943,3737 1970,3735 1996,3733 2023,3731 2049,3729 2075,3727 2102,3725 2128,3723 2155,3720 2181,3719 2207,3717 2234,3716 2260,3715 2287,3715"/>
                <TextEquiv>
                    <Unicode>etehr. uh Arhur Ang</Unicode>
                </TextEquiv>
            </TextLine>
            <TextLine id="r1l170" custom="readingOrder {index:169;}">
                <Coords points="2670,3804 2749,3816 2791,3811 2806,3800 2841,3817 2857,3808 2862,3813 2877,3799 2896,3799 2893,3752 2865,3761 2833,3757 2823,3765 2794,3751 2773,3760 2668,3764"/>
                <Baseline points="2683,3793 2711,3797 2739,3797 2768,3796 2796,3793 2825,3790 2853,3789 2882,3790"/>
                <TextEquiv>
                    <Unicode>ANS</Unicode>
                </TextEquiv>
            </TextLine>
            <TextEquiv>
                <Unicode>box 39/3
0thBirthdar
Urssüner Fachrichten.
16 MATI
SSR
W.
jeigenes Studierzimmer, der Schauplatz seiner wirk¬
Artur Schnitzler
Eine Quelle seiner dichterischen Kraft: da
lichen, seiner eigentlichen Existenz. Dort las er alle
Die Kraft seiner reifen und meisterlichen
(Zum sechzigsten Geburtstag am 15. Maisdie Bücher, die ihn weit weg von der Medizin führten,
dort war er mit Freunden beisammen, von denen keiner
Aufspüren, Verstehen und Enthüllen der
etwas mit Medizin zu tun hatte. Dort war ein Patient,
Von Felix Salten
hänge. Ein berauschtes, lyrisch gewordene
niesle
wenn jemals einer anklopfte, ein wenig willkommener,] über das Wunder der Liebe; über die Süß
1
störender Besuch. Und dort schrieb er seine ersten Dich¬
mut, Hingabe und beherrschende Gewalt d
Wenn die Nachmittagsschatten über den Wipfeln
tungen, den „Anatol“ und „Liebelei“. Damals hat ihn
über alle unfaßbaren Möglichkeiten des Gl
liegen, fängt dieser alte Garten zu atmen an. Bei¬
die Wiener Gesellschaft, hat ihn die Wiener Presse als
gleich ein schmerzdurchwühltes Staunen, da
nahe hörbar ist es, wie er atmet, wie vom Rasen der
einen jungen Arzt angesehen, der sich seine offenbar
zwei Menschen, die so nahe beisammen gewe
bittersüße, kraftvolle Geruch der vielen kleinen, wilden
glänzende Karriere dadurch verbarb, daß er die Lanne
los weit voneinander abgleiten können; da
Blumen, der Gräser und der lehendigen Erde empor¬
hatte, auf dem Gebiete der Dichtkunst zu dilettieren.
werden vermag, was jemals eins war. Ein
steigt, wie der Dust von den Zweigen und aus den Ge¬
Nur seine Freunde erkannten ihn gleich damals als
tes Staunen darüber, daß die Fülle des
büschen weht. Ganz oben in den höchsten Aesten schla¬
einen Dichter, der bloß durch den Zwang, Medizin zu
ewiger Leere endigt, daß dieses strahlende#
gen und pfeisen die Amseln. Manchmal saust in wun¬
treiben, in seiner Kunst gehindert und beengt werde.
kurze Einleitung ewiger Finsternis voran
derbaren Schwunglinien der Flug einer Schwalbe durch
Aus diesen Anfängen jedoch empfing sein Wesen die
dieser tiefwehende, jauchzende Atem der Leb
den Raum; in überraschenden, beinahe beglückenden
entscheidenden Farben. Die Menschen, die er darstellt,
uns zu jeder Minute ausgeblasen und erst
Linien, die sich wie ein lautloser Jubel in die Luft
sind bürgerliche Menschen voll Kultur, voll geistiger
kann. Dieses doppelte Staunen, aus dem de
schreiben. Irgendwo in der Ferne spielt ein Leier¬
Feinheit, seelisch differenziert und problematisch. Ge¬
einst vor sich selbst, vor sein Schicksal und v#
kasten, irgendwo weit weg läuten die Glocken, irgendwo
stalten aus der Tiefe des Volkes hat er nur wenige
trat, ist in all den Jahren nicht geminde
klingt der gleichmäßige, heitere Hufschlag trabender
geschaffen. Sie tauchen da und dort einmal an der
schwichtigt worden, und der Sechzigjährige
Pferde und leises Wagenrollen; und von draußen her,
Peripherie seiner Werke auf und wirken immer, wie
sich selbst, dem Schicksal und der Welt gege
von den ferner ob liegenden Wiesen, die zum Kahlen¬
aus der Ferne gesehen. In allen seinen Werken ist der
Staunen, wie nur je; in lächelnder Anmut
berg sich hinanbreiten, tönt das Rufen spielender Kin¬
Schimmer eines festlich erleuchteten, eines inbrünstig
in lyrisch=nachdenklicher Melancholie des H#
der. In der bewegten Stille einer solchen Stunde wen¬
genossenen Lebens, und in allen seinen Werken ist die
Entzücken und trunkener Daseinslust dem 2#
den sich, hier in diesem Garten, meine Gedanken und
dunkel schattende, niemals vergessene Nähe des Todes.
gegeben, voll sanfter Weisheit das Leben
Grinnerungen zu Artur Schnitzler, der nun als Sech¬
Denn seine Jugend, hingebracht in den glezenden
lächelnd. In dieser Bilderreihe immer wied
zigjähriger gefeiert wird. Mehr als die Hälfte dieses
Salons der Reichen und in den düsteren Spitälern der
und immer wieder schwindender Liebe, in
Lebens habe ich nahe mitgelebt, vierunddreißig von
Armen, hat immer beides vor Augen gehabt: blühendes
ständig über allem Erblühen schwebenden D
diesen sechzig Jahren. Und alle diese Werke sah ich
Leben und tragisches Sterben.
Welkens, in diesem Umkreis einer Welt, de
entstehen, von Anfang an. Nun fällt die Abenddämme¬
III.
ist von der Wonne des Seins und vom
rung ringsum im Garten nieder, dieses sanfte Dunkel¬
Todes, liegt freilich eine Dagewesenheit, die
werden, dieses Hinschwinden und Einschlummern eines
Von der Liebe sprechen alle seine Bücher, alle diese
und beinahe so alt, wie das Leben selbst. Ar
Frühlingstages, darin so viel Trost mit so viel auf¬
Erzählungen, diese kleinen Dialoge und großen
wühlender Bangigkeit sich mengt. Sechzig Jahre. Das
ler aber hat mit diesen Dingen, die jedem g
Theaterstücke. Von der Liebe und vom Tode. Auch
ist: sehr viel Vergangenheit, ist Abenddämmerung und
nur gespielt. Sein eigenes Spiel gespielt.
wenn sie sich anders geben, auch wenn sie manchen sinn¬
sanftes Dunkelwerden. Aber es ist auch immer noch
diesen Hintergrund, vor den wir alle treten,
reich unsinnigen und erstaunlichen Verknüpfungen des
eine starke Gegenwart, und es gibt immer noch ein
gezeichnet. Sein eigenes. Und aus diesem.
Schicksals nachspüren, auch wenn Streit, Aufruhr,
der jeder formenden Hand willig ist, hat e
neues Morgen.
Tapferkeit und Not des Daseins sie erfüllen und durch¬
AE  1
stalten geschaffen. In seinem Ebenbild.
II.
schüttern möchten, ist ihr Inhalt die Liebe und der Tod.
Welt von Menschen lebt nun mit uns, führ
Eine merkwürdige Kraft und Andacht des Erlebens
Er war ein verwöhnter junger Maun, damals, in
Gedächtnis, in unsrer Kenntnis von der 2
läßt diesen Dichter die blutdurchströmte Schwere der
seinen Anfängen, elegant, vornehm, von Luxus um¬
unsern Erkenntnissen eine lebendige Existe
kleinsten Geschehnisse empfinden, die unauslöschliche
geben, in Sorglosigkeit aufgewachsen. Der Sohn eines
höhter Wirklichkeit. Anatol, der verwöhn
Realität der geringsten Tatsache, die tiefe Folge des
großen, vielgerühmten Arztes und Professors, stand
liker des Genusses, die einfache, süße Christ
flüchtigsten Wertes. Zugleich aber hebt ihn ein geisti¬
Artur Schnitzler mitten im Treiben der glänzenden
„Liebelei“, der edel komplizierte Herr v. Sa
ger Schwung und Auftrieb bis zu einer Höhe, in
Wiener Gesellschaft, war er in den Spuren seines
„Einsamen Weg“, die Herzogin aus den
welcher der atmosphärische Druck von unsern Schultern
Vaters ohne besondere Freude einen vorbestimmten
Kakadu“, der junge Kavalier aus „Literatu
weicht, in der die Wucht des Wirklichen schwerlos und
Studienweg gegangen und nach dem strengen väter¬
tragen die Züge Schnitzlerschen Geistes, all
lichen Willen Arzt geworden. Sein Leben ging damals
schwebend wird, und in der alle Wichtigkeiten sich auf¬
ihrer Gestalt vom Griff und Druck seiner
hin zwischen dem trübseligen Ernst des Spitals und der
lösen. Seine Melancholie und seine nachdenklichen
Hand die Spur. Alle reden so, daß man
Heiterkeit des Salons, zwischen den Krankenbetten der
Traurigkeiten haften am Erdboben: Liebelei. In
ersten drei Worten schon wissen muß: S
Klinik, wo die Menschen leiden und sterben, und den
seiner Heiterkeit aber ist das bessere Jenseits der
Schnitzler. Alle sind in Erlebnisse, in K
hübschen, kleinen, verborgenen Zimmern, in denen ein
Phantasie, das Lächeln des Ueberwundenhabens:
Schicksale, in eine Atmosphäre gestellt, die
hübscher, vornehmer, junger Mann eine reizende, kleine
Geliebte umarmt. Inmitten dieser gegensätzlichen Cassian und Leisenbobg. Die Höhe, das Auflösen der
zesen und Eigenart spiegelt,
—
Schnitzlers W## und
ui ad . 4.#
RR N. . RRARTIRT ADAATRL 
Schauplätze aber lag verschlossen und behütet sein Wichtigkeiten.
etehr. uh Arhur Ang
ANS</Unicode>
            </TextEquiv>
        </TextRegion>
    </Page>
</PcGts>
