3392 4256
1096 261 1554 356 box 39/3
237 276 982 385 goth Birthday
803 1548 1989 1637 * UIETLY eneugh, no doubt, but with a profound
732 1596 1985 1693 G spiritual gratitude many men and women all over the
721 1665 1989 1731 world will turn in their thoughts on the twenty-fifth of this
728 1735 1983 1792 month, which is his sixtieth birthday, to Arthur Schnitzler.
729 1767 1991 1845 It is hard to think-of-Schfitzler as growing old, though the
725 1821 1983 1889 works even of his youth are tinged with the melancholy of
728 1883 1983 1944 one who has thought his way to the end of things. But
733 1928 1998 1985 side by side with this melancholy he always cultivated a
727 1973 1992 2039 Mozartian gaiety and sparkle which age should not touch
733 2041 1997 2099 nor decay tarnish. His many plays and stories have given
737 2089 1992 2149 him a wide international fame. Yet the spirit and mean¬
731 2130 1999 2192 ing of his art are but ill understood. The stories are more
744 2174 1988 2242 than stories, the plays more than plays. He is the least
741 2224 1999 2300 didactic of writers and the most instructive. By a final
745 2273 2010 2357 and relentless dissection of the soul of man he has given
738 2333 1993 2395 us the fullest sense of its actual complexity and of the
744 2402 1996 2452 necessary relativity of all rough and ready moral values.
735 2425 1993 2503 But his relentlessness has been scientific, never bitter nor
745 2480 1997 2555 personal, and has been coupled with the tenderness of a
745 2561 2003 2605 great physician, and the love of beauty of a great artist.
746 2598 1991 2669 All translations wrong him. The prose both of his narra¬
748 2626 2005 2707 tive and of his dialogue is limpid and exact and supported
744 2684 2009 2775 by a delicate inner rhythm which is the very music of his
741 2734 2029 2817 pity, his understanding, his love. His city is erumbling
752 2773 2104 2872 about him. It may never recover. The finest fruit of its 5
750 2849 2013 2910 modern civilization is permanently preserved for mankind
747 2911 1058 2977 in his works.
977 2967 1449 3077 #so
1057 3076 1477 3194 18./7. A.
