3392 4352
781 328 1582 474 day box 39/3
244 358 818 476 60th Birthe
2094 1484 2939 1571 —..  eine Zukumweisung der
1754 1541 2948 1620 russischen Polemik. Der zweite Teil enthält den
669 1550 1763 1642 um die Darstelungen Poincarés über die englischen
1767 1582 2943 1666 Vorschlag, eine Expertenkommission einzusetzen,
162 1588 599 1673 richen Gespirchungen!
585 1609 1771 1691 Verhältnisse zu charakterisieren, führt Garvin weiter aus,
161 1647 604 1725 olgt, ob es nun bis
170 1685 2946 1768 wird, ist nur noch wird zweifellos die auswärtige Politik das Hauptlosungs= um folgende Fragen zu prüfen: a) Russische Schulden:
574 1684 2951 1805 wort bei den nächsten englischen Wahlen sein. Wennb) Fragen des Privateigentums; e) Wiedergutmachung von
1760 1772 2947 1862 höchst verrucht geltenden „Anatol“ und des „Märchen“
157 1818 1761 1915 Pien geboren und war, als Knabe zu „dichten“ begann: Römertragödien, Gedichte,
1764 1826 2954 1909 bennen zu lernen. Auch im Café Griensteidl, dem Haupt¬
166 1860 1764 1967 in allen Biographien! Entwürfe und Versuche aller Art. Aber an Schriftstellerei
1772 1876 2962 1955 quartier des „Jungen Wien“, soll Schnitzler öfter ordiniert
599 1905 1778 1986 als Beruf dachte er auch als Jüngling und junger Mann
1768 1923 2968 1996 haben, allerdings von allerlei übermütigen humoristischen
167 1940 606 2015 gerade dieses Kapitel
608 1950 1778 2042 noch lange nicht. Er machte die Gymnasialmatura, absolvierte
1772 1968 2969 2042 Randbemerkungen der Kaffeehausrunde begleitet. Mein
158 1995 615 2060 chnitzler auch später,
601 1996 1787 2084 in den üblichen sechs Jahren die medizinische Fakultät der
2600 2014 2971 2076 Kuriosität und
1776 2026 2619 2101 Kollege Dr. Sternberg bewahrte als
155 2029 606 2102 gast aufgegeben hatte,
607 2042 1781 2124 Wiener Universität, war trotz seiner zunehmenden literari¬
1779 2071 2962 2147 als Erinnerung an diese gemütlichen Wiener Bohemejahre
167 2077 610 2146 und Gestalten, in den
612 2090 1789 2177 schen Neigungen, Pläne und Freundschaften ein fleißiger
1782 2111 2883 2183 ein von Dr. Artur Schnitzter geschriebenes Rezept auf.
165 2116 613 2202 hit zugleich klinischem
610 2134 1784 2221 Student und promovierte 1885. Von 1886 bis 1888 war er
1775 2163 2986 2243 dem er ihm ein Gurgelwasser verschrieb — natürlich im Café
191 2153 620 2242 ihre Zustände und
615 2185 1781 2260 Sekundararzt im Allgemeinen Krankenhaus bei den Pro¬
1769 2218 2045 2286 Griensteidl.
168 2201 610 2297 erkussion und Aus¬
615 2237 1780 2322 fessoren Standhartner Weinlechner und Meynert. Dann be¬
1868 2220 2975 2315 Aber dann kam die „Liebelei“ und damit der große
180 2258 617 2340 Fällen zu den über¬
615 2274 1788 2359 gann er sich für das Fach seines Vaters zu spezialisieren, die
1784 2293 2984 2375 Burgtheatererfolg und die rasch zunehmende Anerkennung
195 2303 619 2385 zu gelangen. Der
619 2324 1785 2400 Laryngologie, und wurde sein Assistent an der Poliklinik.
1796 2341 2980 2414 und Berühmtheit. Der Dr. Artur Schnitzler schloß sein
177 2353 622 2425 sch keyrt überall bei
616 2367 1786 2449 In diese Zeit fallen schon seine später in der „Schönen
1791 2384 2988 2459 Ordinationszimmer in der Frankgasse, das ja nie übermäßig
172 2401 612 2480 besonderer Liebe und
608 2412 1799 2497 blauen Donau“ erschienenen Gedichte, Skizzen und Sprüche,
1797 2435 2987 2517 stark frequentiert gewesen war, und eröffnete eine neue
196 2436 615 2516 begreiflichen Vor¬
609 2441 1799 2552 aber seine erste größere Veröffentlichung war doch ein Aufsatz
1799 2474 2980 2561 größere und bedeutsamere Ordination: sein dichterisches
192 2476 619 2572 ersten Eindrücke der
622 2499 1802 2598 in der von seinem Vater redigierten medizinischen Zeitschrift:
1792 2520 2989 2604 Schaffen. Denn wie nach einem Worte Hugo Hofmannsthals
618 2546 1801 2638 Behandlung nervöser Stimmstörungen durch Hypnose und
1794 2558 2984 2650 in den Werken jedes produzierenden großen Künstlers irgend¬
174 2568 620 2645 ügsneugierde und auch
628 2595 1798 2677 Suggestion.“ Wenn man will, kann man in diesem Thema
1794 2603 2981 2698 ein bestimmender starker Jugendeindruck immer wieder¬
178 2640 631 2703 nlichen Dingen, wenn
628 2641 1805 2725 schon den späteren Dichter der geheimnisvollen rätselhaften
1809 2648 2993 2740 kehrt, so steht auch hinter allem, was Schnitzler geschrieben
170 2676 630 2753 ir Schnitzlers, seinen
623 2684 1806 2767 Dinge erhennen, wogegen es kaum möglich sein dürfte, einen
1805 2708 2991 2808 hat, immer wieder der Arzt im weitesten und tiefsten Sinne.
172 2724 635 2791 medizinischen Wissen¬
620 2740 1809 2825 literarischen Zusammenhang zwischen Artur Schnikzlers
1799 2749 2996 2826 Seine Praxis wurde die Menschheit und in die Ordination
197 2764 634 2847 Zusammenhang war
621 2777 1809 2869 Werken und dem „Klinischen Atlas der Laryngologie“ zu
1810 2807 2994 2879 dieses Seelenspezialisten kam die lange Reihé von oft unheil¬
214 2807 634 2886 Johann Schnitzler,
178 2814 1817 2927 Piener Universität. Er konstruieren, den er zusammen mit seinem Vater und seinem
1815 2851 2999 2925 baren Patienten, die irgendwie an der Liebe, an der Ehe, am
171 2867 1680 2968 tergrößen dieser Zeit: nachmaligen Schwager, Professor Hajek, herausgab.
1807 2892 2997 2966 Altern und am Sterben litten, und selbst die Hoffnungs¬
720 2899 1819 2995 Alles Spätere aus Artur Schnitzlers kurzer ärztlicher
1815 2933 3000 3018 losesten unter ihnen gingen doch beruhigt und erleichtert aus
182 2957 636 3018 riedmann, die Sänger
640 2965 1810 3055 Laufbahn ist schon schwieriger und nicht mehr so genau fest¬
1803 2980 3009 3060 seiner Sprechstunde. Das ist auch das Gefühl, das man beim
175 2998 652 3070 Künstler stand Professor
639 3022 1818 3105 zustellen. Er unternahm eine ärztliche Studienreise nach
1804 3011 3006 3103 Lesen von Artur Schnitzlers Büchern immer wieder hat:
181 3040 641 3126 hem Verkehr, so daß
645 3045 1825 3149 London, er eröffnete eine Praxis als Kehlhopfspezialist und
1807 3065 3005 3168 das Dankgefühl gegenüber dem guten Arzte, der einer
190 3092 647 3149 und Theatereindrücke
645 3112 1814 3190 ordinierte eine Zeitlang auch dann noch, als er als Schrift¬
1822 3119 3021 3209 an Nervosität Ueberempfindlichkeit und Hypochondrie
176 3143 647 3208 Diese Theatereindrücke
639 3139 1826 3236 steller schon sehr bekannt war. Junge Damen sollen gern in
184 3187 644 3252 ütterlicherseits Doktor
640 3156 3030 3298 seiner Ordination erschienen sein, von keinem anderen Leiden laborierenden Generation geholfen hat, sich selbst zu er¬
174 3232 661 3299 #erarzt tätig war. Das
190 3253 2356 3348 Artur Schnitzler schon geplagt, als der Neugier, den jungen Dichter des damals als kennen und zu verstehen.
