3344 4480
1976 152 2334 247 —
1095 248 1563 351 box 39/3
235 247 957 373 6oth Birthday
152 1072 676 1169 langsam in Schlick und
1768 1090 2949 1176 vier Jahren fuhr ich die gleiche Strecke. Dum
1176 1145 1226 1195 2
632 1217 2988 1289 Schriftsteller= und Dichtergeschlecht abfärbte. „Wenn wir worin eine wehmütige Ironie steckt — im Ausland ein
141 1235 639 1294 en, die sich nur so nennt
1809 1270 2746 1334 Oesterreich, das es, im Inland, nicht mehr gibt.
649 1270 1800 1327 nichts anderes sind, sind wir ein Beispiel“, lautet ein feines,
143 1274 641 1350 nicht einmal an die ver¬
1887 1285 2974 1367 Was haben wir von Schnitzler noch zu erwarten? Die
635 1320 1810 1381 nachdenklich schönes Wort Schnitzlers, und das war Schnitzler
166 1318 641 1381 verspielte Lustsyielwelt
1814 1350 2974 1421 Frage, der man sonst in höheren Semestern beklommen aus¬
646 1368 1803 1424 auch noch in den Pausen seiner Produktion. Ein großer
168 1376 642 1443 flinker Dialogführung
1817 1401 2983 1471 weicht, darf an Schnitzlers sechzigstem Geburtstag frei
638 1400 1807 1464 Schriftsteller — und eigentlich der erste, den Oesterreich in
139 1412 646 1488 rnt hat. Das Unter¬
1816 1442 2976 1506 gestellt werden und wird ihn ebenso wenig wie seine
645 1462 1803 1516 die Welt schickte, denn wir hatten vor ihm große Dichter,
139 1458 634 1534 gen Auffassung, die den
1810 1491 2982 1558 Anhänger in Verlegenheit bringen. An seinem fünfzigsten
639 1501 1805 1567 aber kaum einen großen Schriftsteller, der weit über die
149 1507 638 1566 schließen braucht. Auch
1813 1538 2982 1599 erwartete man von ihm unter anderm, was er seither ge¬
653 1550 1761 1611 Grenzen seiner Heimat hinaus gekannt und gelesen wurde —
154 1561 634 1622 s Mensch zuweilen sehr
1813 1582 2979 1654 geben hat, auch „das" Lustspiel. Nun, Schnitzler hat im
650 1591 1808 1647 ein großer Schriftsteller ist Schnitzler sich in jedem
144 1593 639 1676 seine hinreißend heiteren
1807 1612 2996 1707 abgelaufenen Jahrzehnt zwei Lustspiele: „Fink und Flieder¬
645 1633 1814 1692 Augenblick seines Lebens der Verpflichtungen bewußt ge¬
144 1637 654 1719 Literatur“ — aber er
1814 1675 2978 1736 busch" und „Die Schwestern“ geschrieben, aber „das Lust¬
651 1678 1809 1749 blieben, die eine solche Sendung auferlegt, und hat sie in der
156 1691 648 1761 dichtete aus der Gesell¬
1815 1715 2984 1801 spiel war keines von beiden. Wird er es in Zukunft geben?
651 1728 1806 1793 gewissenhaftesten Weise erfüllt. Menschliche Eigenschaften
157 1739 643 1804 macht, er hat nicht nur
1821 1771 2990 1832 Die auch im Theater höchst unbehagliche Zeit ist dem Lust¬
644 1769 1816 1848 untermalen hier das Bild des Dichters, das aus jenen erst
153 1783 651 1847 französischen Gesellschafts¬
1819 1797 2991 1878 spiel recht wenig günstig, und der Aristophanes, nach dem
657 1810 1815 1885 ersteht; der hervortretendste Zug seiner Persönlichkeit ist eine
158 1829 645 1901 ssen, sondern er ist auch
1823 1863 2989 1922 sie schreit, ist Schnitzler nicht. Anders steht es mit der Form
645 1865 1809 1942 gewisse Würde, die sich nie verleugnet, obwohl sie sich nie
157 1880 640 1947 Schule gegangen, dessen
1818 1906 2984 1964 der Komödie und Tragikomödie, in der wir von ihm nach
657 1920 1817 1979 vetont, ja sich sogar verheimlicht — Schnitzler gibt sich nicht
156 1921 643 1992 halten über das eigene
1825 1954 2991 2010 wie vor das Schönste erwarten können. Vielleicht stilisiert
655 1969 1815 2024 bescheiden, er ist es — und die aus der Lauterkeit seines
166 1971 646 2036 Veranlagung bestärkte,
1816 1997 2988 2053 er den Anatol noch einmal ins Große, über den Casanova
651 2004 1809 2065 Charakters fließt. Gerechtigkeit, Wahrhaftigkeit und Güte
150 2016 645 2080 ieser Einfluß, dessen Ein¬
1820 2044 2983 2106 hinaus, zum Don Juan — ein Don Juan=Stück, das ist
655 2045 1821 2126 sind nicht nur die Grundelemente seines Wesens, sie sind so
160 2063 649 2135 nitzler zu danken haben,
1828 2093 2968 2147 uns der Dichter der „Liebelei“ und des „Weiten Landes“
647 2099 1816 2160 tief in ihm verankert, daß sie auch der leidenschaftlichste
151 2109 655 2175 gt, an Titel anzuklingen
1826 2132 2983 2199 noch schuldig. Die stärksten Hoffnungen aber knüpfen sich
661 2145 1822 2201 Schaffenstrieb und das natürliche Bedürfnis, zu gelten, das
160 2154 649 2214 rofessor Bernhardi“, den
1831 2182 2994 2247 an seine Prosa, die in seiner letzten Erzählung „Casanovas
660 2196 1815 2259 jedem Künstler eigen ist, nicht von der Stelle zu bewegen
146 2207 653 2269 sfeind“ nennen könnte.
1828 2228 2988 2291 Heimkehr“ einen hohen Grad von Vollendung erreicht hat.
650 2234 1817 2304 vermag. Uninteressiertheit, die Goldprobe der Charaktere,
178 2243 661 2317 die ethische Schroffheit
1828 2268 2994 2325 Wie verhältnismäßig dürftig klingt daneben der noch halb
655 2289 1812 2344 zeichnet Schnitzler in höchstem Maße aus, nicht nur als
169 2295 655 2364 Trotzdem ist die geistige
1833 2315 2996 2379 wissenschaftliche Bericht im „Sterben“. Jetzt ist ein starker
649 2324 1821 2406 Mensch, was selbstverständlich, sondet auch als Dichter, was
147 2322 650 2411 nten Stücken unverkenn¬
1829 2364 2998 2425 Wohllaut in seiner Sprache und wenn er in einer seiner
657 2376 1821 2442 leider durchaus nicht selbstverständlich ist. Er ist kein ich¬
158 2391 662 2464 klich so etwas wie ein
1820 2406 2992 2475 Meisternovellen zu erzählen anhebt, so denkt man an die
663 2409 1826 2490 süchtiger Tenor der Literatur, der Schmerzen leidet, wenn ein
1826 2454 3001 2519 Art, wie Meister Rosé mit kräftigem Strich goldklare Töne
673 2475 1824 2527 anderer singt; kein Imperialist des Talents, der nur sich
153 2459 667 2546 kur Schnitzler, auf diesem
1827 2494 2993 2559 aus seiner Geige herausspielt. Dem Erzähler Schnitzler
670 2518 1831 2582 selber kennt; kein Kunstpolitiker und Botschafter des eigenen
155 2525 670 2583 inzig Jahren dem Wiener
1824 2541 3005 2613 möchte man denn auch an seinem sechzigsten Geburtstag
670 2564 1827 2623 Ruhmes. Er ist ein redlicher Arbeiter und ein aufrechter
154 2576 663 2650 gegeben hat, so muß man
1831 2584 3003 2651 einen besonderen Kredit einräumen, auf den seine an Goethes
670 2605 1827 2670 Mann. All das anerkennt sogar die jüngste Jugend, die im
155 2616 667 2681 flang aus den Spielplänen
1831 2645 3006 2696 Vorbild geläuterte Sprachkunst allen Anspruch hat. Auch
670 2658 1816 2715 übrigen, auf ihre „Unbedingtheit“ pochend und alle gesell¬
146 2667 664 2726 begdenken, was man über¬
1836 2681 2993 2742 er hat ja, wie die anderen Naturalisten, Materialisten und
668 2695 1831 2775 schaftlichen Bindungen verschmähend, Schnitzler gänzlich
149 2715 678 2786 kellern an der Stätte ihres
1828 2724 2994 2798 Atheisten von 1890, bei dem großen Heiden schließlich beten
679 2748 1831 2809 überwunden zu haben glaubt. Der Dichter mag sich darüber
159 2762 668 2819 ollte. Tut man es bei
1840 2770 3006 2844 gelernt, dessen Genius den Erzähler Schnitzler ebenso
669 2790 1841 2849 trösten, indem er an seinem sechzigsten Geburtstag etwa die
156 2800 683 2874 kter, so wäre dieses nicht
1844 2817 3008 2880 entscheidend befruchtet haben mag wie Ibsen den Dramatiker.
681 2837 1836 2915 japanische Buchausgabe der „Liebelei“ zur Hand nimmt, die
155 2841 676 2911 nzender und immer geistig
1839 2861 3011 2934 Goethe und Ibsen, das klingt fast vermessen. Aber wer so
672 2889 1832 2959 spanische Uebersetzung seiner Novellen durchblättert, oder sich
165 2900 677 2955 besten Art, die auch den
1824 2915 3010 2981 viel Geist besitzt wie Artur Schnitzler, der weiß auch, daß
679 2928 1834 2992 über die letzten amerikanischen Aufführungen seiner be¬
161 2944 680 3013 stlerische Aufgaben stellen,
1838 2960 3016 3021 es ein Verbundensein im Geistigen gibt, das mit Verbindung
684 2980 1824 3038 liebtesten Stücke Bericht erstatten läßt. Gerade in den letzten
170 2993 671 3062 s kaum geringer ins Ge¬
1837 3008 2739 3076 so wenig wie mit Verbindlichkeit zu tun hat.
685 3029 1837 3089 Jahren ist ja der aus so feinen nationalen Voraussetzungen
159 3035 677 3101 fifluß, der von Schnitzlers
2354 3031 3024 3143 Ruoul Auernheimer. 1
168 3064 1846 3161 vielfach auf ein jüngeres Gediehene völlig international geworden und vertritt jetzt —
