3392 4352
165 247 1625 395 3. 60th Birthdag box 39/3
2887 1062 3351 1166 . Millionengarderobe,
2963 1131 3356 1202 ist. Wird sie ab u
1748 1143 1998 1227 baue hatte.
1842 1165 3361 1246 Eigentlich merkwürdig, dieses geradezu unbegrenzte, un= eruiert, so pflegt
573 1156 1750 1275 Friseurladen Wittek. Zwischen zwei Arbeitern entspinnt sich
1741 1231 3358 1308 wahrscheinliche Vertrauen, das die von Berufs wegen zugeknöpfteste denklich an die Wä
584 1254 1009 1336 folgendes Gespräch:
696 1313 3365 1366 Der ersie Arbeiter: Es ist unverschämt, aller Branchen, der Bankkassier, in die Einbruchsicherheit eines streifen. Das Pano#
580 1321 3362 1439 was diese Schieber sich erfrechen. Während wir mit dem Laufburschen setzt. Ein kleines Erlebnis an einem Bankschalter „berühmter“ Verbre
2977 1388 3355 1485 Ganen schrch, der
1738 1391 2994 1497 hen, ie vie ie Geischnih helt, wan aunch Hermans Mniae
2982 1462 3372 1533 daß die geliebte #
1741 1470 2977 1563 deutlich Porträts der Frau Rat sind. Es mag dies tief in der Dichter¬
2975 1512 3368 1574 Söhne ihm ein off
1750 1511 2989 1587 cele begründet sein, Geheimes und Geheimstes nicht auszusprechen, und
444 1472 1387 1613 . 10 Feuilleton.
2982 1549 3372 1624 schonungsvoll über
1755 1566 2991 1643 so war auch meine Verwunderung vielleicht nicht am Platz, die
277 1568 496 1679 I0
2982 1599 3340 1669 später als Arzt
1756 1610 2984 1689 ich anläßlich enes Artikels zum fünfzigsten Geburtstag Schnitzlers
496 1599 1754 1702 Erinnerungest an Artur Schnitzlers Mutter.
2985 1642 3372 1719 hübsche Professor S
1751 1648 2991 1734 aussprach, daß er die herrliche Mutter, die ihm weit mehr und
2985 1698 3368 1757 seine Frau mit Un
620 1682 1676 1798 Zu Artur Schnitzlers sechzigstem.
1751 1706 2983 1785 länger Mutter gewesen ist, als meist die Frau einem Sohn, in
937 1703 1759 1828 Geburtstag.#4# een
2964 1745 3372 1808 die Frau über alles
1760 1750 2465 1833 keinem seiner Werke vorgeführt hat.
2983 1795 3366 1852 beruflichen Angelege
1362 1792 1819 1885 geg
1860 1776 2985 1863 Obwohl Schnitzler als Sohn eines Universitätsprofessors
2980 1836 3370 1902 sprachlosen Erstaune
1749 1850 2985 1933 und Chefredakteurs väterlicherseits schriftstellerisch belastet erscheinen
884 1839 1412 1943 Klothilde Benedikt.“
2989 1891 3354 1948 einmal in unserer(
1763 1896 2987 1971 muß, stehe ich doch nicht an, das Künstlerische undGestaltende in
629 1894 1769 2007 „Benedetta la madre, che in te sincise“, so läßt sich
2985 1928 3375 2010 eine größere Summ
1764 1942 2992 2025 ihm auf die Mutter zurückzuführen. Leidenschaftliches, tieses und
502 1956 1769 2051 Dante im Paradies von den Engeln begrüßen, den einzigen Vers
2983 1979 3373 2055 güte vor sich se
1755 1991 2994 2066 oft recht kompliziertes Empfinden, das sich täglich bis in die
2990 2014 3376 2105 seines Besitzes war.
511 2021 1758 2099 seines Gesamtwerkes, in dem er die Mutter, die er als Kind ver¬
511 2027 2992 2148 ioren hat, erwähnt. „Gesegnet sei die Mutter, die dich empfangen letzten Lebenstage und trotz eines schmerzlichen Handleidens,
3086 2071 3360 2141 Ihr ältester
1763 2055 2999 2159 das mit ihrer Todeskrankheit zusammenhing, in stundenlangem
515 2115 1761 2185 hat!“ Sind aber Dichtermütter durch das Talent ihrer Söhne,
2988 2103 3360 2188 hochbegabte Kinder
1765 2134 2991 2206 Klavierspiel künstlerisch entlud, war der Mutter zu eigen.
518 2145 1762 2236 das doch meist ihr, nicht väterliches Erbteil ist, wirklich als
2984 2169 3352 2236 Geschwistern hing,
524 2177 2993 2285 zesegnet zu betrachten? Unsere genauere Kenntnis von dem Seelen= Als ältestes der acht Kinder eines Arztes, der das erste Wiener
2992 2224 3360 2279 materiell ein noch
518 2231 2988 2332 eben von Dichtermüttern setzt eigentlich in der Weltliteratur erst medizinische Blatt herausgab, war sie schon, obwohl für die
2980 2256 3385 2331 denen, welche manch
515 2268 2997 2367 mit den Müttern Goethes, Byrons, Grillparzers ein. Geradezu Klavierkunst bestimmt, halbwüchsig ein fertiger kleiner Redakteur,
2991 2313 3364 2380 geworden, lebte sie
509 2298 2990 2420 typisch dürfte aber für eine Dichtermutter und für Dichtereltern der namentlich die Uebeisetzungen aus fremden Sprachen für den
518 2346 3383 2470 das Paar sein, das Ludwig Tieck in seinem „Dichterleben“ als Vater besorgte. Die Zeitung galt als Mitgift der ältesten Tochter, neben der Musik äs
2984 2408 3364 2480 als Hausfrau den
1770 2417 3002 2489 weil der Vater, ein Mann von seltener Charakterstärke und
521 2442 1775 2509 Shakespearesche Eltern unter Benutzung unverbürgter Stratforder
2987 2453 3378 2523 sie jetzt, die Jung¬
1767 2462 2993 2540 seltenem Geist, von dem Schwiegervater, einem baronisierten
521 2487 1778 2578 Traditionen geschildert hat. Die Mutter, die in ihrer stillen Sin¬
1761 2502 3382 2582 Finanzmagnaten, nichts annehmen wollte, da er dessen Tochter, Zirkel zu vereinigen
520 2533 1773 2618 nigkeit, ihrer Gemütstiefe, ihrer Phantasie, die sich im Märchen¬
2983 2540 3384 2617 schrieb und veröffen
517 2553 3001 2661 erzählen an ihre Kinder kundgibt, dem großen Sohn ihr Bestes gibt, seine Gattin, gegen den Willen ihrer Familie geheiratet hatte.
522 2587 3384 2703 selbst unter dem nüchternen Gatten ein Leben lang zu leiden hat. Die Liebe spielte damals bei Verheiratungen des Mittelstandes die ihm zuteil wurd
517 2686 3355 2746 das Talent ängstlich vor dem Vater verbergen muß, unendliche nicht die erste Rolle; lachend hat mir die Regierungsrätin Luise wie der Dichter
524 2681 3380 2810 seelische Leiden eben durch die Begabung des Sohnes zu erdulden Schnitzter oft erzählt, wie nacheinander fast sämtliche jungen Aerzte, Schwernatur, erbt
2984 2729 3385 2800 der Wiener Literat#
517 2788 2995 2845 hat, der nicht nach dem Maße gewöhnlicher Menschen gemessen die irgendwie die Feder führen konnten, vom Vater der Tochter
2997 2787 3377 2854 für Hofmannsthal,
1771 2794 3004 2867 vorgestellt wurden, und wie sie, der phantastische Romantik zur
526 2823 1773 2894 werden kann, endlich durch das Leben zu zermürbt ist, um den
527 2872 3386 2948 Triumph des Sohnes zu genießen. Die krankhaften hysterischen Eheschließung unbedingt notwendig schien, sich mit aller konnte, wie sie mir
522 2937 3386 2994 Neigungen von Byrons und Grillparzers Mutter, bei ersterer in Gewalt so häßlich und unliebenswürdig wie möglich machte, einer Mutter verzei
1768 2935 3382 3007 um keinem zu gefallen. Schönheit schien diesem weit über musikalische Dame
528 2963 1768 3036 einem Nervenschlag, bei letzterer in Selbstmord endend, haben sich
1769 2974 3358 3055 ihre Jahre reisen, weit über ihre Zeit gebildeten hatte, konnte ich
527 3009 1780 3079 deutlich in die Schöpferkraft der Söhne umgesetzt, es ist aber
522 3008 3370 3129 merkwürdig, daß bei beiden ihre Mutter so heißliebenden Dichteen Mädchen als ein Haupterfordernis ihres künftigen Gatten, Recht mit Goethes
1775 3056 3378 3148 weswegen auch mein gewiß jedergewandter Vater, einer ihrer war, dem Sohne si
522 3103 1772 3179 sich wie bei Shakespeare und Molière keine Zeile nachweisen
1778 3105 3391 3195 intimsten Kindheitskameraden, keine Gnade vor ihren Augen fand. beste und aufopferun
528 3148 1771 3219 läßt, die an die Mutter gerichtet wäre, an die Mutter anklänge.
536 3210 3381 3260 Selbst die herrliche Frau Rat Goethe nimmt im Lebenswerk ihres Ich habe dann selten eine harmonischere Ehe gesehen als die,haben, hat lange in
532 3221 3377 3320 Sohnes einen verschwindend kleinen Raum ein, wenn auch Götzens welche sie mit ihrem, von ihr in Vielem grundverschiedenen auch kein Zeugnis
