3344 4480
1081 243 1536 334 box 39/3
206 227 998 349 goth Birthdar
1615 1620 1805 1767 SDAOR
351 1732 2756 1826 wurde. Einer Schicht also, die materien ein mehr oper meniger; Schichten in Deutschland geworden (in Frankreich entspricht
161 1767 2756 1896 behagliches Renmerdasein führte, die sich über eben bes####etza Baul Bourget dieser Strömung). Eine Illusionslosigkeit,
361 1797 2756 1918 eben weil ihre ganze Eeistenz auf #sselm“. auf sscelischej die sich eia im „Reigen“ — seinem einheitlichsten und konse¬
1943 1831 2768 1915 zum tapferen Zynismus erhebt. Sonst
376 1861 1934 1956 Probleme“ eingestellt war, sich iherlogisch immee mehr de=jgientelien Werk —
379 1884 2758 1997 klassierte. Die zugleich in ihren besten Bectreisen. iu denen Fleihe 2e in der bloßen — immer „gesellschaftlichen“ immer die
134 1903 372 1973 en Deutsch¬
2229 1910 2767 1990 ironischen Skepfis dieser
130 1956 378 2014 Jahre mit¬
129 1986 2231 2054 euromantik Schnitzler zweifellos gebört, unter dieser ihealonischen De=jguten Manieren bewahrenden —.
380 1960 2763 2072 klassierung schwer litt, ohne deshalb eine P#twes. einen Frscheinungen gegenüber stecken (z. B. „Anaiol*). Wo er jedoch
1560 2000 2762 2064 ##cht, die von ihm und von den menschlich Besten dieser
131 2032 383 2102 Schnitzlers.
367 2033 1572 2101 ideologischen Anschlut an nrteiche lebendinn Slrtingen der
370 2078 2763 2149 Zeit (an Bourgeoisie, Proleiariat — ober selbst an die Staats== Schicht mit Verzweislung empfundenen Probleme zu tragischen
137 2077 372 2129 „Die neue
377 2073 2769 2184 ldeologie des höheren Beamteniums und Mil##tinden ##i Hoße zu erheben (der Schluß von „Liebelei", „Der einsames
136 2115 387 2172 eraus; auch
1564 2108 2774 2194 Beg“, wo er sie von einem breiten gesellschaftlichen Hintergrund
126 2150 394 2211 reitet. Die
150 2140 1567 2226 * Schnitzler können. Für deren inner Zerfahrenkeit die wesrer ge¬
1565 2147 2775 2239 sich abheben lassen will („Der Weg ins Freie"), zeigt sich seine
1561 2191 2765 2269 vollkommene Belangenheit in den bürgerlichen, ja in den mon¬
138 2180 1567 2285 Erscheinung wordenen und darum ironisch aber doch peimich genau
1570 2217 2768 2307 #ainen Vorurteilen. Er glaubt auf dem Wege der einsamen,
139 2221 1566 2326 aus. Noch befolgten äuheren Siiten der Gesellschaf: Wan###n, Rode,
147 2262 1431 2355 ist er dem Konvention) den einzig übrig gebliebenen Hatt vonen.
453 2305 2775 2395 Damit wurde der ganze Prableikreis dieter Schict und der seelischen Vertiesung über die Flachheit der äußerlich¬
387 2344 2764 2429 mit ihr Schnitzlers auf das Teelenleben des beschäftigungs, gesellschaftlichen Problemstellungen herauszukommen — und
140 2338 379 2400 us entrückt.
1559 2339 2775 2428 landet im Problemkreis der „guten Gesellschaft“, der Salons
141 2382 385 2445 eine Gestalt
1575 2390 2405 2467 #u#nd der (vornehmen) literarischen Cafés.
377 2374 1573 2463 losen Menschen beengt. So wurde die Erotik zum Ommehnn
382 2419 1571 2511 dieser Dichtung. So wurde den Zweisel allen Werten“ gegen¬
1634 2430 2768 2510 So ist ihm innerlich jede wirkliche Entwicklungsmöglichkeit
135 2441 382 2512 hne — even¬
381 2466 1567 2550 über ihre Weltanschanung. So m#rde die „Sei#nmnng“ ihr
1571 2479 2776 2569 versagt geblieben: er stellt immer wieder dieselben „Probleme“.
131 2487 391 2564 rkes zeugen.
390 2508 1569 2588 fast ausschließliches Ausdrucksmittel. Daß diese drei Fest¬
1582 2503 2781 2600 nur aus der Perspektive seines jeweiligen Alters dar. Weil
127 2539 388 2602 genwärtigen
124 2540 1574 2631 atsache, daßi stellungen nur dieselbe Sache von deei verschiedenen Seiten
1581 2555 2777 2642 er sich aber innerlich nicht entwickeln kann, bedeutet das Altern
130 2576 1585 2666 it gerät, in beleuchten, bedutf woohl kaum eingebendee Elhelerung. Der
1668 2581 2786 2667 keine menschliche Vertiesung. Im Gegenteil, der Wider¬
1586 2632 1687 2676 an*
128 2622 1577 2721 chen scheint. alte Koder der bürgerlichen Werei konnte für diese Schicht,
1584 2618 2789 2713 spruch zwischen der wirklichen Bedeutung seiner Probleme und #
141 2667 1576 2740 Er ist eine für deren Lebenshaltung und Belataitse er nich zugeschnitten
1572 2673 2786 2752 der Bedeutung, die er ihnen zuweist, tritt mit dem Alter ?#
123 2703 1575 2779 Die Geistes=j war, nicht mehr passen. Anderseits ###e Il; jede offene und
1586 2704 2785 2792 immer greller zu Tage. Dazu kommt, daß die von ihm?
140 2739 1575 2829 Ausdruck er##are Auflehnung gegen sie, jeder rey#l#######te Akzent fern¬
1590 2750 2782 2832 repräsentierte Schicht nur in Blütezeiten des Kapitalismus*
144 2769 1580 2855 zu spielen. siegen. Sie har den Glauben an ihre alle. Klassenideale
1578 2786 2785 2889 geheihen kann. Die Krise scheucht sie aus dem Zustand ihrer
398 2801 1581 2892 verloren. Da sie aber nicht gewrillt wan #n; die materiellen
1629 2821 2783 2907 #e#hanlichkeit auf. Sie ist in dem Kampf ums Dasein des ##
128 2844 395 2906 ich über die
395 2853 1585 2940 Grmblagen ihree Erisienz zu verzichten, ### #### deshalb die
1576 2858 2791 2944 Kapitalismus mit eingezogen. Ihr größerer Teil der wateriell
141 2871 404 2938 eder formell
392 2890 1585 2975 ###oziale Grunslage i#ter Eristenz nimals n#ar werden konnte,
1594 2905 2789 2980 schwächer war, wird auch materiell deklassiert; der Teil, der
138 2920 411 2995 künstlerischen
392 2932 1587 3003 ####nte se aus ibeolegich Erzialsergn ihre Gians ens¬
1591 2929 2790 3025 sch muteriell halten kann, kann sich teils dem Kampf nicht mehr ?
400 2968 1583 3048 losigkeit durchschauen. Sie winde ablen. Sozialen gegenüber
1595 2978 2787 3062 entziehen (schon im Kriege) und ist, wenn das nicht der Fall,
133 2990 402 3061 turbewegung
398 2998 1587 3087 septisch. Damiit hat sich ober i iie de. gnize Uimkreis des
1593 3009 2791 3101 viel zu schmal, um noch einen dichterischen Ausdruck erhalten
140 3047 403 3103 zu schilbern,
398 3041 1584 3132 mens#nichen Ha#zelns auf die wraschen Proble### Vereinsamter
1586 3057 2781 3141 zu können. Und die „neuen Reichen“ stehen viel robuster und
135 3080 405 3138 erständlichen
391 3078 1583 3157 Zweisser terrziert. And da Deie Iweifler und Verzweifelten
1578 3102 2773 3172 primitiver zu den vom Kapitalismus gebotenen Lebensgenüssen,
141 3111 404 3175 ratur geseul¬
393 3129 1583 3215 #ngleich Menschen i#een denen bei — Wie immer verfeinerte —
1596 3149 2788 3214 um die „Feinheit“ eines ironischen Zweifels auch nur begreifen
141 3147 404 3214 . Für das
1013 3167 1065 3213 „l.
407 3172 1589 3238 Gennt des Fetens im Mittelpenkt all ihrer Interessen stand,
135 3191 421 3254 er von keiner
1586 3202 1844 3272 zu können.
418 3205 1589 3278 blieb als alleiniger Lebensinhan als alleiniges Band zwischen
128 3243 410 3291 eber von der
1659 3216 2791 3294 So ist Arthur Schnitzler in seinem 60. Lebensjahr der##
404 3243 1600 3318 den vereintomten Menschen #e Erotik übrig. Diese jedoch,
1596 3271 2806 3345 Repräsentant einer völlig, auf Nimmerwiedersehen versunkenen#
405 3283 1594 3359 jeber Stavitkt#r jedes Rürkgrats, ans une aus einer allgemeinen
136 3294 412 3381 . noch von
1589 3301 2797 3378 Entwicklungsphase. Er selbst ist keineswegs groß genug, um
414 3316 1596 3392 (also gelenschaltlichene Welt der Werte und Ideale entstehen
147 3338 410 3406 entsaltenden
2454 3351 2797 3410 herauszuragen.
1594 3348 2421 3425 aus diesem Versinken — rein dichterisch
410 3355 1582 3431 kann berandt biele nichts mehr als eine Reihe von genußreich
138 3393 405 3438 #rde. Arsbilr
1593 3396 2799 3459 Er hat heute höchstens als zeitgeschichtliches Dokument einer
411 3382 1601 3475 durchgeloneten, nachträglich skeptisch oder ironisch beleuchteten
148 3428 411 3487 mmer särser
1605 3439 2440 3513 vergangenen Epoche eine gewisse Bedeutung.
411 3455 710 3524 Stimmingen.
132 3457 403 3525 en des 1#g
2437 3462 2756 3546 Georg Lukács.
484 3455 1596 3543 Schnitzler ist durch seine Illusionslosigkeit der eigenen
139 3491 413 3558 Biehung zum
141 3523 1618 3618 feben beraubt dichterischen Welt gegenüber zum bedeutendsten Dichter dieser!
2443 3530 2553 3605 W
