3344 4480
1035 250 1486 331 box 39/3
643 257 882 343 hday
171 310 724 351 —
353 908 1328 1013 ADOLF SCHUSTERMANN
287 998 1398 1108 ZEITUNGSNACHRICHTEN-BUREAU
443 1097 1226 1145 BERLIN SO. 16, RUNGESTR 22-24
367 1143 1226 1257 Zeltang, Berliner Volkszeitung
722 1230 1062 1297 # Morgen-Rusgebe
378 1283 859 1375 Adrasse, Berlin
802 1380 1221 1468 14 MAISZ
386 1433 611 1496 Datum:
526 1504 1190 1590 Jubilar Arthur Schnitzler.
305 1569 1490 1632 Am 15. Mai, also morgen, wird Arthur Schnitzler sechzig Jahre
258 1627 1480 1667 alt. Dreißig Jahre steht er nun im Vordergrunde der Literatur.
254 1647 1483 1708 Neue Richkungen sind gekommen und vergangen; jüngere Wett¬
253 1683 1492 1737 bewerber stürmten vor und verschwanden irgendwo, andere traten
260 1724 1488 1773 an seine Seite, — aber keiner war da, der ihm den Ruf des repräsen¬
259 1769 1481 1812 tativen Dichters Deutsch=Oesterreichs streitig gemacht hätte. Den
262 1808 1478 1847 Rhythmus jener von Melancholie überschatteten Heiterkeit Wiener
262 1847 1472 1888 Lebens, den seit mindestens zwanzig Jahren jeder Sommerfrischler
255 1879 1477 1927 spielend konstatiert, hat dieser sensitive dichterische Mensch zuerst in
261 1909 1477 1963 eine heute noch zwingende Form gebracht. Diese mit allen Organen
261 1950 1478 1992 der Seele aufgefangene Melodie, verleiht seinen epischen und dra¬
262 1980 1477 2041 matischen Werken ihren diskreten Zauber, rettet vor Banalität, wenn
256 2040 1484 2072 er sich auf den abgetretenen Boden des Gesellschaftsstückes begibt.
256 2057 1483 2109 läßt selbst in der Tragikomödie von Salonpuppen, wie im „Weiten
264 2097 1477 2152 Land“ die natürliche unverkünstelte Anmut ihres Schöpfers ahnen.
261 2134 1485 2190 Er hat das, was so wenige unter den neueren deutschen Dichtern ihr
270 2187 1475 2224 Eigen nennen dürfen: das Wissen um die Seele liebender Frauen.
271 2208 1476 2262 Wir haben stärkere Dramatiker, aber keinen, dem so viele lebensechte
272 2244 1486 2304 Frauengestalten gelungen wären. Man soll den Geburtstag eines
262 2278 1480 2338 Künstlers, der mit seinen Früchten nicht gekargt hat, nicht mit
261 2321 1478 2369 biographischem Kleinkram und von Belesenheit zeugenden Notizen
266 2370 1471 2418 entweihen. Der Dichter des „Anatol“, der „letzten Masken“, der
265 2401 1470 2448 „Dämmerseelen“, der „Hirtenflöte“ ist keine literarische Paradeleiche,
277 2437 1475 2490 sondern ein lebendiger Mensch, dem wir auf den Geburtstag einen
270 2474 1477 2520 Strauß leuchtender Frühlingsblumen wünschen. Aber keine ge¬
265 2525 1458 2569 lehrten Abhandlungen und erst recht keine Ehrendoktorhüte! 0.
1927 425 2589 529 Arthur Schnitzler.
1705 529 2792 604 Zum 60. Geburtstage des Dichters, 15. Mai.
2208 585 2314 651 Von
2037 638 2424 708 Dr. G. Fillbogen.
1797 686 2793 756 Dem Dichter, Arthur Schnitzler, der am 15. Mai seinen
1722 743 2790 796 60. Geburtstag feiert, hat Josef Körner ein wertvolles
1728 786 2789 822 Geburtstagsgeschenk gemacht: Die Monographie „Arthur
1723 822 2796 875 Schnitzlers Gestalten und Probleme“ (Vmal¬
1716 861 2638 913 thea=Verlag, Zürich=Leipzig=Wien 1921, 227 Seiten).
1802 900 2794 950 Körner ist ein abgesagter Feind der „Pest des Historis¬
1725 945 2793 983 mus“; ihm kommt es lediglich auf Erkenntnis des Kunst¬
1726 985 2796 1036 werkes selbst an, nicht auf die Kennmis der Biographie des
1720 1024 2793 1070 Schöpfers dieser Kunstwerke und die psychologischen Voraus¬
1720 1061 2800 1109 setzungen ihrer Entstehung. So werden wir denn mit bio¬
1720 1103 2788 1150 graphischen Einzelheiten und allerlei indiskreten Fragen, wie
1730 1141 2789 1192 sie sich bei einem Dichter von Schnitzlers Art für Anhänger
1715 1179 2799 1226 der historisch=biographischen und der psychoanalytischen
1717 1219 2798 1270 Methode ergeben müßten, die Frage z. B. nach den Urbildern
1720 1255 2791 1295 seiner süßen Mädels, leidenschaftlicher Liebhaberinnen und
1726 1288 2799 1349 Ehebrecherinnen, verschont, dafür aber durch genaue Analyse
1711 1333 2655 1384 tief in die Welt von Schnitzlers Dichtug eingeführt.
1802 1365 2790 1411 Er faßt ihn im wesentlichen els Sexualpoeten. Denn
1721 1405 2787 1462 wenn auch Schnitzler mehrfach sich auf anderes Gebiet be¬
1725 1447 2791 1500 geben hat, die Sexualpoesie bleibt doch seine eigentliche
1724 1497 2790 1534 Domäne, hier sind ihm die ästhetisch vollendetsten Werke gelungen,
1721 1527 2786 1588 das andere ist doch nur Nebenwerk. In der Literaturgeschichte
1711 1565 2610 1613 wird seine Dichtung als Sexualpoesie weiterleben.
1806 1582 2795 1651 Sehr fein macht Körner (denn wenn er auch auf die Be¬
1726 1629 2790 1690 trachtung des Kunstwerkes, eingestellt ist und nicht auf die
1726 1675 2795 1718 Biographie des Autors oder die Geschichte seiner Zeit, so fällt
1721 1708 2796 1765 er nun doch nicht in das andere Extrem, die Zusammenhänge
1727 1757 2796 1800 des Kunstwerkes mit seinem Antor und seiner Zeit völlig zu
1726 1792 2790 1836 ignorieren und das Kunstwerk im lustleeren Raum zu isolieren)
1725 1828 2791 1883 darauf aufmerksam, wie die politisch tote Zeit in Oesterreich, in
1724 1864 2797 1919 der Schnitzler lebte, dem jungen Autor die Beschäftigung mit
1716 1910 2792 1959 den großen Fragen des Weltlebens, vor allem der sozialen Frage,
1724 1951 2802 1998 verwehrte, wie sie ihn zurückwarf auf die Beschäftigung mit der
1716 1986 2788 2021 eigenen Seele, wie um den bedeutsamen Teil des Lebens, den die
1720 2024 2788 2067 Sphäre des Eros ausmacht, mit dem Leben selbst verwechselt
1720 2062 2791 2112 wurde und auf diesen kulturhistorischen Voraussetzungen die
1723 2101 2791 2140 Sexnalphilosophie Schnitzlers entstand — in demselben Jahrzehnt,
1721 2135 2797 2200 in dem — gleichfalls in Wien — Weiningers Sexnalphilo¬
1726 2181 2536 2230 sophie und Freuds Sernakviologie entstanden.
1796 2193 2777 2262 Sernalpoesie, nicht Liebespoesie. Denn das ist ja
1712 2246 2783 2304 die große Frage, wie weit in dem Verhälinis der Geschlechter
1716 2295 2781 2344 zu einander neben der geschlechtlichen Urkraft auch rein feelische
1716 2321 2780 2379 Empfindungen, mich Liebe mitwirkt. Alle Nuancen sind da
1718 2363 2791 2424 vertreten, von der brutalen Herrschaft des physischen Triebes
1720 2412 2786 2463 bei dem alternden Casanova, bis zu dem Kokettieren mit
1718 2438 2791 2490 Liebesempfinden („Liebelei“) und der restlosen, Hingabe der
1715 2486 2784 2529 Geliebten an den Mann. Aber ist das Liebe? — Man wird
1721 2522 2776 2577 vorsichtiger Weise nur von einem „Erregungszustand“
1718 2560 2711 2620 sprechen können, den Schnitzlers Gestalten Liebe nemien.
1795 2601 2780 2658 Haben die wesentlichen Dichtungen Schnitzlers also nur
1724 2640 2782 2686 ein Hauptmotiv, so spaltet es sich doch in eine unzählige
1713 2685 2787 2732 Menge von Einzolmotiven. Die gleichzeitige Liebe eines
1722 2718 2781 2769 Mannes zu zwei Franen und die verschiedenen Konflikte, die
1719 2760 2785 2813 sich daraus ergeben können; das Chaos der Empfindungen
1726 2798 2789 2842 in des Menschen Brust, die gleichzeitig Haß und Liebe, Treue
1724 2840 2800 2890 und Untreue zu beherbergen vermag; die dirnenhaften Triebe,
1720 2876 2787 2927 die auch in der anständigen Fran schlummern; die Steigerung
1713 2921 2785 2974 des Lebens und des Liebeslebens insbesondere durch die
1719 2954 2783 3001 Gewißheit des unentrinnbaren Todes — diese und so manche
1718 2978 2796 3058 anderen Motive Schnitzlers zeigen, daß sein Thema für den
1722 3030 2353 3082 Seelenkeniter schier unerschöpflich ist.
1772 3053 2784 3122 Schnitzker steht all seinen Gestalten mit dem gleichen
1713 3102 2782 3158 Wohlwöllen, mit der gleichen Unparteilichkeit gegenüber. „Als
1718 3146 2786 3195 ein Hiologischer Poet beobachtet er mit unbeirrbarem Auge
1713 3183 2788 3233 das Lebewesen Meusch — und was wäre das für ein Natur¬
1715 3220 2782 3269 forscher, der die Objekte seiner Untersuchung moralisch be¬
1711 3264 2019 3316 urteilte
1791 3298 2777 3344 Dem entspricht auch seine Arbeitsweise. Er löst den Fall,
1990 3339 2777 3388 efaßt, sänberlich heraus und stellt ihn möglichst
1706 3341 1969 3382 den er ins Au
1722 3377 2771 3417 rein dax; wie eine seiner Personen (im Drama „Zwischenspiel")
1713 3415 2782 3465 sagtenmn einem Stück kann ich ja den Fall viel klarer dar¬
1713 3451 2783 3502 stellen, als er sich tatsächlich präsentiert, ohne das überflüssige
1714 3499 2782 3543 episodische Beiwerk, mit dam uns das Leben verwirrt!“ Das hat
1719 3535 2774 3583 allerdings zur Folge, daß seine Menschen häufig nicht in ihrer
1710 3567 2779 3614 vollen Gestalt auf der Bühne erscheinen, sondern nur soviel
1712 3605 2786 3652 von ihnen, als für die Abwicklung des vorliegenden Falles
1714 3648 2786 3684 nörig ist. Es scheint, daß für ihn nicht die Charaktere das
1714 3689 2787 3735 erste sind, aus denen sich die Handlung ergibt, sondern der
1719 3722 2783 3778 Fall, für den nur die Menschen erst geschaffen, um nicht zu
1709 3763 2311 3807 sagen: konstruiert werden müssen.
1798 3803 2720 3850 Immer ist seine Sprache kultiviert und wohlgepflegt.
1794 3841 2778 3888 Körner hat der Versuchung widerstanden, seinen Helden
1717 3887 2785 3938 zu überschätzen; er kennzeichnet genan seine Grenzen. Aber
1707 3922 2777 3978 innerhalb dieser Schrauken, innerhalb des Psychologischen und
1709 3960 2779 4010 Erotischen, meint er, ist er wirklich ein Dichter. Mir scheint,
1712 4006 2790 4056 diese feinsinnige und geschmackvolle Studie ist auch für Schnitzler
1706 4035 2779 4097 in den Tagen, da sein Ansehen durch den großen Erfolg der
1712 4076 2784 4116 „Reigen“=Aufführungen nicht gerade gewonnen hat, eine
1704 4117 2000 4153 wertnalle Gabo.
