3392 4480
1041 254 1497 351 box 39/3
187 282 307 347 60
179 281 1011 386 „oth Birthday
1162 1600 1246 1666 KW
1596 1588 1724 1667 E
1083 1647 2946 1711 das, was in ihm fremd in das auch im üblen Sinne das Leben gerichtet. Die Aufführung mag anders
134 1656 1092 1709 Militär an Zynismus, Geräumigkeit des Denkens
1082 1704 2019 1764 jesuitische Oesterreich blickt, ist in „Professor Bern¬
141 1697 1085 1767 zumuten durfte, beweist die Tatsache, daß „Leutnant
2007 1701 2273 1778 gewesen sein!
1096 1745 2033 1805 hardi“ enthalten. Schnitzler wie Grillparzer sind in
158 1746 1091 1817 Gustl“ geschrieben werden konnte. Daß des Autors
2357 1754 2480 1850 VI
1088 1789 2021 1847 Oesterreich als protestantische Geister, als Deutsche
142 1790 1097 1856 militärische Laufbahn an ihm scheiterte, ist wiederum
1080 1829 2024 1903 aufgetreten. Als Deutsche einer Art, die es freilich
172 1834 667 1917 mehr als selbstverständlich.
2041 1832 2953 1903 Revolution tut not. Die jetzige Revolution rich¬
1087 1886 2006 1946 nicht gibt. Was nichts gegen diese Art sagt. Jeden¬
2000 1883 2955 1957 bt sich schnurstracks (man sieht es an den Folgen und
563 1901 701 1976 IV.
1092 1913 2011 1994 falls raht im Oesterreichischen das Heil des künst¬
2001 1944 2952 1997 euch an den vorbereitenden Erscheinungen) gegen die
1089 1972 1662 2046 lerischen Wesens Deutschlands.
203 1956 1097 2030 Der Protestant behandelt nicht die Sinnlichkeit,
1997 1966 2955 2041 leutige Formierung, nicht zum mindesten gegen die
167 2023 1100 2080 er blickt zu ihr empor. Das kommt vielleicht davon,
2000 2015 2965 2086 ikonomische, der Sexualität. Die Familie ist Gott
120 2035 177 2088 o.
139 2060 1111 2128 daß er unsinnlich ist. Ein protestantischer Bizet ist
1991 2071 2953 2143 ei Dank noch allen an nationalem Herdfeuer erhitzten
1114 2063 1991 2140 Eine Anmerkung über den „Reigen=Skandal.“
144 2100 1109 2184 nicht möglich. Ein protestantischer Stendhal auch
2020 2107 2943 2176 gednern hart in Gefahr. Jede Kristallisation des
1142 2131 2022 2199 Nun noch über das Erotische in Schnitzler: Es hat
154 2149 1101 2209 nicht. Ein protestantischer Dante ein Non¬
2016 2159 2950 2213 Sozialen scheiterte bis jetzt an der Familie, die das
1098 2182 2018 2246 nämlich einen Reigenskandal gegeben. Schnitzler hat
156 2200 1093 2255 sens. Das Wirksame an der Dante'schen Liebe ist die
2021 2189 2948 2263 Schwammige ist. Das martialische Verhalten der
1088 2235 2021 2296 damit nichts zu tun. Die Wiener Kultur hat wohl
167 2229 1101 2293 Verachtung, die ihr beigemengt ist. Ohne diese Ver¬
2011 2233 2963 2309 Gesellschaft gegen den Einzelnen, des Einzelnen gegen
99 2277 180 2329 die
1100 2279 2019 2332 einen starken Schuß Genüßlichkeit in sich. Jeder
170 2269 1093 2341 achtung, ohne ein gewisses skuriles Element ist nichts
2014 2285 2965 2348 die Gesellschaft schlägt da vrinzipiell immer fehl,
99 2323 179 2374 5
1100 2302 2019 2380 Wiener von Kultur führt aber die Skandalbetonung
162 2331 1099 2391 Großes in den Künsten möglich. Goethe war eine
2006 2330 2961 2398 Freud und Wedekind, wenn man sie sich gegenseitig
1091 2353 2020 2428 des Sinnlichen, die dem Berliner Leben eigen ist,
97 2372 1101 2428 Fr“ dunklere Figur als man meint, in die helle protestan¬
2018 2377 2944 2437 unterstützen läßt, sprechen Unendliches über die Anti¬
1092 2409 2014 2462 auf einen Mangel an Temperament, Genußfähigkeit,
106 2411 187 2467 sei
166 2421 1100 2475 tische Lichtflut gestellt. Es ist katholisch an Schnitzler,
2018 2414 2959 2484 erotik der Familie. Die Keimzelle und das Refugium
110 2455 177 2510 ste
1090 2445 2013 2508 Phantasie zurück. Schnitzler hat sich im Erotischen
160 2467 1104 2513 daß er die Liebe zwischen Ja und Nein bringt. Die
2022 2454 2949 2525 des Kapitalismus ist das Erbrecht. Für den Bauer
1090 2499 2020 2560 selten geschmacklos gezeigt bis auf „Anatol“ der ein
161 2508 1102 2575 Figur des süßen Mädels ist eine Gestalt voll vegeta¬
2014 2508 2955 2569 ist die Familie auch, wie die Bürger oft entsetzt
1091 2522 2024 2603 hechstaplerischer Gymnasiasten= und Kapitalistenwitz
171 2556 1101 2609 tiven Mitleids und klagt laut die Vergänglichkeit der
2010 2542 2962 2613 einander berichten, Arbeits= und nicht Lebensgemein¬
1096 2587 2022 2641 über die Liebe ist. Vielleicht erweist sich gerade in
156 2587 1093 2661 Welt. Das vegetative Mitleid ist das am meisten
2025 2597 2955 2661 schaft. Der Arbeiter wird von der Familie leicht
1089 2635 2026 2685 dieser einmaligen Schmutzigkeit jene Möglichkeit zur
167 2630 1100 2710 Unverstandene am Oesterreicher, das Grillparzerhafte.
2014 2635 2955 2713 lassen, weil sie ihm nichts bietet. Wedekind zeigt,
1075 2666 2023 2732 Brutalität, die nötig ist, um die Liebe ganz und gar
2025 2695 2944 2754 welch wunderbare, sozial nützliche Raubtiere Kapita¬
1078 2713 2022 2782 nicht mißzuverstehen. Schnitzler hat dann später den
97 2712 193 2796 en
2019 2723 2960 2791 listen sind, die nichts zu verderben haben. Eine
1104 2762 2020 2823 „Don Juan“ als etwas den Riesentieren der Urwelt
96 2776 194 2833 Eli¬
213 2744 1093 2817 Aber Schnitzler ist auch ein Schüler Ibsens, des
2023 2772 2960 2837 Sache von metaphysischer Schönheit und Klarheit!
1098 2809 2014 2868 Verwandtes erklärt, der den Frauen ein süßes und
98 2821 184 2876 er¬
165 2809 1099 2880 protestantischen Optimismus. Das Oesterreichische ist
2021 2817 2962 2883 Alle höheren Güter werden von der unsentimentalen
1097 2841 2019 2912 erhabenes Grauen einflößt, dessen siegreiches Blut
171 2854 1119 2927 eigentlich herber deutscher Wein, nur mit einem
106 2863 184 2923 eit
2019 2855 2967 2943 Kühle und der künstlerischen Sachlichkeit einer neuen
105 2898 2018 2961 her ewigeren katholischen Aroma. Schnitzler denkt wie aber dem Degen des Feindes sich verwandter fühlt
2014 2915 2446 2991 Kultur nur gewinnen.
1096 2929 2026 2996 und den Uebertreibungen der Künste, als den Frauen,
168 2951 1105 2996 alle Oesterreicher viel über den Wert des Glücks nach,
104 2953 185 3014 an
2041 2941 2964 3026 Wir gehen aus den ersten täppischen und grau¬
1105 2976 2053 3054 die er harmlos beschläft. Wir denken an den Herzog
174 2994 1097 3050 doch sieht er nicht den Hobel „und hobelt alles gleich.“
99 2986 181 3055 15
2012 3015 2960 3093 samen Dilettantismen des technischen Zeitalters in
102 3029 2032 3096 on Er steht wie Grillparzer durch Bildung über aller von Cadignan im „Grünen Kakadn“ und den Fabri¬
2022 3062 2969 3129 ein edeltechnisches. Der Krieg war verhältnismäßig
103 3076 2033 3138 tie Läßlichkeit. Es droht ihm nicht die weglose Melan=Ikanten in „Das weite Land“. Schnitzler ist einer
2024 3110 2968 3170 eine Winzigkeit: Was war und was sein wird, ist
1096 3099 2029 3178 der wenigen Deutschen, die eine Tendenz zum eroti¬
176 3124 1110 3186 cholie eines Raimund, noch die Rabeneinsamkeit, die
107 3134 187 3191 Ein
2020 3146 2961 3213 schon. Seitdem der Grieche seine wirklichkeitsferne
184 3156 2037 3224 durch Nestroy's Werk hindurchblickt. Er ist zu der ischen Heldentum zeigen. Der „Reigen“ ist nun eine
97 3179 191 3237 ar,
185 3226 2971 3268 österreichischen Trostlosigkeit in Distang. Sein Stück jKomödie der reinen Liebesetikette, ganz unter den Mathemalik in die Welt brachte, als das erste gewalt¬
108 3212 188 3272 de
113 3227 2973 3336 hen Protestantismus, sein Glaube an den Verstand, all Blicken eines Denkers gereist und martialisch gegen same phusikalische Experiment gemacht war, wurde
