3344 4256
1997 218 2285 287 —
1082 312 1524 401 box 39/3
194 319 987 428 6oth Birthdar
726 1160 1532 1279 Gral Awwald w, 4.4.e Sun
1640 1164 2722 1281 den Kenner der russischen Verhältnisse gar¬
524 1245 1616 1315 schoß Riga, um dann lbis nach: Petersburg vor¬
1643 1236 2730 1333 nicht zweifelhaft sein, daß alle solchen Vorrechte
533 1285 1628 1384 zudringen, und zog sich kläglich nach Deutsch.
1644 1300 2735 1380 sofort wieder rückgängig gemacht werden
529 1343 1627 1421 land zurück, um dort von Zeit zu Zeit bei
1657 1339 2738 1428 würden, sowie die Situation sich auch nur im
544 1397 1624 1483 monarchistischen Gelegenheiten als Sinnbild
1659 1383 2734 1500 geringsten Grade für Rußland gehessert haben
541 1435 1636 1521 der grenzenlosen Verblendung unserer Zeit auf
1667 1451 2733 1533 sollte. In solchem Falle würde zum kummu¬
541 1489 1628 1580 der Bühne der Oeffentlichkeit zu erscheinen.
1665 1489 2744 1587 nistischen Liede sogleich auch die Begleilung
542 1537 1628 1626 Endlich machte der persönlich hochpatriotische
1747 1580 2743 1665 Man hat den Poeten mit Murger verglichen.
1673 1634 2754 1733 Die Holländer, bei denen er eben hoch geehrt
830 1653 1382 1762 Feuilleton.
1673 1694 2738 1768 zu Gaste weilt, nennen ihn den Wiener Mau¬
1676 1722 2756 1833 passant. Die Literaturhistoriker der einen Rich¬
1677 1782 2754 1873 tung preisen ihn als Apostel der neuen Wie¬
840 1794 1370 1904 Arthur Schnitzler.
1681 1845 2753 1918 ner Dichtkunst und Dramatik, jene des anderen
640 1871 1657 1956 Das zeitgenössische Wien ist nicht arm an
1681 1876 2751 1973 Lagers stoßen in das Horn der Parteipolitiker
550 1924 1658 2001 literarischen Köpfen. Aber man muß sich zu
1671 1945 2749 2020 und der konfessionell Orietierten: also besten¬
565 1972 1647 2066 dem immerhin peinlichen Bekenntnisse be¬
1679 1976 2758 2075 falls Feuilletonist für die „Neue Freie Presse“.
561 2020 1652 2126 quemen, daß die Quantität bei Weitem die
1776 2008 2751 2109 Aber Arthur Schnitzler ist eine mächtige
570 2072 1657 2178 Qualität übertrifft. Es sind wiele, allzu viele
1689 2078 2761 2182 Individualität. Arthur Schnitzler geht in aller
572 2119 1667 2210 Talentchen und kleine Genies, verkannte und
1688 2125 2770 2213 Zurückgezogenheit mit seiner Zeit. Und wer
568 2174 1670 2256 noch ringende, allein nur wenige Talente und
1693 2178 2768 2271 den „jungen Medardus“ wer den „Professor
579 2246 1512 2327 große Geister, erkannte und gelandete.
1699 2227 2774 2325 Berhardi“ geschrieben hat, ist weit, weit mehr
665 2265 1674 2357 Der Dichter Arthur Schnitzler wird
1698 2275 2776 2360 als der entzückend flatterhafte Anatol, der von
582 2333 1669 2414 sechzig Jahre alt. Der Wiener Arthur
1698 2323 2783 2410 Blume zu Blume schwebt, um ein ins Wieneri¬
586 2380 1677 2466 Schnitzler wird sechzig Jahretalt. Natürlich sind
1707 2375 2778 2470 sche verpflanzter Don Juan, seinen Liebestraum
586 2427 1679 2508 sofort die konfessionellen und die rassepoliti¬
1709 2435 2774 2515 als einziges Lebensziel und als einzigen Lebens¬
590 2470 1679 2568 schen Spürhunde auf der Fährte: für sie heißt
1707 2498 2163 2575 inhalt zu träumen.
597 2523 1680 2610 es dann eben einfach: der Jude Arthur Schnitz¬
1802 2522 2792 2618 In aller gebührenden Bescheidenheit und
596 2568 1680 2657 ler wird sechzig Jahre alt. Und die Feier die¬
1714 2589 2790 2661 mit rückhaltloser Anerkennung meiner dama¬
590 2620 1677 2709 ses Marksteines in der Lebenszeit eines Bedeu¬
1716 2624 2800 2711 ligen Jünglingsfreiheit darf ich für mich das
591 2679 1684 2767 tenden wird ihnen zu einem ebenso gleichgül¬
1716 2670 2791 2773 Verdienst in Anspruch nehmen, die erste kri¬
595 2740 1690 2811 tigen Anlasse wie jene des Geburtsfestes eines
1723 2722 2786 2820 tische Studie über Arthur Schnitzler veröffent¬
1721 2786 2799 2857 licht zu haben. Als Neunzehnjähriger besuchte
606 2796 1023 2867 Bezirksrabbiners.
700 2816 1689 2916 Arthur Schnitzler hat lange und arg unter
1724 2827 2803 2918 ich den Dichter hochklopfenden Herzens, um
605 2868 1694 2964 der Zugehörigkeit zum Judentume zu leiden
1722 2872 2791 2965 von ihm biographische Daten für das Werk¬
608 2915 1693 3015 gehabt. Was ihm mit dem „Leutnant Gust!“
1722 2917 2798 2999 chen zu erbitten. Er empfing mich in seiner Bi¬
605 2965 1694 3066 passierte, mutet uns heute wie eine Reminiszenz
1735 2984 2809 3070 bliothek und gab mir ein Mittel für meinen
609 3017 1695 3109 aus vergangenen Jahrhunderten an, heute, da
1729 3025 2807 3101 toll schmerzenden Backenzahn. Die Biographie
609 3075 1699 3156 die Wirklichkeit um ein Tausendfaches derber
1728 3080 2808 3174 jedoch, die verweigerte er mir. Er mochte
609 3112 1696 3208 mit den Privilegien der Militärkaste aufge¬
1735 3114 2816 3211 es in jenen Tagen noch weniger daß man mit
613 3171 1704 3257 räumt hat, als damals die Phantasie des No¬
1737 3171 2815 3253 ihm viel Aufhebens mache. Und dabei blieb
619 3220 1710 3295 vellisten an ihnen bescheidenst zu rütteln wagte.
1741 3214 2806 3302 es. Als ich ihm dann das fertig gedruckte Büch¬
620 3264 1709 3353 Und zugleich ist Arthur Schnitzler der hervor¬
1734 3265 2815 3367 lein übersandte, dankte er mir äußerst liebens¬
615 3312 1718 3392 ragende Dichter geworden, obwohl es mit den
1748 3353 1947 3417 würdig.
623 3369 1708 3454 goldenen Distinktionen des k. k. Assistenzarztes
1829 3348 2824 3468 Seither sind mehrere Studien über Arthur
632 3447 974 3522 aus gewesen.
920 3576 1908 3753 KU U
2752 1131 3284 1241 Sie mich fragen, was
2750 1209 3282 1292 das Beste wäre, so #Wi
2756 1260 3285 1339 ob es die Nationalvers
2762 1310 3284 1388 ein Zar oder etwas an
2760 1356 3215 1443 ich, daß aus
2761 1409 3280 1486 se lbstdiekünftig
2761 1452 3274 1531 gewalt heraussp
2766 1544 3287 1633 Schnitzler erschienen.
2770 1604 3292 1675 wie ohne Widerspruch
2763 1656 3291 1735 keine ist aus einer sd
2771 1708 3287 1779 aus entstanden wie mn
2788 1753 3280 1837 sünde, keine war so
2783 1815 3256 1899 Dichter eingestellt!
2782 1861 3252 1932 vielleicht heute, da
2785 1908 3232 1988 verbundenen geisth
2785 1962 3258 2041 ten Enthusiasmus uf
2791 2006 3254 2083 kraft oder Sachken
2788 2062 3242 2139 drängten, doch das
2799 2100 3283 2200 Arthur Schnittzler ein
2883 2158 3241 2233 Ob Schnitzler g
2799 2204 3282 2276 er versprach? Wozu
2804 2252 3279 2335 Frage abquälen? Un
2801 2301 3249 2378 den hat er uns g
2808 2346 3291 2435 unser Gemüt versteh
2801 2402 3290 2484 gen zu lassen, tief s
2812 2450 3284 2526 gie der Menschen,
2820 2502 3291 2571 der Wiener Frau, W
2813 2553 3223 2624 Wienerische ist
2820 2595 3283 2673 Grundzug seines D
2825 2643 3284 2728 dieses Wienerische
2815 2695 3292 2779 schaltet, da die Men
2825 2751 3257 2825 schwunden sind,
2823 2800 3246 2874 Max, eine Mizzi,
2819 2843 3298 2924 ren, in denen dasW
2831 2899 3176 2990 und sündigte.
2921 2913 3302 3026 Das Wienerisch
2832 2995 3283 3072 verscheucht, den S#
2840 3038 3299 3122 überliefert. Aber A
2839 3094 3288 3175 Eigenart überlebt
2841 3142 3279 3222 nerische, das ihm
2849 3188 3285 3267 Boden und Folie f
2838 3238 3290 3329 gewesen. Deshalb
2850 3274 3306 3368 erst kürzlich gesch
2843 3347 3300 3425 Standpunkte dieser
