3436 4352
332 336 1584 483 Ith Birthday box 39/3
247 374 372 467 60
433 1472 561 1538 —
209 1466 409 1551 15. Muli.
1602 1484 2772 1577 Hier ist vielleicht zu erkennen, wie Lloyd=George, wenn er
422 1478 1596 1574 erneuernder Krifen. Lloyd=George, der Anreger, ist mit dem
198 1541 433 1608 geblieben.
1600 1546 2773 1623 von Genua nach London zurückkehrt, in der Heimat sprechen
429 1552 1597 1626 Erfolg der Konferenz beinahe in seinem Dasein selbst ver¬
201 1588 436 1650 Auf dem
1598 1597 2777 1672 und unter welchen Druck er Frankreich stellen wird um
420 1594 1598 1661 knüpft und man mußte sich sagen, daß er für sie kämpfen
168 1635 429 1695 uswärtigen
1597 1631 2773 1703 nach Genua doch noch durchzusetzen, was in Genua nicht ge¬
429 1644 1594 1723 würde wie ein Löwe, daß er alles daransetzen würde, sein
187 1684 425 1746 Kurse sind
1595 1678 2784 1771 lungen ist. Das sind die leisen Hoffnungen, die uns bleiben,
427 1688 1595 1774 Ziel zu erreichen, das, aller Phrasen entkleidet und in große
182 1727 427 1792 chsten, noch
1599 1742 2793 1815 aber sie werden überschattet durch die Enttäuschungen, die
421 1740 1595 1812 Linien zusammengefaßt, ursprünglich die vier Punkte ent¬
184 1773 435 1838 se in Wien
1594 1787 2462 1876 wir im Monat von Genua erleben mußten.
430 1772 1603 1867 hielt: Wiederaufnahme Rußlands ins Wirtschaftsleben, An¬
185 1823 436 1886 63, Lei 68,
426 1817 1611 1918 erkennung der Sowjetregierung, vernünftige Beschränkung
184 1870 429 1946 kronen 180,
435 1878 1603 1968 der Reparationsforderungen und Erörterung der Währungs¬
1610 1945 2787 2045 eines großen Dichters kennt, bewundert und liebt, je mehr
186 1953 448 2044 Steigerung
1608 2011 2785 2077 es in seinen Gestalten und Problemen persönliche Züge
179 2019 453 2097 te, da aus
806 1991 1249 2124 Feuilleton.
190 2060 439 2126 assende An¬
1615 2053 2788 2123 und Zusammenhänge vermutet und zu erkennen glaubt,
1613 2098 2793 2166 auch von der Person des Dichters mehr erfahren will, als
176 2096 454 2184 äufe kamen.
199 2152 457 2228 verzeichnete
1619 2137 2786 2215 im Konversationslexikon und in der Literaturgeschichte
684 2123 1396 2219 Artur Schnitzler, der Arzt.
1616 2182 2799 2261 steht. Denn gerade das Wiener Publikum steht ja unwill¬
181 2192 439 2261 n 12 Uhr
435 2205 1622 2300 Ein ungeschriebenes Kapitel seiner Biographie.
1615 2232 2789 2313 kürlich zu Schnitzler in einem vertraulicheren Verhältnis,
186 2235 440 2320 Mark 35.50,
772 2262 1285 2344 Von Ludwig Hirschfeld.
1611 2280 2792 2358 weil es in seinen Theaterstücken, seinen Novellen und
526 2306 1616 2386 Eine wirkliche Biographie Artur Schnitzlers liegt auch
1621 2326 2789 2400 Romanen so vielen guten Bekannten begegnet, weil der
192 2325 457 2414 1.81 (gegen
446 2368 1620 2443 an seinem sechzigsten Geburtstag nicht vor. In den letzten
1616 2388 2796 2454 Zuschauer, der Leser darin zu Hause ist, wie in oft durch¬
187 2388 455 2450 rt 519.75,
192 2430 450 2487 7.32), Mai¬
443 2404 1617 2494 zwanzig Jahren ist eine Reihe von Büchern, Broschüren und
1625 2413 2798 2499 schrittenen Gassen, wie auf oft gewandelten Wienerwald¬
190 2472 444 2532 dapest 0.67
449 2457 1623 2534 Abhandlungen über ihn erschienen, Darstellungen seines
1617 2451 2800 2533 wegen und weil die acht Bände der gesammelten Schriften
201 2510 445 2570 ), Warschau
444 2507 1614 2583 literarischen Werdeganges, Analysen seiner Werke, aber
1621 2507 2804 2576 Artur Schnitzlers nicht bloß Dichtung, Literatur sind,
198 2550 456 2632 pelte Noten
437 2553 1623 2628 von seiner Person, seinem äußeren Lebensweg wird nirgends
1623 2556 2817 2627 sondern ein kleines Museum des Wien der letzten dreißig
439 2603 1613 2683 Ausführlicheres erzählt. Das liegt vielleicht an der Zurück¬
1616 2622 1943 2694 Friedensjahre.
448 2640 1622 2718 haltung, die der Dichter selbst in diesem Punkte immer ge¬
1706 2653 2805 2743 Wie das Wien des jungen Artur Schnitzler war,
452 2697 1632 2768 wahrt hat, an einer mit den Jahren, mit dem Berühmt¬
1624 2703 2795 2788 namentlich das bürgerliche, das intellektuelle und lebens¬
450 2734 1621 2813 werden immer mehr zunehmenden Scheu, die Aufmerksam¬
231 2740 450 2849 „Ein
1621 2752 2811 2851 lustige, daraus kann man sich aus dem „Anatol“ aus der
450 2784 1634 2863 keit der Oeffentlichkeit mit etwas anderem in Anspruch zu
1625 2809 2805 2891 „Lievelei“, dem „Märchen“ und den Novellen des Bandes
453 2832 1624 2921 nehmen, als mit seinen Arbeiten. So wie Schnitzler jede
191 2834 447 2932 Frauen
1624 2850 2807 2944 „Die Frau des Weisen“ ein ungefähres Bild machen. Aber
454 2871 1621 2947 öffentliche Polemik, jede Debatte ängstlich vermeidet, so
1628 2899 2798 2982 wie war er selbst damals zwischen Zwanzig und Dreißig?
462 2915 1635 2994 vermeidet er auch jedes Hervortreten seiner Person. Auf
182 2910 451 3013 pe Hai¬
1635 2939 2818 3019 Ein leichtsinniger Melancholiker, wie der Anatol, oder ein
449 2962 1630 3043 die Frage nach biographischen Daten pflegt er prinzipiell
1628 2991 2806 3067 skeptisch=ironischer Liebesraisonneur wie Freund Max?
458 3013 1632 3098 nur zu antworten: „Ich hin am 15. Mai 1862 in Wien
197 2998 460 3102 hsen zu
1623 3045 2819 3108 Seine Bilder aus der Zeit sagen darüber einiges aus: der
463 3064 1627 3134 geboren und war Arzt.“ Das genügt seiner Ansicht nach
1636 3082 2819 3165 Jünglingskopf mit der Studentenmähne, der nach Pariser
210 3087 463 3195 Riesz.
455 3100 1632 3190 vollständig und mehr braucht man über ihn nicht zu wissen.
1636 3132 2816 3206 Mustern stilisierte junge Mann mit dem Spitzbart und der
540 3157 1630 3233 Diese Schweigsamkeit in rein persönlichen Dingen
1631 3176 2825 3250 beginnenden Schnitzler=Locke. Auch die unveröffentlichten
461 3224 1637 3293 entspricht durchaus der ganzen menschlichen und künstle¬
1637 3221 2820 3313 Jugendgedichte und Skizzen Schnitzlers könnten einiges
380 3264 440 3331 47
213 3268 1646 3346 Presse“, rischen Art Artur Schnitzlers. Aber ebenso natürlich und
198 3253 2836 3408 Pbegreiflich ist #s daß das Publikum, je mehr es die Werke erzählen, er selbst aber antwortet, offiziell befragt, immer
