3344 4352
116 304 952 419 3. 60th Birthday
1114 292 1558 387 box 39/3
862 1092 2436 1157 diesem Blut nie eingeimpft. Es ist eine Welt sozial herrschender Hoch¬
864 1169 2425 1216 aristokratie und eine von zehn, zwölf, vierzehn Stämmen bewohnte — also
867 1214 2448 1261 sind die persönlichen Eigenarten abgeschliffen, die Gebärden und Haltungen
874 1265 2433 1317 sozial und soziologisch vorbestimmt, wie sie sind, das Rückgrat allzu oft
867 1311 2438 1371 gebrochen, mindestens gebogen. Es ist ein weiches Klima, das diese Men¬
867 1356 2438 1422 schen umschließt. Es reißt der Strom mechanisierender Industrie und
865 1420 2440 1475 Weltwirtschaft diese Menschen noch lange nicht mit der unwiderstehlichen
868 1461 2445 1522 Vollkraft der deutschen Entwicklung in die Hast berlinischer Entschlossenheit
874 1519 2441 1570 und die Rüchternheit rein sachlichen Arbeitdaseins — also fehlt ihnen wohl
859 1561 2440 1617 auch, inmitten bäuerlich=landschaftlicher Kultur wie sie leben, von ihr ab¬
863 1605 2436 1662 hängig und mit ihr noch verwoben, der tödliche Ernst des Ethos vor der
866 1649 2443 1706 Geschichte zu verantwortender Arbeit. Bewaffnet mit solchen und vielen
871 1700 2444 1765 anderen Erkenntnissen tritt der Deutsche abermals, nun überlegen mehr
876 1762 2443 1813 als befreundet, an diese Welt heran. Doch sie beugt sich ihm nicht. Sie
867 1812 2445 1861 achtet seine Klugheit, sie bejaht sie, doch sie lächelt. Und antwortet ihm
878 1848 2445 1904 mit blitzschneller psychologischer Zergliederung seines Wesens, stellt das
874 1904 2445 1956 Gleichgewicht der Kräfte plötzlich her, indem sie ihm zeigt, daß sie seinen
872 1941 2443 2013 Seelenzustand nicht geschichtlich, soziologisch, sozialwissenschaftlich begreift,
861 1989 2440 2060 was sie gar nicht will, wohl aber menschlich, und das bis ins Innerste.
876 2044 2437 2101 Lächelnd legt sie seine Schwächen, lächelnd sein Schicksal bloß; lächelnd
902 2107 943 2154 —
933 2089 2446 2151 das erkennt er nun — ebenso das ihre, das sie bis zum Grunde kennt
878 2143 2443 2199 und ohne tragische Bemäntelung, dennoch vielleicht bis zum Tode, trägt.
873 2185 2445 2251 Denn diese Welt, die so instinktiv lebt, kennt sich. Sie kennt sich bis zu
883 2243 2446 2305 dem Punkte genau, wo Selbsterkenntnis den Willen lähmen mag. Dop¬
878 2285 2441 2349 pelt befremdet steht der nationalere Deutsche vor dieser Mischung aus Ein¬
884 2349 2440 2402 fühlung und Hellsicht, Instinkt und Bewußtheit, die ihm unvereinbar
880 2385 2447 2449 scheinen und hier doch leibhaft=seelhaft vor ihm steht. Befreundet, bis er
869 2432 2446 2494 lernt, das Seiende anzuerkennen als Sein=Sollendes und =Müssendes, und
876 2479 2447 2546 darauf verzichtet, dazu anders „Stellung zu nehmen“ als menschlich=emp¬
889 2536 2456 2608 fänglich, freundlich, liebevoll, abbildend, ohne „Urteil“ und ohne den
876 2591 1945 2642 Willen, abzuändern, was gewachsen ist, wie es ist.
940 2618 2441 2693 Gedanken und Erlebnisse wie die eben entwickelten hat Schnitzlers Werk
870 2697 2442 2742 tausendmal in deutschen Lesern hervorgerufen, die Wiens oder des ver¬
881 2728 2442 2789 wandten Stockholms Begeisterung für den Abbildner seiner Welt nicht ver¬
886 2775 2451 2839 standen; hundertmal sind sie zum Antrieb von „Kritiken“ geworden, die
873 2821 2450 2881 ihren Verfassern bis ins Letzte begründet und berechtigt schienen, den An¬
885 2864 2440 2937 hängern Schnitzlers aber seltsam verständnislos und hölzern. Wie oft ist
874 2936 2449 2986 das Vorwalten der Erotik in Schnitzlers Menschenwelt bemängelt worden!
884 2968 2455 3022 Sehen wir jedoch von ein paar frühen Arbeiten des Dichters ab, in denen
874 3026 2452 3083 das „Interesse“ daran allerdings wuchert und die Ruhe der Überschau
888 3061 2447 3131 noch nicht erreicht ist (aber: gab es solche Dichter im Deutschland von 1890
884 3114 2449 3165 bis 1920 nicht?), so bleibt bestehen, daß die erotische Atmosphäre seiner
878 3175 2451 3216 Welt mit stärkeren Spannungen geladen ist als die berlinische, hambur¬
885 3216 2450 3279 gische oder breslauische; daß jene Mischung aus Instinkt und Bewußtheit,
880 3265 2441 3318 Einfühlung und Hellsicht, ungehemmterer Phantasie und ethisch unent¬
893 3313 2451 3372 schiedenerer Natürlichkeit das erotische Leben weit weniger geistig unter¬
893 3365 2456 3433 jocht, anderseits aber von Erotik, sei sie verdrängt oder impulsiv=frei, weit
884 3418 2449 3472 mehr gequält und beschäftigt wird, als Leib und Seele der Nord=, Mittel¬
885 3468 2456 3523 und Süddeutschen; daß der gereifte Schnitzler hieran kein größeres In¬
890 3524 2453 3575 teresse nahm, als die Welt gebot, die er abbildete. Freilich, was immer er
888 3565 2463 3626 an geistigem Leben und gesellschaftlichem Ereignis, an Tiefen des Mensch¬
935 3645 1046 3719 70
