3436 4352
1107 334 1572 437 box 39/3
230 345 997 461 60th Birthday
478 1273 1474 1390 ADOLF SCHUSTERMANN
421 1357 1542 1474 ZEITUNGSNACHRICHTEN-BUREAU
576 1439 1377 1536 BERLIN SO. 16, RUNGESTR. 22-24.
488 1531 1492 1644 Zeltung Neues Wiener Journal
509 1654 1018 1759 Adresse: Wien
1062 1725 1526 1842 12 MAIM2
510 1772 751 1866 Datum:
1371 1822 1512 1895 —
1606 1679 3326 1920 hune i. un 1. Seicher dile den uet Senent ntsanen siet in e.
1618 1853 3332 1952 deutlich Porträts der Frau Rat sind. Es mag dies tief in der Dichter= daß die geliebte Musik
753 1883 1262 2014 Feuilleton.
1612 1900 3363 2008 eele begründet sein, Geheimes und Geheimstes nicht auszusprechen, und Söhne ihm ein oft rech
1614 1959 3339 2052 so war auch meine Verwunderung vielleicht nicht am Platz, die schonungsvoll über sich
1631 2009 3348 2108 ich anläßlich enes Artikels zum fünfzigsten Geburtstag Schnitzlers später als Arzt der H
378 2023 1636 2121 Erinnerungen an Artur Schnitzlers Mutter.
1614 2058 3364 2145 aussprach, daß er die herrliche Mutter, die ihm weit mehr und hübsche Professor Schnitzle
2856 2096 3351 2174 seine Frau mit Unrecht sc
500 2111 1536 2218 Zu Artur Schnitzlers sechzigstem
1623 2105 2880 2207 länger Mutter gewesen ist, als meist die Frau einem Sohn, in
2850 2149 3355 2220 die Frau über alles, sie
801 2162 1217 2251 Gebürtstag.
1624 2172 2344 2265 keinem seiner Werke vorgeführt hat.
1734 2198 3356 2283 Obwohl Schnitzler als Sohn eines Universitätsprofessors beruflichen Angelegenheiter
1612 2240 3362 2352 und Chefredakteurs väterlicherseits schriftstellerisch belastet erscheinen sprachlosen Erstaunens ein
655 2219 739 2349 1
760 2256 1277 2364 Klothilde Benedikt.
1634 2297 3355 2386 muß, stehe ich doch nicht an, das Künstlerische und Gestaltende in einmal in unserer Gegen
496 2330 1643 2412 „Benedetta la madre, che in te sincise“, so läßt sich
390 2392 3342 2464 Dante im Paradies von den Engeln begrüßen, den einzigen Vers ihm auf die Mutter zurückzuführen. Leidenschaftliches, tieses und eine größere Summe zu
397 2391 3330 2516 eines Gesamtwerkes, in dem er die Mutter, die er als Kind ver- oft recht kompliziertes Empfinden, das sich täglich bis in die güte vor sich selbst
392 2479 3281 2563 loren hat, erwähnt. „Gesegnet sei die Mutter, die dich empfangen letzten Lebenstage und trotz eines schmerzlichen Handleidens, seines Besitzes war.
2956 2473 3344 2551 Ihr ältester Sohn
389 2478 2890 2604 hat!“ Sind aber Dichtermütter durch das Talent ihrer Söhne, das mit ihrer Todeskrankheit zusammenhing, in stundenlangem
2869 2532 3356 2595 hochbegabte Kinder hatte,
387 2599 2868 2648 das doch meist ihr, nicht väterliches Erbteil ist, wirklich als Klavierspiel künstlerisch entlud, war der Mutter zu eigen.
2870 2566 3357 2650 Geschwistern hing, und zu
390 2590 2873 2703 gesegnet zu betrachten? Unsere genauere Kenntnis von dem Seelen= Als ältestes der acht Kinder eines Arztes, der das erste Wiener
2868 2631 3359 2701 materiell ein noch glücklich
383 2646 2871 2766 ieben von Dichtermüttern setzt eigentlich in der Weltliteratur erst medizinische Blatt herausgab, war sie schon, obwohl für die
390 2729 3357 2792 mit den Müttern Goethes, Byrons, Grillparzers ein. Geradezu Klavierkunst bestimmt, halbwüchsig ein fertiger kleiner Redakteur, denen, welche manches ha
2863 2719 3360 2796 geworden, lebte sie mit di
389 2713 2881 2851 ypisch dürste aber für eine Dichtermutter und für Dichtereltern der namentlich die Uebeisetzungen aus fremden Sprachen für den
2873 2759 3371 2835 neben der Musik ästhetisch
385 2779 2877 2873 das Paar sein, das Ludwig Tieck in seinem „Dichterleben“ als Vater besorgte. Die Zeitung galt als Mitgift der ältesten Tochter,
2864 2809 3366 2884 als Hausfrau den glänzen
394 2824 2871 2936 Shakespearesche Eltern unter Benutzung unverbürgter Stratforder weil der Vater, ein Mann von seltener Charakterstärke und
2871 2857 3367 2930 sie jetzt, die Jung=Wiener
1634 2886 2874 2960 seltenem Geist, von dem Schwiegervater, einem baronisierten
2870 2898 3368 2979 Zirkel zu vereinigen. Sie
388 2901 1645 2988 Traditionen geschildert hat. Die Mutter, die in ihrer stillen Sin¬
1645 2931 2877 3005 Finanzmagnaten, nichts annehmen wollte, da er dessen Tochter,
385 2952 1652 3043 nigkeit, ihrer Gemütstiefe, ihrer Phantasie, die sich im Märchen¬
1641 2944 3363 3052 seine Gatti gegen den Willen ihrer Familie geheiratet hatte. schrieb und veröffentlichte,
391 2987 1659 3074 erzählen an ihre Kinder kundgibt, dem großen Sohn ihr Bestes gibt,
1650 2995 3364 3097 Die Liebe spielte damals bei Verheiratungen des Mittelstandes die ihm zuteil wurde, wa
382 3028 1666 3114 selbst unter dem nüchternen Gatten ein Leben lang zu leiden hat,
388 3053 3332 3179 das Talent ängstlich vor dem Vater verbergen muß, unendliche nicht die erste Rolle; lachend hat mir die Regierungsrätin Luise wie der Dichter von
387 3144 3317 3220 seelische Leiden eben durch die Begabung des Sohnes zu erdulden Schnitzler oft erzählt, wie nacheinander fast sämtliche jungen Aerzte, Schwernatur, erbie.
397 3145 3374 3260 hat, der nicht nach dem Maße gewöhnlicher Menschen gemessen die irgendwie die Feder führen konnten, vom Vater der Tochter der Wiener Literatur stan
2870 3194 3365 3263 für Hofmannsthal, den sie
391 3192 2886 3323 werden kann, endlich durch das Leben zu zermürbt ist, um den vorgestellt wurden, und wie sie, der phantastische Romantik zur
2871 3227 3378 3312 konnte, wie sie mir mein¬
399 3256 2886 3356 Triumph des Sohnes zu genießen. Die krankhaften hysterischen Eheschließung unbedingt notwendig schien, sich mit aller
2864 3298 3356 3365 einer Mutter verzeihlich.
387 3289 2890 3401 Neigungen von Byrons und Grillparzers Mutter, bei ersterer in Gewalt so häßlich und unliebenswürdig wie möglich machte,
394 3311 3377 3448 einem Nervenschlag, bei letzterer in Selbstmord endend, haben sich um keinem zu gefallen. Schönheit schien diesem weit über musikalische Dame als S#
392 3425 3377 3507 deutlich in die Schöpferkraft der Söhne umgesetzt, es ist aber ihre Jahre reifen, weit über ihre Zeit gebildeten haute, konnte ich sie in
398 3427 3378 3540 merkwürdig, daß bei beiden ihre Mutter so heißliebenden Dichtern Mädchen als ein Haupterfordernis ihres künftigen Gatten, Recht mit Goethes Mutte
391 3479 3372 3585 sich wie bei Shakespeare und Molière keine Zeile nachweisen weswegen auch mein gewiß federgewandter Vater, einer ihrer war, dem Sohne sein Eh
402 3572 3380 3648 läßt, die an die Mutter gerichtet wäre, an die Mutter anklänge. intimsten Kindheitskameraden, keine Gnade vor ihren Augen fand. beste und aufopferungsvoll
401 3622 3375 3695 Selbst die herrliche Frau Rat Goethe nimmt im Lebenswerk ihres Ich habe dann selten eine harmonischere Ehe gesehen als die, haben, hat lange im Dich
402 3615 3381 3747 Sohnes einen verschwindend kleinen Raum ein, wenn auch Götzensl welche sie mit ihrem, von ihr in Vielem grundverschiedenen auch kein Zeugnis dafür
