3344 4352
1070 338 1557 448 box 39/3
663 354 748 427 th
209 355 994 470 60th Birenday
457 1285 1464 1392 ADOLF SCHUSTERMANN
394 1374 1523 1470 ZEITUNGSNACHRICHTEN-BUREAU
546 1445 1361 1546 BERLIN SO. 16, RUNGESTR 22-24.
484 1541 1466 1636 Zeitung: Neues Wiener Journal
480 1663 1001 1766 Adresse: Wien
1045 1736 1493 1851 12 MAIM2
2368 1772 2481 1865 Sge
486 1775 728 1872 Datum:
1705 1792 1861 1876 W
1319 1833 1501 1907 —
1583 1809 3313 1930 [Frau, die wie sie Elisabeth heißt, wenn auch Hermanns Mutter! Gatten schloß, der uns,
1596 1863 3317 1964 deutlich Porträts der Frau Rat sind. Es mag dies tief in der Dichter- daß die geliebte Musik
733 1896 1243 2028 Feuilleton.
1599 1922 3325 2020 eele begründet sein Geheimes und Geheimstes nicht auszusprechen, und Söhne ihm ein oft recht
1588 1973 3317 2063 so war auch meine Verwunderung vielleicht nicht am Platz, die schonungsvoll über sich
1599 2017 3320 2125 ich anläßlich enes Artikels zum fünfzigsten Geburtstag Schnitzlers später als Arzt der H
353 2022 1604 2156 Erinnerungen an Artur Schnitzlers Mutter.
1598 2058 3329 2162 aussprach, daß ei die herrliche Mutter, die ihm weit mehr und hübsche Professor Schnitzle
480 2115 1516 2221 Zu Artur Schnitzlers sechzigstem
1600 2117 3340 2214 länger Mutter gewesen ist, als meist die Frau einem Sohn, in seine Frau mit Unrecht sch
2822 2171 3269 2232 die Frau über alles,
782 2173 1195 2258 Gebürtstag.
1602 2168 2318 2277 keinem seiner Werke vorgeführt hat.
1706 2213 3328 2289 Obwohl Schnitzler als Sohn eines Universitätsprofessors beruflichen Angelegenheiter
927 2235 1067 2305 Von
2833 2261 3328 2326 sprachlosen Erstaunens ein
1582 2273 2847 2357 und Chefredakteurs väterlicherseits schriftstellerisch belastet erscheinen
626 2229 711 2362 4
736 2259 1260 2374 Klothilde Benedikt.
1606 2294 3331 2400 muß, stehe ich doch nicht an, das Künstlerische und Gestaltende in einmal in unserer Gegen#
484 2323 1616 2435 „Benedetta la madre, che in te sincise“, so läßt sich
359 2403 3315 2472 Dante im Paradies von den Engeln begrüßen, den einzigen Vers ihm auf die Mutter zurückzuführen. Leidenschaftliches, tieses und eine größere Summe zu
371 2404 3300 2509 eines Gesamtwerkes, in dem er die Mutter, die er als Kind ver- oft recht kompliziertes Empfinden, das sich täglich bis in die güte vor sich selbst
362 2492 3258 2568 oren hat, erwähnt. „Gesegnet sei die Mutter, die dich empfangen letzten Lebenstage und trotz eines schmerzlichen Handleidens, seines Besitzes war.
2945 2485 3327 2559 Ihr ältester Sohn
1603 2506 2854 2586 das mit ihrer Todeskrankheit zusammenhing, in stundenlangem
360 2544 1621 2613 hat!“ Sind aber Dichtermütter durch das Talent ihrer Söhne,
2834 2533 3329 2601 hochbegabte Kinder hatte,
356 2554 2844 2660 das doch meist ihr, nicht väterliches Erbteil ist, wirklich als Klavierspiel künstlerisch entlud, war der Mutter zu eigen.
2841 2571 3339 2654 Geschwistern hing, und zu
361 2605 2853 2711 gesegnet zu betrachten? Unsere genauere Kenntnis von dem Seelen. Als ältestes der acht Kinder eines Arztes, der das erste Wiener
2850 2638 3341 2700 materiell ein noch glücklich
378 2637 2845 2759 ieben von Dichtermüttern setzt eigentlich in der Weltliteratur erst medizinische Blatt herausgab, war sie schon, obwohl für die
2837 2688 3343 2758 denen, welche manches has
375 2697 2852 2800 mit den Müttern Goethes, Byrons, Grillparzers ein. Geradezu Klavierkunst bestimmt, halbwüchsig ein fertiger kleiner Redakteur,
2838 2739 3333 2804 geworden, lebte sie mit de
1610 2723 2853 2823 der ramentlich die Uebeisetzungen aus fremden Sprachen für den
2843 2782 3334 2843 neben der Musik ästhetisch
370 2772 1616 2856 ypisch dürfte aber für eine Dichtermutter und für Dichtereltern
1619 2792 2857 2870 Vater besorgte. Die Zeitung galt als Mitgift der ältesten Tochter
2844 2829 3331 2888 als Hausfrau den glänzen
376 2815 1629 2903 das Paar sein, das Ludwig Tieck in seinem „Dichterleben“ als
377 2824 2854 2947 Shakespearesche Eltern unter Benutzung unverbürgter Stratforder weil der Vater, ein Mann von seltener Charakterstärke und
2839 2863 3343 2944 sie jetzt, die Jung=Wiener
368 2877 2853 2984 Traditionen geschildert hat. Die Mutter, die in ihrer stillen Sin= seltenem Geist, von dem Schwiegervater, einem baronisierten
2837 2908 3358 2992 Zirkel zu vereinigen. Sie
365 2940 2856 3032 nigkeit, ihrer Gemütstiefe, ihrer Phantasie, die sich im Märchen= Finanzmagnaten, nichts annehmen wollte, da er dessen Tochter,
2843 2967 3342 3044 schrieb und veröffentlichte,
375 2966 2859 3088 erzählen an ihre Kinder kundgibt, dem großen Sohn ihr Bestes gibt, seine Gattin gegen den Willen ihrer Familie geheiratet hatte.
2833 3013 3343 3098 die ihm zuteil wurde, wal
364 3010 2853 3140 selbst unter dem nüchternen Gatten ein Leben lang zu leiden hat, Die Liebe spielte damals bei Verheiratungen des Mittelstandes
2837 3064 3314 3145 wie der Dichter von
363 3079 2857 3180 das Talent ängstlich vor dem Vater verbergen muß, unendliche nicht die erste Rolle; lachend hat mir die Regierungsrätin Luise
1616 3125 3300 3196 Schnitzler oft erzählt, wie nacheinander fast sämtliche jungen Aerzte, Schwernatur erbte.
371 3143 1640 3231 seelische Leiden eben durch die Begabung des Sohnes zu erdulden
370 3210 3352 3268 hat, der nicht nach dem Maße gewöhnlicher Menschen gemessen die irgendwie die Feder führen konnten, vom Vater der Tochter der Wiener Literatur stan
376 3257 3339 3320 werden kann, endlich durch das Leben zu zermürbt ist, um den vorgestellt wurden, und wie sie, der phantastische Romantik zur für Hofmannsthal, den sie
376 3247 3351 3368 Triumph des Sohnes zu genießen. Die krankhaften hysterischen Eheschließung unbedingt notwendig schien, sich mit aller konnte, wie sie mir mein
2848 3298 3332 3366 einer Mutter verzeihlich.
366 3299 2851 3420 Neigungen von Byrons und Grillparzers Mutter, bei ersterer in Gewalt so häßlich und unliebenswürdig wie möglich machte,
376 3322 3352 3456 einem Nervenschlag, bei letzterer in Selbstmord endend, haben sich um keinem zu gefallen. Schönheit schien diesem weit über musikalische Dame als S#
376 3386 3356 3508 deutlich in die Schöpferkraft der Söhne umgesetzt, es ist aber ihre Jahre reifen, weit über ihre Zeit gebildeten haue, konnte ich sie in
381 3482 3351 3545 merkwürdig, daß bei beiden ihre Mutter so heißliebenden Dichtern Mädchen als ein Haupterfordernis ihres künftigen Gatten, Recht mit Goethes Muttel
377 3482 3350 3600 sich wie bei Shakespeare und Molière keine Zeile nachweisen weswegen auch mein gewiß federgewandter Vater, einer ihrer war, dem Sohne sein Eh
379 3585 3350 3652 läßt, die an die Mutter gerichtet wäre, an die Mutter anklänge. intimsten Kindheitskameraden, keine Gnade vor ihren Augen fand. beste und aufopferungsvoll
375 3583 3360 3682 Selbst die herrliche Frau Rat Gocthe nimmt im Lebenswerk ihres Ich habe dann selten eine harmonischere Ehe gesehen als die, haben, hat lange im Dich
383 3642 3338 3788 Sohnes einen verschwindend kleinen Raum ein, wenn auch Götzens welche sie mit ihrem, von ihr in Vielem grundverschiedenen auch kein Zeugnis dafür
