3392 4320
229 278 1568 403 6oth Birthday box 39/3
2815 457 2974 565 874
291 479 440 574 873
991 470 2251 583 1922. Wiener. Medizinische-Wochenschrift Nr. 20
2132 535 2929 631 ET
1378 561 1601 650 —r
1613 629 3002 736 zugleich eine der liefsten Wurzeln der Tranik abgiht, ist diesen:
1223 631 1469 724 ###—
693 651 1234 766 Artur Schnitzler.
1203 706 2995 773 die letzten Endes unüberwindbare Einsamkeit des Einzelnen, und der
391 745 3007 809 Am 15. Mai vollendet Dr. med, Artur Schnitzler sein Zwang zu den Anderen, der Notwendigkeit der Gemeinschaft des
268 777 3008 859 160. Lebensjahr. Auch die Arzte und als deren Sprecher die „Wiener dieschlechts, der-Gesellschaft, menschlicher Beziehung überhaupt. Die
276 839 3003 906 Medizinische, Wochenschrift“ wollen ihren Glückwünsch mit denzahl- Auflösung dieses grundsätzlichen und unaufheblichen Zwiespalles hleiht
272 903 3000 967 reichen anderen vereinen.Es wäre schon die mehrweniger zufällige Tat-lpewige Aufgabe des Menschen. Aus den Losungsversuchen erwachsen
273 943 3010 1011 sache, daß ein berühmter-Dichter aus dem ärztlichen: Stande hervor-die meisten, wenn nicht sogar-letzten Endes alle, Konllikte des
1628 981 3004 1038 Lebens. In gewissen Situationen, Charakteren, Haltungen drücken sich
274 990 1646 1069 gegangen ist, Aulaß genug. Aber hier spinnensich bedeutsamere, wesens¬
278 1045 3001 1092 mäßige Zusammenhänge Daß der Dichter auch Arzt ist, findet in nun diese Grundzüge der Zwiespättigkeit schärfer aus als in anderen,
268 1089 2995 1147 Schmitzlers Werken einen besonderen Ausdruck, Vielleichtwürde man, Solche Situationen sind jene, in eifen-die Notwendigkeit der Gemein¬
282 1122 3009 1214 wühte manndieser Tatsache nicht, urteilen.dürfen, dieser Dichter hätte schaft oder die- Unerbittlichkeit der Einsamkeit mit zwingender Gewalt
276 1172 3006 1255 auct Arzt sein können. Und das nicht, etwa deshalb, weil in seinenlsich aufdrängen: die Situalion der Liebe, die Situationedes Todes.
1714 1225 2999 1296 Ist aber mit den letzten Zeilen nicht gerade der Broblemen¬
271 1218 1667 1313 Sebriften Probleme, die auch den Arzt beschäftigen, Situationen, die
281 1275 2991 1350 auchedieser kennt; eindringlich dargestellt werden, und auch nicht kreis Schnitzler'scher Dichtung bezeichnet?, Fast, alle seine.Werke
275 1328 3009 1408 darum, weil oftmals Arzte: liebevolle, Schilderung finden, sondern handeln irgendwo von Einsamkeit, davon, daß die Menschen letztlich
273 1408 2963 1458 weil die ganze Art der Erfassung des Menschen irgendwie an den ihren Weg allein gehen, allein gelassen werden; davon, daß sie —
1613 1412 3009 1511 wieviel Gemeinschaft „mit andaren, wie innige sie auch gepllögen
270 1437 955 1510 Standpunkt des Arztes erinnert.
2691 1451 2747 1502 9150
395 1469 2993 1546 Man wird sich fragen dürfen, wiesg es denn überhaupt komme, hahen mögen, schließlich im Tode allein, sind; davon,,wie sie verr
278 1505 3002 1598 daß zwischen Kunst und Medizin so oft. nahe Bezielungen bestehen, suehen, in der Liebe, in allen erdenklichen Abwandlungen derselben,
277 1564 3008 1635 Mancher, der als Arzt begonnen, hat sich der Kunst zugewendet sich zu einander zu finden, und, versagen; davon, wie sie sich und
276 1632 3000 1702 und zahllose Arzte haben zu diesem oder jenem Zweig der Kunstl andere über alle fliese Rätsel, über alles dieses Mißlingen hinwegzu¬
2340 1662 2436 1714 14130
2758 1656 3002 1711 a
284 1666 2093 1749 ein inniges Verhältnis. Es ist, wie bei Sprachwendungen oft, nichtfäuschen versuchen.
1740 1696 3014 1792 Verführt durch die Eleganz des Wörtes und eine gewisse Kühle
272 1730 1651 1799 ohne lieferen Sinn, daß wir den Ausdruck: ärztliche Kunst gebrauchen,
1635 1756 3007 1821 der Rede, glauht man in Schnitzlers Schriften den. Auslluß einer
282 1778 1641 1843 wenn auch dieses Wort zunächst eine Übersetzung von „ars. medici“
1643 1805 2999 1879 liebenswürdig-ironisierenden, skeptisch-betrachtenden Auffassung des
284 1818 1640 1885 ist worin, in erster Linie mit „ars“ jedes Können bezeichnet jst.
1642 1847 3008 1928 Lebens zu sehen. Geht man Indes den Problemstellungen auf den
280 1875 1659 1953 Und wenn die Tätigkeit des Arztes mit Recht eine Kunst im eigent¬
1641 1898 3010 1973 Grund, so findet man sie verwürzelt in den letzteh und tiefsten
278 1915 1651 1987 lichen Verstande genannt werden darf, so darf es nicht wunder¬
1637 1958 3006 2032 Fragen des menschlichen Lebens. Natürlich nicht derart, als oh Hier
278 1963 1644 2024 nehmen, daß derjenige; der, diese Kunst betreibt, auch anderen
1634 1991 3013 2094 in dialogischer oder epischer Form philösophische Fragen erörtert
286 2023 1641 2091 Künsten pahesteht. Sind sie doch allesamt einander verwandt und
286 2040 3009 2129 Künstlor ausübend oder empfänglich zumeist nicht nur auf einem würden; dies ist weder Aufgabe noch art des Künstlers, Aber die
1635 2119 3014 2194 ewigen Fragen des Lebens uns parädigmatisch vor Augen zu führen,
284 2120 639 2198 Kunstgehiete.
2719 2139 3004 2216 uaWengSs 181
304 2141 2103 2229 eins.Das eben ist nun die Frage: Worin liegt das Künstlerische —ist er allein imstande.
1734 2180 3011 2256 Dieser Aufgabe wird der menschliche Gestalten und Schicksale
286 2208 1655 2288 besser; Kunsthafte — in der Täligkeit des Arztes? Es trügt diese
1645 2263 3017 2318 formende Künstler nur gerecht, wenn iseine Figuren und verstänc¬
285 2264 1641 2335 ein eigenartig zwiespältiges Angesicht. Denn sie ist auf der einen
1645 2294 3027 2367 lich werden, das heißt wenn er es vermag, die innere Notwendig.
275 2306 1644 2368 Seite bestrebt, allgemeingültige Gesetze zu finden als Naturwissen¬
1634 2349 3007 2425 keit ihres Seins und Tuns einsichtig zut machen. Das kann gelingen
276 2364 1639 2425 schaft,- und auf der anderen ist sie auf den Einzelfall in séiner Einzig¬
1666 2398 3001 2458 — es gibt viele Wege —, wenn er die“ geheimen-Triebkräfte sichtbär
274 2413 1657 2480 keit und Einzigartigkeit eingestellt, auf die Erfassung des Individuellen.
281 2446 3011 2518 Die Art aber, wie sie dieses Individuelle erfaßt, ist die der Kunst, macht, die im Menschén ihr Wesen ’hiaben. Aber- nichtvdurch Pine.
279 2495 3003 2562 Nicht als ein Aggregat von Merkmalen oder als eine Summe von leere Konstruktioften, ’söndern int'lebendigen Gestälten, die für uns
286 2536 3013 2623 Eigenschaften erscheint dem betrachtenden Blicke des Arztes der leben wenn wir das Werk aufnehmen, für den Künstler, da ter# sie
286 2597 3006 2674 einzelne Menseh# er ist ihm ein Ganzes, das aus Teilen nicht auf- schuf.“ Die Lébendigkeit“ der Gestalten eines Künstwerkes ist indes
276 2645 3013 2725 gebaut, in Beslandstücke nicht zerlegt, aus seinen Elementen nicht eine eigenartige, im gewissen Sifne-eine Überlebendigkeit, eben da¬
285 2690 3009 2756 verstanden werden kann; so wenig ein musivisches Gemälde aus dem durch, daß in ihnen nicht nur das züfällige Einzelindividuum, son¬
274 2719 3008 2834 Haufen Mosaiksteinchen verständlich wird, daraus es der Künstler dern, paradigmatisch dargestellt“das schlechthin Menschliche erscheint:
282 2779 3005 2867 zusammensetzt. Und: so wenig die Erscheinung des Menschen Summe Die Art und Weise aber, in der solehe Darstellung geschieht, ist
280 2839 3017 2904 ist, so wenig ist es sein Schicksal. Auch dieses ist keine bloße Reihe mannigfaltig bei den verschiedenen Künstlern. Die“ Psychologie
283 2886 3024 2965 von Vorkommnissen, sondern eine sinnhaft zusammenhängende-Folge Schnitzlers nund ist vielfach die Psvöhelogie des Arztes, Jene¬
280 2941 3021 3006 von Erlebnissen, das heißt von Momenten, die durch das Ganze des nämlich, die uns aus Anlage und Schitksah, aust eigenem Tun und¬
284 2995 3018 3077 persönlichen Seins und Werdens ihre individuelle Bedeutung emp- außenbedingtem Geschehen ein Leben verstehen läßt, wie dem Arzt.
284 3074 3011 3101 fangen. Ganz se erfaßt den Menschen die Kunst. Daß sie ihn darüber aus den gleichen Momenten Genese und Ablauf der Krankheit’durch¬
281 3074 3025 3169 hinaus darstellt, ist ihre eigene Domäne. Die Kunst aber des Künstlers sichtig wird. Im besonderen: jene, mit welcher der Psychöpathologe
1640 3124 3019 3204 Ursache, Anlaß und Werden seelischer Veründerung Begreiste giahn
279 3139 1658 3214 und die des Arztes wurzeln in derselben Grundstruktur dieses.spezi¬
1735 3166 3015 3259 Es tritt aber bei Schnitzler eine Seite stärk in den Vorder“:
286 3200 1353 3268 lischen individifellen Verstehens de Menschen.
1640 3221 3016 3310 grund, die zwar ärztlichem Denken keineswegs fremd, #s## für
407 3226 1654 3305 Der Arzt und der Künstler verstehen den Menschen, sein Tun
1635 3274 3024 3351 grundsätzlich bestimmend, in ihm äber-Hotwendigerweise .
277 3281 1649 3370 und. sein Leiden. Anders, liefer freilich, als es jenes Wort vom „Alles
1641 3331 3003 3407 weniger ausgeprägt ist: der Gesichtspunkt- des Wertes, Nicht als ob
287 3351 1645 3416 verstehen“ meint. Hier ist mehr bezeichnet als jenes mehr ober¬
1638 3380 3011 3443 seine Menschen mit den Eliquetten: gut und böse versehen würden¬
284 3392 1646 3456 flächliche; ich verstehe, daß man so etwas tut. Hier heißt es: ver¬
1640 3426 3019 3498 oder ihnen Schuld angerechnet und Strafe auferlegt würde. Wie der¬
295 3459 1650 3508 stehen, dan dieses eine Schicksal sich gerade so und nicht anders
288 3480 3005 3555 gestaltet hat, aus dieser einen Persönlichkeit, aus ährer Einzigartig- Arzt nur Krankheiten, kennt Schnitzler-nur Schicksale. Aberl wie
1635 3529 3011 3600 der Arzt Krankheit nur an dem Kanon der Gesundheit beurteilt, so
288 3549 1423 3613 keit heraus: in Erfassung des „individuellen Gesetzes“,
391 3605 3027 3652 Es wäre der aber ein schlechter Künstler, und schlechter Arzt, gestaltet Schnitzler das Schicksal an der Norm der Eihik: Est
288 3633 3019 3700 der es letztlich nicht vermöchte, doch über das Individuelle hinaus ist ein durchaus anderes, ob Ethik in diesem Sinne zur-Norm-wird,
290 3714 3001 3744 zum Typischen, zum Allgemein-Menschlichen fortzuschreiten, In ge- auf die grundsätzlich Taten unds Erlebnisse bezogenverseheinen;
284 3726 3021 3795 heimnisvoller Weise spricht sich das Uberindividuelle, das Schlechthin- oder ob ethische Bewertung aufdringlich in den Vordergrund ge¬
285 3773 3012 3846 Allgemeine auch in der Besonderheit des Einzelnen aus. Das Indi- schoben wird. Dieses ist die Weise des Moralisten jene, unter
2534 3828 2663 3889 bi
2773 3819 2993 3880 #ae n
277 3852 2534 3903 viduum ist einzigartig und einmalig und doch zugleich paras anderem, die des Arztesi G#ane u
1715 3869 3019 3931 So sehem wir denn änssder Person des heute zu-Feiernden.
281 3892 563 3966 digmatisch.
397 3950 3026 3980 Dieser — nahezu antinomischen — Struktur der Erfassung des den Arzt, der in der Gestaltung von Kunstwerken und durchesie
279 3965 3010 4032 Menschen entsprechen merkwürdige Gegensätze in der konkreten über sich selbst hinausweisend uns Aufgaben und Anschauungen
285 4002 3029 4090 Wirklichkeit menschlichen Lebens. Mehr vielleicht als anderswovor Augen führt, denen gerecht zu werden zwar'nicht dem Mediziner:
286 4079 3010 4144 drückt sich hier die korrelative Bezogenheit zwischen dem Erfassen Vobliegt, wohl aber dem Arzte. Wir begrüßen in Dr. Artur Schmitzler
298 4102 3035 4206 und seinem Gegenstand sinnfällig aus. Einer dieser Gegensätze, der Inicht nur den berühmten Kollegen, sondern verehren. auch in dem
