3392 4352
280 309 1627 442 6oth Birthday box 39//3
906 915 1073 1004 ——
514 917 773 1004 Brrsen,
1436 961 1657 1026 seite 96 —
506 956 1441 1056 eine jugendlich=elegante Erscheinung. Dieser
1431 973 3386 1065 singen. Die diskrete Art des Herrn Ma= Darsteller erzwang sich denn auch die Teil##### Lul
513 1017 1455 1088 Stimmkrösus zündet allabendlich beim
2338 1044 3393 1129 nahme jener Zuschauer, die den Duft dieser 128 vie
1432 1039 2346 1100 rischka kommt dem Komponisten da sehr
515 1071 1446 1121 Publikum, und zwar merkwürdigerweise bei
2344 1088 3236 1134 Dichtung gemeinhin als Dunst aufnehmen.
1432 1084 2343 1153 entgegen. Ihren vereinten Kräften gelingt es.
516 1110 1444 1172 den Cerele=Tischen und bei dem Mann auf
2335 1130 3245 1186 Jarno selbst verwandelt sich in einen Alten
1427 1139 2342 1197 was sonst in Wien wenigstens keinem Kompo¬
511 1150 1439 1200 der Galerie. Eine zierlich zu nennende
2336 1160 3225 1228 voll abgründiger Dämonie; in seiner Stimme
1430 1181 2344 1241 nisten und keinem Operettentheater gelingt, das
520 1183 1441 1251 Drolligkeit ist da am Werke, die Pointen wie
3222 1173 3406 1258 (25 bio
2340 1223 3226 1272 schwingt das Wissen um alle Zusammenhänge
1425 1224 2350 1298 gewisse fettige pfeudo=gemütvolle Operetten¬
524 1235 1438 1299 älle ins Haus schleudert und etwa eine
2334 1251 3230 1318 des Mysteriums Leben. Laura Zeller traf
1342 1275 1443 1324 ist.
1308 1271 1370 1320 1
521 1260 1329 1336 Nischung Girardi=Marischka
3223 1259 3377 1324 ½29 Lux
1443 1267 2340 1338 timbre zu vermeiden. „Frasquita“ setzt mit
2328 1308 3228 1375 trefflich den schwierigen Ton der Mumien¬
541 1310 1444 1377 hansen soll aus Berlin kommen selbst der
1443 1315 2343 1378 einem Chor ein, der an Tempo und Einfall
3223 1349 3357 1399 3/48 Ki
2340 1359 3226 1410 gestalt, die bald pathologische, bald übersinn¬
538 1353 1445 1429 härfste Kritiker muß dieses frische Talent
1440 1362 2347 1425 das beste der ganzen Operette ist. Dieser Höhe¬
547 1392 1433 1458 nen Pallenberg der Zukunft nennen. An¬
2337 1392 3240 1464 liche Erscheinung ist. Heinrich Fuchs spielte
1442 1399 2345 1469 pun“ wird dann leider den ganzen Abend
3238 1391 3370 1477 9 Ka
537 1436 1444 1482 eblich ist bitterste Not an jugendlichen Ge¬
1433 1429 3236 1511 hdurch kaum mehr erreicht. Zwischen dem den Studenten diesseits der Realität, folge¬
3286 1464 3360 1512 zir
534 1464 1445 1552 ingskomikern. Bitte, Max Hansen wäre
3236 1496 3407 1565 kap
1439 1481 3256 1572 „Reißer“ und dem „Musizieren an sich“ gibt es richtig, doch ohne die seelische und stimmliche
539 1507 933 1587 och zu entdecken!
528 1619 3397 1717 ährige steht heute sich selbst, dem Schicksal sphäre gestellt, die vollkommen Schnitzlers schwingen zu lassen. Dies Vermögen, in all
545 1715 3407 1765 ind der Wi# gegenüber, voll Staunen, Wesen und Eigenart spiegelt. Wie sie jetzt Zwischentöne der Seele, Unterstimmen Frühli
1428 1701 3408 1803 einer nach dem andern an mir vorüber= des Bewußtseins frei zu machen, psycho= Lenzlic
538 1754 1445 1806 vie nur je; in lächelnder Anmut des
2334 1757 3407 1830 logische Konflikte von einer Zartheit, die süßeste
543 1760 2347 1848 heistes, in lyrisch=nachdenklicher Melan= ziehen, fällt es mir auf: von einer merk¬
2340 1801 3388 1878 sich zuvor weder anrühren noch gestalten auch d
545 1822 2345 1913 solie des Herzens, voll Entzücken und würdigen Milde und Reinheit sind sie
2341 1855 3407 1926 ließ, anzurühren und zu gestalten. Diese dieses
1429 1879 2336 1943 alle. Auf keinem von ihnen hat ein trüber
528 1872 1442 1963 runkener Daseinslust dem Leben dahin¬
2341 1892 3407 1970 merkwürdig weiche, nachgiebige, scheinbar der m
1438 1920 2338 2002 Blick des Hasses geruht. Schuldlos sind
529 1940 1433 1997 jegeben, voll sanfter Weisheit das Leben
2325 1951 3405 2022 sorglose Technik, in der dennoch so viel reif un
1432 1970 2073 2058 sie alle. Oder Entschuldigte.
541 1985 1441 2064 rütig belächelnd. In dieser Bilderreihe
2334 1996 3244 2080 wache Aufmerksamkeit, so viel Selbst¬
3224 2004 3389 2068 und g
531 2020 1459 2095 mmer wiederkehrender und immer
2343 2051 3235 2104 erziehung, Straffheit und Frische lebt.
3221 2055 3343 2111 grüß
1500 2057 2343 2137 Der Generation, die jetzt die reifen
531 2078 1450 2143 wieder schwindender Liebe, in dieser be¬
2344 2091 3406 2157 Mit dieser nachspürenden, ausgewogenen, Werker
1436 2115 2347 2201 Mannesjahre lebt, die jetzt sacht schon
528 2129 1459 2194 ständig über allem Erblühen schwebenden
2336 2151 3377 2205 nervenzarten Technik ist er auf die leiden= ietzt si
541 2175 2347 2243 Drohung des Welkens, in diesem Umkreis dem Alter entgegenschreitet, ist Artur
2343 2195 3399 2252 schaftliche Suche nach den Zusammen= dann
1442 2208 2347 2278 Schnitzler innig verbunden. Er ist eines
540 2226 1451 2282 iner Welt, der abgesteckt ist von der
2347 2240 3409 2297 hängen gegangen. Sein kühnstes Experi= wiener
1434 2264 2345 2344 ihrer stärksten künstlerischen Ereignisse,
538 2268 1453 2344 Wonne des Seins und vom Grauen des
2335 2290 3408 2361 ment, die Zusammenhänge zu enträtseln: liebster
1450 2312 2344 2374 ist eines ihrer suggestiven Vorbilder.
540 2312 1451 2402 Todes, liegt freilich eine Dagewesenheit,
2348 2325 3408 2394 „De Ruf des Lebens“. Sein inter= Klang
547 2361 2346 2428 ie so ewig ist und beinahe so alt, wie das Von seiner Art, die Liebe zu sehen, ist
2352 2365 3397 2436 essantester Versuch: „Das weite Land“ Schwit
539 2402 2349 2474 Leben selbst. Artur Schnitzler aber hat das Liebesgefühl dieser Generation be¬
2336 2413 3406 2483 und „Der junge Medardus“. Sein über= manch
1433 2454 2355 2510 einflußt worden; von seiner Art, den
541 2448 1456 2526 nit diesen Dingen, die jedem gegeben
1443 2483 3405 2566 Tod zu denken, ward ihr Vergänglich= mütigstes und freiestes Ergreifen der Zu= Schnit
541 2506 1455 2575 ind, nur gespielt. Sein eigenes Spiel ge¬
540 2575 3405 2617 pielt. Er hat auf diesen Hintergrund, keitsgedanke angefärbt, von seiner In¬ sammenhänge: „Reigen“. Mit dieser an= parzer
541 2621 3407 2657 or den wir alle treten, sein Profil ge= brunst, das Leben zu verehren, ihre Da= mutig federnden, in ihrem Reichtum vettern
2339 2615 3409 2677 schwelgerischen Technik hat er die Farbig= Abgest
550 2637 2370 2707 eichnet. Sein eigenes. Und aus diesem seinslust erhöht und befeuert. Seine
2344 2665 3407 2730 keit eines modernen Lebens, den Prunk sein A
551 2701 2364 2759 Erdenlehm, der jeder formenden Hand weltliche Anmut und seine äußerste Kulti¬
2344 2712 3407 2770 und die Schönheit einer vornehmen und stille,
1447 2748 2354 2803 viertheit haben erzieherische Wirkung ge¬
542 2730 1457 2811 billig ist, hat er seine Gestalten ge¬
1448 2763 3397 2847 übt, und der exklusiv empfindliche Ge= weiten Welt herausgebracht. Man hat durche
554 2779 1462 2857 chaffen. In seinem Ebenbild. Eine kleine
2351 2813 3396 2863 oft, und in einer nur zu nahe liegenden auf de
2345 2835 2400 2884 8
1456 2826 2360 2900 schmack seiner Kunstmittel hat viele
540 2836 1462 2915 Welt von Menschen lebt nun mit uns,
2354 2853 3409 2921 Ideenverbindung, gesagt, aus Schnitzlers Straß
1457 2875 2364 2937 andre ähnliche Exklusivitäten und gute
549 2876 1464 2949 führt in unsrem Gedächtnis, in unsrer
2353 2884 3398 2956 Werken sei der Jubel und die Schwermut es die
551 2939 3406 3016 Kenntnis von der Welt und in unsren Empfindlichkeiten ermutigt. Seine Tech= Wiener Walzer zu hören. Vielleicht ist streich
542 2971 2376 3051 Erkenntnissen eine lebendige Existenz von nik ist in ihrer frühesten Jugend von den
2357 2998 3394 3051 es ebenso wahr, daß seine Instrumen= Schnit
1450 3015 2368 3085 Franzosen erzogen und angeregt worden.
544 3024 1462 3091 erhöhter Wirklichkeit. Anatol, der ver¬
2340 3036 3396 3103 tation gelegentlich an den olendenden dröhnt
1462 3078 3396 3142 Daher rührt der leise Duft nach allerlei Geigenglanz Puccinis erinnert, darin sein de
545 3068 1449 3150 wöhnte Melancholiker des Genusses, die
1448 3117 2366 3179 mondänen Parfümen in seinen ersten
540 3125 1458 3192 einfache, süße Christine aus der „Liebelei“,
2349 3130 3407 3193 das verführerische, sinnliche Strahlen der Fe
1448 3156 2366 3224 Büchern; daher der Name Anatol, der
537 3178 1465 3239 der edel komplizierte Herr von Sala aus
2357 3178 3253 3238 und die prächtig verwirrende Erhaben¬
3235 3186 3409 3253 klingt
549 3179 2362 3279 dem „Einsamen Weg“ die Herzogin aus wie ein Echo, aus Frankreich herüber¬
2351 3223 3403 3302 heit der Großstadt manchmal aufleuchten. pferde
549 3255 2356 3322 dem „Grünen Kakadu“, der junge Kava= weht, in seinen ersten Dialogen auf¬
3242 3280 3410 3344 Mense
2764 3280 2897 3346 VI.
538 3309 2376 3394 lier aus „Literatur“; und alle tragen die klingt; daher auch die elegante, höflich
3242 3330 3406 3383 kann
2434 3328 3245 3407 Wie diese Frühlingsabenddämme¬
540 3340 2367 3441 Züge Schnitzlerschen Geistes alle haben grüßende Verbeugung, mit der sich man¬
2356 3375 3409 3464 rung, die jetzt um mich niedergleitet, sich's
538 3396 2354 3480 an ihrer Gestalt vom Griff und Druck ches seiner Worte zur Pointe schmiegt
2357 3424 3395 3507 sanft ist und doch so erschütternd, so ist ander
557 3422 2374 3537 einer formenden Hand die Spur. Alle und rundet. Dann aber ist ihm aus der
3233 3470 3396 3531 Exklu
2355 3487 3255 3543 sein Werk mild und gelind und dabei an¬
555 3484 2372 3573 reden so, daß man nach ihren ersten drei rastlos arbeitsamen und tiefen Echtheit
3247 3517 3396 3581 schehe
2349 3534 3241 3591 schwellend bis zu einer wühlenden Tragik.
548 3534 2368 3633 Worten schon wissen muß: sie sind von seines Wesens die eigene Technik er¬
3240 3567 3408 3653 Wien.
556 3627 3255 3656 Schnitzler. Alle sind in Erlebnisse, in wachsen, dieses wundervolle Vermögen, Und wi: dieser alte blühende Garten hier
558 3647 3282 3737 Konflikte, in Schicksale, in eine Amo= in einfachen Sätzen Unsagbares mit= wienerisch ist, so ist sein Werk wienerischl
