3344 4352
269 343 1583 453 6oth Birthday box 39/3
2012 508 2805 651 Stockholms Dagblad “7
2294 714 2489 804 1022
2352 773 2772 892 #
2080 832 2888 998 Arthur Schnitzler.
2250 1004 2652 1083 1—
2647 1016 2727 1066 ——
2120 1147 2171 1244 8
2144 1206 2222 1295 348
2271 1981 2668 2052 Arther Schnitzier.
2112 2032 2875 2117 Arthur Schnitzlers 60-ärsdag, som in¬
2081 2100 2881 2180 faller den 15 maj, firas säkert som en
2079 2154 2877 2234 litterär bemärkelsedag i den tysktalande
2086 2218 2873 2298 världen och pä teatrarna givas festföre¬
2077 2256 2878 2376 ställningar av hans pjäser. Huruvida
2081 2329 2877 2416 Schnitzler är värd ropen och äran kring
2077 2393 2874 2471 sitt namn, kan däremot anses tvivelak¬
2074 2453 2860 2531 tigt. Ovedersägligen är han en framstä¬
2077 2498 2879 2587 ende litterär talang med snabbhet och sä¬
2073 2560 2879 2655 kerhet i lakttagelsen och lätthet och ele¬
2068 2636 2876 2719 gans i teckningen. Mest nöje skänker
2084 2690 2876 2771 ivid läsningen av hans böcker och ähö¬
2078 2743 2873 2837 frandet av hans pjäser den ironi, under
2078 2811 2876 2902 vilken han lyfter pä ärbarhetens masker
2068 2860 2877 2949 och blottar skröpligheten, tomheten eller
2082 2918 2877 3012 dastbarheten där bakom. Men man mär¬
2076 2986 2882 3068 ker mycket snart, att hans satir icke ut¬
2084 3051 2877 3135 springer frän nägon högre eller allvar¬
2083 3107 2872 3192 ligare livsäskädning, utan endast är ett
2082 3167 2881 3228 frivolitetens nöje, en skepticism eller denk
2077 3220 2874 3306 moraliska nihilismens lek. Sä mycket
2085 3274 2891 3369 intelligentare Schnitzler är än de typer,
2080 3342 2876 3422 han skildrar, är han dock till sitt inre
2084 3401 2877 3480 väsen lika arm som de. Och den glatta,
2090 3456 2888 3553 artistiskt blänkande ytan i hans verk kan
2087 3521 2839 3604 icke överskyla dess haltlösa ihälighet.
2115 3573 2880 3658 Det är betecknande för Schnitzler att
2080 3640 2879 3721 Ivad han med förkärlek framställer pä
2090 3694 2874 3776 scenen liksom i berättelseform är för¬
2097 3771 2870 3827 konstlingen och förgiftningen genom lit¬
2082 3816 2864 3892 Iteratur, teater och tidningsväsen, fra¬
2068 3865 2876 3958 isen och gesten, vars uttryck och in¬
2080 3925 2886 4007 nehäll stä i omvändt förhällande. Han
2085 4007 2864 4065 är en mycket skicklig analytiker av ka¬
2080 4044 2882 4139 raktärens och den förvridna känslans
2081 4104 2864 4195 sjukdomar, och han sticker med träffan¬
2080 4172 2876 4238 de stygn häl pä erotikens och esteticis¬
