<?xml version="1.0" encoding="UTF-8" standalone="yes"?>
<PcGts xmlns="http://schema.primaresearch.org/PAGE/gts/pagecontent/2013-07-15" xmlns:xsi="http://www.w3.org/2001/XMLSchema-instance" xsi:schemaLocation="http://schema.primaresearch.org/PAGE/gts/pagecontent/2013-07-15 http://schema.primaresearch.org/PAGE/gts/pagecontent/2013-07-15/pagecontent.xsd">
    <Metadata>
        <Creator>prov=University of Rostock/Institute of Mathematics/CITlab/Gundram Leifert/gundram.leifert@uni-rostock.de:name=ONB_Newseye_GT_M1+(htr_id=10810)::::v=2.4.2
prov=University of Rostock/Institute of Mathematics/CITlab/Tobias Gruening/tobias.gruening@uni-rostock.de:name=de.uros.citlab.module.baseline2polygon.B2PSeamMultiOriented:v=2.4.2
prov=University of Rostock/Institute of Mathematics/CITlab/Tobias Gruening/tobias.gruening@uni-rostock.de:name=/mnt/transkribus/LA/DEA/URO/LA_news_onb_att.pb:de.uros.citlab.segmentation.CITlab_LA_ML:v=2.4.2
Transkribus</Creator>
        <Created>2019-10-07T20:31:26.497+02:00</Created>
        <LastChange>2019-10-09T06:55:49.559+02:00</LastChange>
        <TranskribusMetadata docId="224438" pageId="9575065" pageNr="62" tsid="16624621" status="IN_PROGRESS" userId="40391" imgUrl="https://files.transkribus.eu/Get?id=OXXFZUJQLXFOQBKBOGQPHQNY&amp;fileType=view" xmlUrl="https://files.transkribus.eu/Get?id=EKPZDVVNAIXXFGCBORTZOUDX" imageId="6206908"/>
    </Metadata>
    <Page imageFilename="224438_0062.jpeg" imageWidth="3344" imageHeight="4480">
        <ReadingOrder>
            <OrderedGroup id="ro_1711442656416" caption="Regions reading order">
                <RegionRefIndexed index="0" regionRef="r1"/>
                <RegionRefIndexed index="1" regionRef="r2"/>
                <RegionRefIndexed index="2" regionRef="r3"/>
            </OrderedGroup>
        </ReadingOrder>
        <TextRegion orientation="0.0" id="r1" custom="readingOrder {index:0;}">
            <Coords points="219,232 219,390 925,390 925,232"/>
            <TextLine id="r1l1" custom="readingOrder {index:0;}">
                <Coords points="211,343 287,360 933,337 932,301 812,275 570,287 515,327 418,282 372,326 211,330"/>
                <Baseline points="219,340 254,340 289,340 324,340 360,340 395,339 430,339 466,339 501,339 536,338 572,338 607,337 642,337 677,337 713,336 748,335 783,335 819,334 854,333 889,333 925,332"/>
                <TextEquiv>
                    <Unicode>—rthday</Unicode>
                </TextEquiv>
            </TextLine>
            <TextEquiv>
                <Unicode>—rthday</Unicode>
            </TextEquiv>
        </TextRegion>
        <TextRegion orientation="0.0" id="r2" custom="readingOrder {index:1;}">
            <Coords points="1098,210 1098,364 1526,364 1526,210"/>
            <TextLine id="r2l1" custom="readingOrder {index:0;}">
                <Coords points="1091,326 1237,324 1270,310 1314,339 1395,320 1417,334 1430,322 1475,332 1533,309 1533,291 1463,252 1318,258 1273,292 1221,266 1142,278 1090,257"/>
                <Baseline points="1098,314 1123,314 1148,313 1173,313 1198,313 1223,313 1249,314 1274,314 1299,314 1324,314 1349,314 1374,314 1400,314 1425,314 1450,313 1475,313 1500,312 1526,310"/>
                <TextEquiv>
                    <Unicode>box 39/3</Unicode>
                </TextEquiv>
            </TextLine>
            <TextEquiv>
                <Unicode>box 39/3</Unicode>
            </TextEquiv>
        </TextRegion>
        <TextRegion orientation="0.0" id="r3" custom="readingOrder {index:2;}">
            <Coords points="1800,118 1800,4128 3056,4128 3056,118"/>
            <TextLine id="r3l1" custom="readingOrder {index:0;}">
                <Coords points="2001,151 2344,176 2895,161 2855,110 2668,112 2632,140 2002,111"/>
                <Baseline points="2009,138 2055,139 2101,141 2147,142 2194,143 2240,145 2286,147 2332,148 2379,150 2425,151 2471,152 2517,153 2564,154 2610,154 2656,155 2702,155 2749,154 2795,153 2841,152 2888,150"/>
                <TextEquiv>
                    <Unicode>AUOEF SCHUSTENMANN</Unicode>
                </TextEquiv>
            </TextLine>
            <TextLine id="r3l2" custom="readingOrder {index:1;}">
                <Coords points="1930,232 2942,237 2942,207 2853,174 2517,189 2417,157 2368,195 1930,153"/>
                <Baseline points="1938,218 1987,220 2037,222 2087,224 2137,225 2187,227 2236,228 2286,229 2336,229 2386,230 2436,230 2485,231 2535,231 2585,231 2635,231 2685,231 2734,231 2784,231 2834,231 2884,231 2934,231"/>
                <TextEquiv>
                    <Unicode>Zeitungs-Ausschnitte</Unicode>
                </TextEquiv>
            </TextLine>
            <TextLine id="r3l3" custom="readingOrder {index:2;}">
                <Coords points="1982,294 2891,296 2891,262 2788,244 1982,245"/>
                <Baseline points="1990,278 2034,279 2079,280 2124,280 2168,281 2213,282 2258,283 2302,283 2347,284 2392,284 2437,285 2481,285 2526,286 2571,286 2615,287 2660,287 2705,287 2749,288 2794,288 2839,288 2884,289"/>
                <TextEquiv>
                    <Unicode>Grösstes deutsches Zeitungs Ausschnitt-Büro</Unicode>
                </TextEquiv>
            </TextLine>
            <TextLine id="r3l4" custom="readingOrder {index:3;}">
                <Coords points="1974,353 2888,376 2889,318 2843,303 2682,329 2653,305 1975,294"/>
                <Baseline points="1982,343 2026,345 2071,346 2116,348 2161,349 2206,350 2251,351 2296,352 2341,353 2386,354 2431,354 2475,355 2520,355 2565,356 2610,356 2655,356 2700,356 2745,356 2790,356 2835,356 2880,355"/>
                <TextEquiv>
                    <Unicode>Berlin SO 16, Rungestr. 22-24</Unicode>
                </TextEquiv>
            </TextLine>
            <TextLine id="r3l5" custom="readingOrder {index:4;}">
                <Coords points="2269,482 2360,493 2486,484 2529,494 2602,478 2602,452 2581,455 2551,433 2520,457 2443,433 2389,452 2345,435 2269,441"/>
                <Baseline points="2276,477 2302,476 2329,476 2355,476 2382,476 2408,476 2435,476 2461,477 2488,478 2514,478 2541,479 2567,480 2594,481"/>
                <TextEquiv>
                    <Unicode>Morgen=Ausgabe</Unicode>
                </TextEquiv>
            </TextLine>
            <TextLine id="r3l6" custom="readingOrder {index:5;}">
                <Coords points="1980,600 2878,596 2878,561 2795,532 2582,567 2478,529 2262,564 1980,540"/>
                <Baseline points="1987,594 2031,591 2075,590 2119,588 2163,587 2208,586 2252,586 2296,586 2340,586 2384,586 2429,587 2473,588 2517,588 2561,589 2605,590 2650,591 2694,591 2738,592 2782,592 2826,592 2871,592"/>
                <TextEquiv>
                    <Unicode>Hanndbirschie Kntat</Unicode>
                </TextEquiv>
            </TextLine>
            <TextLine id="r3l7" custom="readingOrder {index:6;}">
                <Coords points="2062,657 2234,681 2340,660 2632,682 2807,663 2807,637 2751,614 2207,626 2062,605"/>
                <Baseline points="2069,660 2105,660 2142,660 2178,659 2215,659 2251,659 2288,659 2324,659 2361,659 2397,659 2434,659 2471,659 2507,659 2544,659 2580,660 2617,660 2653,660 2690,661 2726,662 2763,662 2800,663"/>
                <TextEquiv>
                    <Unicode>Zeitung für Nordwestdentschland</Unicode>
                </TextEquiv>
            </TextLine>
            <TextLine id="r3l8" custom="readingOrder {index:7;}">
                <Coords points="2287,710 2319,710 2339,727 2355,715 2466,717 2480,707 2548,727 2604,720 2605,702 2540,671 2450,680 2408,679 2384,665 2336,675 2288,666"/>
                <Baseline points="2294,705 2319,707 2344,707 2369,708 2394,709 2419,709 2445,709 2470,710 2495,710 2520,711 2545,713 2570,715 2596,717"/>
                <TextEquiv>
                    <Unicode>Gegründet 1849,</Unicode>
                </TextEquiv>
            </TextLine>
            <TextLine id="r3l9" custom="readingOrder {index:8;}">
                <Coords points="2154,768 2229,772 2257,793 2305,774 2392,792 2458,772 2570,792 2698,776 2716,723 2669,731 2627,711 2568,731 2456,712 2363,743 2318,710 2248,732 2203,702 2155,703"/>
                <Baseline points="2162,758 2189,760 2216,762 2243,763 2271,765 2298,767 2325,768 2353,769 2380,770 2407,771 2435,771 2462,772 2489,772 2516,772 2544,772 2571,772 2598,772 2626,771 2653,769 2680,768 2708,767"/>
                <TextEquiv>
                    <Unicode>Täglich zwei Ausgaben</Unicode>
                </TextEquiv>
            </TextLine>
            <TextLine id="r3l10" custom="readingOrder {index:9;}">
                <Coords points="2250,835 2257,835 2262,830 2272,834 2287,829 2292,834 2301,836 2313,833 2318,837 2326,837 2324,793 2312,794 2304,786 2289,796 2272,786 2260,792 2248,791"/>
                <Baseline points="2256,818 2287,818 2318,816"/>
                <TextEquiv>
                    <Unicode>1</Unicode>
                </TextEquiv>
            </TextLine>
            <TextLine id="r3l11" custom="readingOrder {index:10;}">
                <Coords points="2628,828 2708,846 2728,826 2740,837 2787,829 2820,855 2902,849 2945,837 2946,770 2908,783 2835,773 2766,790 2751,780 2727,797 2681,785 2628,796"/>
                <Baseline points="2636,824 2661,825 2686,825 2711,825 2736,825 2761,826 2786,826 2811,827 2836,827 2861,827 2886,828 2911,828 2937,828"/>
                <TextEquiv>
                    <Unicode></Unicode>
                </TextEquiv>
            </TextLine>
            <TextLine id="r3l12" custom="readingOrder {index:11;}">
                <Coords points="2339,891 2626,900 2721,864 2805,863 2801,826 2580,853 2555,837 2489,865 2455,847 2336,856"/>
                <Baseline points="2347,890 2373,891 2399,891 2426,891 2452,889 2479,887 2505,886 2531,882 2558,879 2584,876 2611,873 2637,869 2663,866 2690,862 2716,858 2743,856 2769,854 2796,852"/>
                <TextEquiv>
                    <Unicode>Dalim 12 12 1e</Unicode>
                </TextEquiv>
            </TextLine>
            <TextLine id="r3l13" custom="readingOrder {index:12;}">
                <Coords points="1883,1002 1892,1001 1911,980 1928,984 1950,1002 1953,998 1963,1002 1987,977 1998,975 1993,938 1986,939 1966,926 1948,932 1940,929 1935,936 1916,932 1908,938 1887,931 1875,937"/>
                <Baseline points="1890,990 1915,988 1940,985 1965,982 1990,978"/>
                <TextEquiv>
                    <Unicode>1</Unicode>
                </TextEquiv>
            </TextLine>
            <TextLine id="r3l14" custom="readingOrder {index:13;}">
                <Coords points="2691,1003 2702,1005 2707,1000 2729,1010 2741,1006 2755,1013 2767,1005 2782,1014 2792,1006 2819,1007 2821,947 2794,946 2776,937 2751,950 2727,940 2710,949 2693,943"/>
                <Baseline points="2700,987 2728,986 2756,986 2784,988 2812,991"/>
                <TextEquiv>
                    <Unicode>K, SI</Unicode>
                </TextEquiv>
            </TextLine>
            <TextLine id="r3l15" custom="readingOrder {index:14;}">
                <Coords points="1989,1008 1998,1007 2025,1021 2036,1020 2028,944 2019,945 2007,940 1982,946"/>
                <Baseline points="1996,1000 2026,997"/>
                <TextEquiv>
                    <Unicode>755</Unicode>
                </TextEquiv>
            </TextLine>
            <TextLine id="r3l16" custom="readingOrder {index:15;}">
                <Coords points="2072,1028 2152,1048 2494,1034 2579,1064 2757,1029 2642,973 2072,984"/>
                <Baseline points="2080,1031 2113,1031 2147,1031 2180,1031 2214,1030 2247,1030 2281,1030 2314,1030 2348,1030 2381,1030 2415,1030 2448,1030 2482,1030 2515,1031 2549,1031 2582,1032 2616,1033 2649,1034 2683,1035 2716,1036 2750,1038"/>
                <TextEquiv>
                    <Unicode>Arkur Schnitzler.</Unicode>
                </TextEquiv>
            </TextLine>
            <TextLine id="r3l17" custom="readingOrder {index:16;}">
                <Coords points="1916,1114 2878,1124 2878,1063 2758,1037 2647,1072 2526,1037 1916,1064"/>
                <Baseline points="1923,1102 1970,1100 2017,1099 2065,1099 2112,1098 2160,1098 2207,1099 2254,1099 2302,1100 2349,1100 2397,1101 2444,1101 2491,1102 2539,1102 2586,1102 2634,1102 2681,1102 2728,1101 2776,1099 2823,1097 2871,1095"/>
                <TextEquiv>
                    <Unicode>Zuseinem 60. Geökklstag am 15. Mai.</Unicode>
                </TextEquiv>
            </TextLine>
            <TextLine id="r3l18" custom="readingOrder {index:17;}">
                <Coords points="2351,1146 2364,1144 2397,1160 2418,1152 2426,1158 2435,1156 2447,1144 2459,1147 2458,1121 2443,1121 2426,1114 2414,1120 2376,1114 2364,1122 2350,1122"/>
                <Baseline points="2359,1147 2389,1146 2420,1145 2451,1145"/>
                <TextEquiv>
                    <Unicode>Von</Unicode>
                </TextEquiv>
            </TextLine>
            <TextLine id="r3l19" custom="readingOrder {index:18;}">
                <Coords points="2239,1207 2263,1204 2292,1225 2347,1202 2403,1223 2449,1209 2529,1222 2553,1202 2588,1203 2588,1157 2498,1143 2424,1157 2409,1171 2389,1154 2343,1150 2327,1164 2278,1161 2239,1188"/>
                <Baseline points="2247,1203 2272,1202 2298,1202 2323,1202 2349,1201 2375,1201 2400,1201 2426,1201 2451,1200 2477,1200 2503,1200 2528,1200 2554,1200 2580,1200"/>
                <TextEquiv>
                    <Unicode>Jan Brodersen.</Unicode>
                </TextEquiv>
            </TextLine>
            <TextLine id="r3l20" custom="readingOrder {index:19;}">
                <Coords points="1866,1258 2974,1270 3004,1209 1866,1225"/>
                <Baseline points="1874,1256 1930,1257 1986,1257 2042,1258 2098,1258 2154,1258 2210,1259 2266,1259 2322,1259 2378,1259 2435,1259 2491,1259 2547,1259 2603,1259 2659,1259 2715,1259 2771,1258 2827,1258 2883,1258 2939,1258 2996,1257"/>
                <TextEquiv>
                    <Unicode>In den Veiser mit denen vor dreißig Jahren der junge</Unicode>
                </TextEquiv>
            </TextLine>
            <TextLine id="r3l21" custom="readingOrder {index:20;}">
                <Coords points="1793,1315 3000,1320 2999,1273 2943,1259 1792,1262"/>
                <Baseline points="1800,1303 1859,1301 1919,1300 1978,1299 2038,1298 2098,1298 2157,1297 2217,1297 2276,1297 2336,1297 2396,1297 2455,1297 2515,1297 2574,1297 2634,1297 2694,1297 2753,1297 2813,1297 2872,1296 2932,1295 2992,1294"/>
                <TextEquiv>
                    <Unicode>Hofmannsthäl ddem Erstling des älteren Freundes und Lands¬</Unicode>
                </TextEquiv>
            </TextLine>
            <TextLine id="r3l22" custom="readingOrder {index:21;}">
                <Coords points="1800,1351 1976,1341 2028,1367 2051,1347 2113,1364 2191,1342 2426,1338 2426,1308 2396,1304 1800,1305"/>
                <Baseline points="1807,1337 1837,1338 1868,1338 1898,1339 1929,1339 1960,1339 1990,1339 2021,1339 2051,1338 2082,1338 2113,1338 2143,1337 2174,1337 2204,1336 2235,1336 2266,1335 2296,1335 2327,1334 2357,1333 2388,1333 2419,1332"/>
                <TextEquiv>
                    <Unicode>manns des Heleit gab, heißt es:</Unicode>
                </TextEquiv>
            </TextLine>
            <TextLine id="r3l23" custom="readingOrder {index:22;}">
                <Coords points="2141,1384 2191,1395 2240,1377 2287,1388 2367,1374 2612,1387 2612,1366 2591,1355 2425,1332 2395,1350 2191,1342 2141,1358"/>
                <Baseline points="2148,1374 2173,1375 2198,1375 2224,1376 2249,1376 2274,1376 2300,1376 2325,1376 2351,1376 2376,1376 2401,1376 2427,1376 2452,1376 2478,1376 2503,1376 2528,1376 2554,1377 2579,1377 2605,1378"/>
                <TextEquiv>
                    <Unicode>Also spielen wir Theater,</Unicode>
                </TextEquiv>
            </TextLine>
            <TextLine id="r3l24" custom="readingOrder {index:23;}">
                <Coords points="2046,1405 2561,1409 2561,1383 2511,1378 2365,1374 2297,1392 2248,1377 2192,1395 2133,1363 2046,1351"/>
                <Baseline points="2053,1406 2078,1406 2103,1406 2128,1407 2153,1407 2178,1407 2203,1407 2228,1407 2253,1407 2278,1407 2303,1407 2328,1407 2353,1407 2378,1407 2403,1407 2428,1407 2453,1407 2478,1408 2503,1408 2528,1408 2553,1409"/>
                <TextEquiv>
                    <Unicode>Spielen unsre eignen Stücke,</Unicode>
                </TextEquiv>
            </TextLine>
            <TextLine id="r3l25" custom="readingOrder {index:24;}">
                <Coords points="2038,1446 2484,1435 2540,1462 2640,1441 2640,1418 2593,1399 2038,1421"/>
                <Baseline points="2046,1442 2075,1440 2104,1439 2134,1438 2163,1438 2192,1437 2222,1437 2251,1437 2280,1437 2310,1437 2339,1437 2368,1437 2398,1437 2427,1438 2456,1438 2486,1438 2515,1439 2544,1439 2574,1439 2603,1439 2633,1439"/>
                <TextEquiv>
                    <Unicode>Frühgereift und zart und traurig,</Unicode>
                </TextEquiv>
            </TextLine>
            <TextLine id="r3l26" custom="readingOrder {index:25;}">
                <Coords points="2034,1473 2523,1468 2484,1436 2121,1449 2071,1435 2034,1449"/>
                <Baseline points="2042,1469 2068,1468 2094,1467 2121,1467 2147,1466 2173,1465 2200,1464 2226,1464 2252,1464 2279,1463 2305,1463 2331,1464 2358,1464 2384,1465 2410,1465 2437,1467 2463,1469 2489,1470 2516,1472"/>
                <TextEquiv>
                    <Unicode>Die Komödie unsrer Seele,</Unicode>
                </TextEquiv>
            </TextLine>
            <TextLine id="r3l27" custom="readingOrder {index:26;}">
                <Coords points="2037,1498 2415,1491 2529,1498 2560,1522 2654,1510 2654,1471 2552,1457 2499,1479 2418,1479 2400,1461 2037,1479"/>
                <Baseline points="2045,1498 2075,1497 2105,1496 2135,1494 2165,1494 2195,1493 2225,1493 2255,1493 2285,1494 2315,1494 2346,1494 2376,1495 2406,1495 2436,1496 2466,1496 2496,1496 2526,1496 2556,1496 2586,1496 2616,1496 2647,1495"/>
                <TextEquiv>
                    <Unicode>Unfres Fühlens Heut und Gestern,</Unicode>
                </TextEquiv>
            </TextLine>
            <TextLine id="r3l28" custom="readingOrder {index:27;}">
                <Coords points="2039,1526 2390,1535 2405,1519 2505,1526 2563,1552 2563,1513 2530,1497 2039,1497"/>
                <Baseline points="2046,1524 2071,1524 2096,1524 2122,1524 2147,1523 2173,1523 2198,1523 2224,1523 2249,1523 2275,1523 2300,1523 2325,1523 2351,1523 2376,1523 2402,1523 2427,1524 2453,1525 2478,1526 2504,1526 2529,1528 2555,1530"/>
                <TextEquiv>
                    <Unicode>Böser Dinge hübsche Formel,</Unicode>
                </TextEquiv>
            </TextLine>
            <TextLine id="r3l29" custom="readingOrder {index:28;}">
                <Coords points="2029,1563 2530,1557 2530,1534 2505,1525 2029,1530"/>
                <Baseline points="2037,1558 2062,1555 2088,1553 2113,1553 2139,1551 2164,1550 2190,1550 2216,1550 2241,1550 2267,1550 2292,1550 2318,1550 2343,1551 2369,1552 2395,1553 2420,1553 2446,1554 2471,1555 2497,1555 2523,1556"/>
                <TextEquiv>
                    <Unicode>Glatte Worte, bunte Bilder,</Unicode>
                </TextEquiv>
            </TextLine>
            <TextLine id="r3l30" custom="readingOrder {index:29;}">
                <Coords points="2057,1593 2365,1581 2465,1609 2486,1589 2535,1601 2584,1582 2584,1565 2532,1554 2388,1553 2365,1568 2295,1551 2181,1569 2158,1554 2058,1558"/>
                <Baseline points="2065,1583 2090,1582 2116,1581 2141,1580 2167,1579 2192,1579 2218,1579 2243,1580 2269,1580 2294,1581 2320,1582 2346,1582 2371,1583 2397,1584 2422,1585 2448,1586 2473,1587 2499,1587 2524,1587 2550,1587 2576,1587"/>
                <TextEquiv>
                    <Unicode>Halbes, heimliches Empfinden,</Unicode>
                </TextEquiv>
            </TextLine>
            <TextLine id="r3l31" custom="readingOrder {index:30;}">
                <Coords points="2031,1610 2092,1628 2138,1619 2186,1631 2265,1614 2288,1623 2325,1613 2352,1629 2370,1615 2422,1616 2422,1593 2384,1600 2365,1582 2325,1592 2232,1584 2202,1601 2182,1585 2032,1590"/>
                <Baseline points="2039,1608 2064,1609 2089,1610 2114,1611 2139,1611 2164,1612 2189,1612 2214,1613 2239,1613 2264,1613 2289,1613 2314,1613 2339,1614 2364,1614 2389,1615 2414,1615"/>
                <TextEquiv>
                    <Unicode>Agonien, Episoden</Unicode>
                </TextEquiv>
            </TextLine>
            <TextLine id="r3l32" custom="readingOrder {index:31;}">
                <Coords points="1874,1664 3010,1665 3010,1628 2870,1602 2777,1642 2542,1612 1875,1637"/>
                <Baseline points="1882,1656 1938,1656 1994,1656 2050,1657 2106,1657 2162,1657 2218,1658 2274,1658 2330,1659 2386,1659 2442,1659 2498,1659 2554,1659 2610,1659 2666,1659 2722,1659 2778,1659 2834,1658 2890,1658 2946,1657 3002,1656"/>
                <TextEquiv>
                    <Unicode>Das ist die Anatol=Welt die Welt des sanften, eleganten,</Unicode>
                </TextEquiv>
            </TextLine>
            <TextLine id="r3l33" custom="readingOrder {index:32;}">
                <Coords points="1797,1696 2879,1710 3005,1702 3005,1665 1797,1679"/>
                <Baseline points="1805,1699 1864,1700 1924,1700 1983,1701 2043,1701 2103,1701 2162,1701 2222,1701 2281,1701 2341,1700 2401,1700 2460,1699 2520,1699 2579,1699 2639,1698 2699,1698 2758,1698 2818,1698 2877,1698 2937,1698 2997,1699"/>
                <TextEquiv>
                    <Unicode>etwas müden und recht ironischen Melancholikers aus gutem,</Unicode>
                </TextEquiv>
            </TextLine>
            <TextLine id="r3l34" custom="readingOrder {index:33;}">
                <Coords points="1805,1745 2989,1748 3010,1713 1805,1721"/>
                <Baseline points="1813,1737 1872,1738 1932,1739 1991,1739 2051,1739 2110,1740 2170,1740 2229,1740 2289,1740 2348,1740 2408,1740 2467,1739 2527,1739 2586,1739 2646,1738 2705,1738 2765,1737 2824,1736 2884,1736 2943,1735 3003,1734"/>
                <TextEquiv>
                    <Unicode>alten Wiener Hause, der schon in der Unterterz zutiefst überzeugt</Unicode>
                </TextEquiv>
            </TextLine>
            <TextLine id="r3l35" custom="readingOrder {index:34;}">
                <Coords points="1807,1783 3011,1779 2974,1738 2866,1734 1807,1747"/>
                <Baseline points="1814,1774 1873,1774 1932,1775 1992,1775 2051,1776 2111,1776 2170,1776 2230,1777 2289,1777 2349,1777 2408,1777 2467,1777 2527,1777 2586,1777 2646,1777 2705,1777 2765,1776 2824,1776 2884,1775 2943,1774 3003,1773"/>
                <TextEquiv>
                    <Unicode>war von der determinierten Sinnlosigkeit des doppelgesichtigen</Unicode>
                </TextEquiv>
            </TextLine>
            <TextLine id="r3l36" custom="readingOrder {index:35;}">
                <Coords points="1801,1824 3012,1813 2958,1778 1801,1783"/>
                <Baseline points="1808,1813 1867,1813 1927,1813 1987,1813 2047,1814 2107,1814 2166,1814 2226,1815 2286,1815 2346,1816 2406,1816 2465,1816 2525,1816 2585,1816 2645,1816 2705,1816 2764,1815 2824,1815 2884,1814 2944,1813 3004,1811"/>
                <TextEquiv>
                    <Unicode>Daseins und der nun, da andere, in härterer Luft, Manner ge¬</Unicode>
                </TextEquiv>
            </TextLine>
            <TextLine id="r3l37" custom="readingOrder {index:36;}">
                <Coords points="1797,1862 2989,1876 3010,1815 1797,1831"/>
                <Baseline points="1804,1852 1863,1852 1923,1853 1983,1853 2043,1854 2103,1854 2163,1855 2223,1855 2283,1855 2343,1855 2403,1855 2462,1855 2522,1855 2582,1855 2642,1854 2702,1854 2762,1853 2822,1853 2882,1852 2942,1851 3002,1850"/>
                <TextEquiv>
                    <Unicode>worden sind, entschlossen und resigniert, das Ihre zu tun, an</Unicode>
                </TextEquiv>
            </TextLine>
            <TextLine id="r3l38" custom="readingOrder {index:37;}">
                <Coords points="1810,1999 2956,1987 3019,1980 3019,1942 1809,1954"/>
                <Baseline points="1817,1995 1876,1995 1936,1995 1996,1994 2055,1994 2115,1993 2175,1992 2234,1991 2294,1990 2354,1989 2414,1988 2473,1987 2533,1985 2593,1984 2652,1983 2712,1981 2772,1980 2831,1979 2891,1977 2951,1976 3011,1974"/>
                <TextEquiv>
                    <Unicode>seinem armen, aber gepflegten Teil immer wieder in ruhelöser</Unicode>
                </TextEquiv>
            </TextLine>
            <TextLine id="r3l39" custom="readingOrder {index:38;}">
                <Coords points="1806,2036 2922,2035 3035,2025 3034,1960 1805,2000"/>
                <Baseline points="1813,2035 1873,2035 1934,2035 1995,2035 2056,2034 2116,2033 2177,2032 2238,2032 2299,2031 2359,2029 2420,2028 2481,2027 2542,2025 2602,2024 2663,2022 2724,2021 2785,2019 2845,2017 2906,2016 2967,2014 3028,2012"/>
                <TextEquiv>
                    <Unicode>Lüsternheit nach Erleben und Geheimnis ausflattert; aber ob</Unicode>
                </TextEquiv>
            </TextLine>
            <TextLine id="r3l40" custom="readingOrder {index:39;}">
                <Coords points="1811,2075 2895,2067 3025,2054 3024,2013 1810,2047"/>
                <Baseline points="1819,2073 1878,2072 1938,2071 1998,2070 2058,2070 2118,2070 2178,2069 2238,2069 2298,2069 2358,2068 2418,2068 2477,2067 2537,2066 2597,2065 2657,2063 2717,2062 2777,2060 2837,2057 2897,2055 2957,2051 3017,2047"/>
                <TextEquiv>
                    <Unicode>er auch von Blume zu Blume, von Erregung zu Erregung, von</Unicode>
                </TextEquiv>
            </TextLine>
            <TextLine id="r3l41" custom="readingOrder {index:40;}">
                <Coords points="1814,2115 3024,2090 2973,2053 1813,2083"/>
                <Baseline points="1821,2111 1880,2110 1940,2110 2000,2109 2060,2109 2119,2108 2179,2108 2239,2107 2299,2107 2358,2106 2418,2106 2478,2105 2538,2103 2597,2102 2657,2101 2717,2099 2777,2097 2836,2095 2896,2092 2956,2089 3016,2086"/>
                <TextEquiv>
                    <Unicode>Weib zu Weib durchs Gelände schweift, in spielendem Fluge die</Unicode>
                </TextEquiv>
            </TextLine>
            <TextLine id="r3l42" custom="readingOrder {index:41;}">
                <Coords points="1817,2162 3013,2146 3022,2091 1817,2117"/>
                <Baseline points="1825,2149 1884,2149 1944,2148 2003,2148 2063,2148 2122,2148 2182,2147 2241,2147 2301,2146 2360,2145 2420,2145 2479,2144 2539,2143 2598,2141 2658,2140 2717,2139 2777,2137 2836,2135 2896,2133 2955,2130 3015,2127"/>
                <TextEquiv>
                    <Unicode>offenen Wiesen und fremde, taxusumhegte Gärten abstreift, er</Unicode>
                </TextEquiv>
            </TextLine>
            <TextLine id="r3l43" custom="readingOrder {index:42;}">
                <Coords points="1826,2194 3038,2176 3037,2134 2978,2132 1826,2155"/>
                <Baseline points="1834,2191 1893,2189 1953,2188 2013,2187 2073,2186 2133,2185 2192,2184 2252,2184 2312,2183 2372,2183 2432,2182 2491,2181 2551,2180 2611,2180 2671,2178 2731,2177 2790,2176 2850,2174 2910,2172 2970,2170 3030,2168"/>
                <TextEquiv>
                    <Unicode>kehrt immer derselbe zurück: ein Gaukler, ein Speler, ein</Unicode>
                </TextEquiv>
            </TextLine>
            <TextLine id="r3l44" custom="readingOrder {index:43;}">
                <Coords points="1819,2230 1898,2242 1957,2229 2119,2238 2187,2225 2187,2207 2159,2213 2146,2199 2083,2185 1819,2201"/>
                <Baseline points="1827,2225 1852,2226 1877,2226 1902,2226 1927,2226 1953,2225 1978,2225 2003,2224 2028,2224 2053,2223 2079,2223 2104,2223 2129,2223 2154,2223 2180,2224"/>
                <TextEquiv>
                    <Unicode>Tänzer im Chaos.</Unicode>
                </TextEquiv>
            </TextLine>
            <TextLine id="r3l45" custom="readingOrder {index:44;}">
                <Coords points="1888,2269 3022,2249 3021,2203 2724,2192 2576,2232 1888,2240"/>
                <Baseline points="1896,2266 1951,2266 2007,2266 2063,2266 2119,2266 2175,2265 2231,2265 2287,2264 2343,2263 2399,2261 2455,2260 2510,2258 2566,2256 2622,2255 2678,2253 2734,2251 2790,2249 2846,2247 2902,2245 2958,2243 3014,2240"/>
                <TextEquiv>
                    <Unicode>Das Leben ist ein Spiel, ja, aber ein Spiel vor Hinter¬</Unicode>
                </TextEquiv>
            </TextLine>
            <TextLine id="r3l46" custom="readingOrder {index:45;}">
                <Coords points="1809,2307 2968,2295 3031,2242 1809,2272"/>
                <Baseline points="1817,2307 1877,2306 1937,2304 1998,2304 2058,2303 2118,2302 2179,2302 2239,2301 2299,2301 2360,2300 2420,2300 2480,2299 2541,2299 2601,2298 2661,2296 2722,2295 2782,2293 2842,2291 2903,2288 2963,2285 3024,2281"/>
                <TextEquiv>
                    <Unicode>gründen. Die leichte Hand rührt an schwere Dinge, sehr ernste und</Unicode>
                </TextEquiv>
            </TextLine>
            <TextLine id="r3l47" custom="readingOrder {index:46;}">
                <Coords points="1813,2347 3023,2336 3022,2284 1813,2309"/>
                <Baseline points="1821,2344 1880,2343 1940,2343 2000,2342 2059,2342 2119,2342 2179,2341 2238,2341 2298,2341 2358,2340 2418,2340 2477,2339 2537,2338 2597,2337 2656,2336 2716,2334 2776,2333 2835,2330 2895,2328 2955,2325 3015,2321"/>
                <TextEquiv>
                    <Unicode>vielleicht schreckliche; an Abgründen wird getanzt und auf einem</Unicode>
                </TextEquiv>
            </TextLine>
            <TextLine id="r3l48" custom="readingOrder {index:47;}">
                <Coords points="1830,2388 3037,2384 3002,2325 1829,2350"/>
                <Baseline points="1837,2381 1896,2381 1956,2381 2015,2381 2075,2381 2135,2381 2194,2380 2254,2380 2313,2380 2373,2379 2433,2378 2492,2377 2552,2376 2611,2375 2671,2373 2731,2372 2790,2370 2850,2367 2909,2365 2969,2362 3029,2358"/>
                <TextEquiv>
                    <Unicode>Ballfest tun sich Abgründe auf. Nur: dem Ernst wird im letzten</Unicode>
                </TextEquiv>
            </TextLine>
            <TextLine id="r3l49" custom="readingOrder {index:48;}">
                <Coords points="1826,2418 3033,2402 2996,2364 1825,2386"/>
                <Baseline points="1833,2418 1892,2419 1952,2419 2011,2420 2071,2420 2131,2420 2190,2419 2250,2419 2309,2418 2369,2417 2429,2416 2488,2415 2548,2414 2607,2413 2667,2411 2727,2409 2786,2407 2846,2405 2905,2402 2965,2400 3025,2398"/>
                <TextEquiv>
                    <Unicode>Augenblick der Stachel abgebrochen; er paßt nicht zu der zarten,</Unicode>
                </TextEquiv>
            </TextLine>
            <TextLine id="r3l50" custom="readingOrder {index:49;}">
                <Coords points="1822,2461 3030,2452 3032,2401 1821,2422"/>
                <Baseline points="1829,2458 1888,2458 1948,2458 2008,2458 2068,2458 2128,2458 2187,2457 2247,2457 2307,2456 2367,2456 2427,2455 2486,2454 2546,2452 2606,2451 2666,2449 2726,2447 2785,2445 2845,2443 2905,2439 2965,2436 3025,2433"/>
                <TextEquiv>
                    <Unicode>leicht verletzlichen Grazie des Geistes, zu der lässigen Sicherheit</Unicode>
                </TextEquiv>
            </TextLine>
            <TextLine id="r3l51" custom="readingOrder {index:50;}">
                <Coords points="1820,2505 2860,2503 3031,2483 3031,2446 1819,2462"/>
                <Baseline points="1828,2498 1887,2498 1947,2498 2007,2497 2067,2497 2127,2496 2186,2496 2246,2495 2306,2494 2366,2493 2426,2492 2485,2490 2545,2489 2605,2488 2665,2486 2725,2485 2784,2483 2844,2481 2904,2479 2964,2477 3024,2475"/>
                <TextEquiv>
                    <Unicode>der Haltung, die in dieser Welt das Wichtigste, das einzig Wich¬</Unicode>
                </TextEquiv>
            </TextLine>
            <TextLine id="r3l52" custom="readingOrder {index:51;}">
                <Coords points="1831,2551 3020,2543 3038,2482 1830,2510"/>
                <Baseline points="1838,2540 1897,2539 1957,2537 2017,2535 2076,2535 2136,2533 2196,2532 2255,2531 2315,2530 2375,2529 2435,2528 2494,2527 2554,2526 2614,2525 2673,2524 2733,2523 2793,2521 2852,2520 2912,2518 2972,2517 3032,2515"/>
                <TextEquiv>
                    <Unicode>tige sind. Und außerdem: es ist gefährlich, das Spiel ernst zu</Unicode>
                </TextEquiv>
            </TextLine>
            <TextLine id="r3l53" custom="readingOrder {index:52;}">
                <Coords points="2048,2578 2152,2571 2183,2585 2269,2568 2353,2586 2383,2560 2403,2577 2497,2572 2552,2561 2552,2548 2448,2526 2424,2541 2401,2523 2315,2543 2047,2544"/>
                <Baseline points="2055,2571 2080,2571 2106,2571 2132,2571 2157,2571 2183,2570 2209,2570 2235,2570 2260,2569 2286,2569 2312,2569 2338,2568 2363,2568 2389,2567 2415,2567 2441,2566 2466,2565 2492,2565 2518,2564 2544,2564"/>
                <TextEquiv>
                    <Unicode>man kann daran sterben.</Unicode>
                </TextEquiv>
            </TextLine>
            <TextLine id="r3l54" custom="readingOrder {index:53;}">
                <Coords points="1828,2599 1884,2585 1904,2590 1934,2576 2000,2587 2025,2568 2048,2575 2048,2544 2016,2546 1998,2556 1946,2541 1937,2550 1911,2541 1828,2549"/>
                <Baseline points="1835,2573 1860,2574 1886,2574 1912,2574 1938,2573 1963,2573 1989,2573 2015,2574 2041,2574"/>
                <TextEquiv>
                    <Unicode>nehmen, —</Unicode>
                </TextEquiv>
            </TextLine>
            <TextLine id="r3l55" custom="readingOrder {index:54;}">
                <Coords points="1900,2619 3035,2585 3017,2553 2744,2546 1899,2579"/>
                <Baseline points="1907,2609 1963,2610 2019,2610 2075,2610 2131,2610 2187,2609 2243,2609 2299,2607 2355,2606 2411,2604 2467,2603 2523,2601 2579,2599 2635,2597 2691,2595 2747,2594 2803,2593 2859,2591 2915,2590 2971,2589 3027,2589"/>
                <TextEquiv>
                    <Unicode>Die abwärts geneigte Schönheit, der verschleferte Glanz</Unicode>
                </TextEquiv>
            </TextLine>
            <TextLine id="r3l56" custom="readingOrder {index:55;}">
                <Coords points="1833,2654 2901,2648 3012,2636 3030,2599 1832,2625"/>
                <Baseline points="1840,2651 1899,2650 1958,2650 2017,2649 2076,2648 2135,2647 2194,2646 2253,2645 2312,2645 2371,2643 2431,2643 2490,2642 2549,2641 2608,2640 2667,2639 2726,2638 2785,2636 2844,2636 2903,2634 2962,2634 3022,2633"/>
                <TextEquiv>
                    <Unicode>einer um ihn herum sterbenden Kultur, die am Wert ihrer</Unicode>
                </TextEquiv>
            </TextLine>
            <TextLine id="r3l57" custom="readingOrder {index:56;}">
                <Coords points="1833,2692 3026,2687 3039,2622 1832,2654"/>
                <Baseline points="1841,2689 1900,2688 1960,2687 2019,2687 2079,2686 2138,2685 2198,2684 2257,2684 2317,2683 2376,2682 2436,2681 2496,2680 2555,2679 2615,2678 2674,2677 2734,2676 2793,2674 2853,2673 2912,2671 2972,2670 3032,2668"/>
                <TextEquiv>
                    <Unicode>Güter verzweifelt, ohne von ihnen doch lassen zu können, ist in</Unicode>
                </TextEquiv>
            </TextLine>
            <TextLine id="r3l58" custom="readingOrder {index:57;}">
                <Coords points="1832,2732 3037,2704 2907,2667 1831,2698"/>
                <Baseline points="1839,2727 1898,2726 1958,2726 2017,2725 2077,2725 2136,2724 2196,2724 2255,2723 2315,2723 2374,2722 2434,2721 2493,2721 2553,2720 2612,2718 2672,2717 2731,2715 2791,2714 2850,2712 2910,2710 2969,2707 3029,2705"/>
                <TextEquiv>
                    <Unicode>Artur Schnitzlers Werk mit feiner und sicherer Hand gestaltet,</Unicode>
                </TextEquiv>
            </TextLine>
            <TextLine id="r3l59" custom="readingOrder {index:58;}">
                <Coords points="1832,2771 3016,2756 3028,2709 1831,2735"/>
                <Baseline points="1839,2770 1898,2768 1957,2767 2016,2766 2075,2765 2134,2764 2193,2763 2252,2762 2311,2761 2370,2760 2430,2759 2489,2758 2548,2757 2607,2756 2666,2755 2725,2753 2784,2752 2843,2749 2902,2748 2961,2746 3021,2743"/>
                <TextEquiv>
                    <Unicode>mit dem Ernst des Künstlers, der weiß, daß Spielende den</Unicode>
                </TextEquiv>
            </TextLine>
            <TextLine id="r3l60" custom="readingOrder {index:59;}">
                <Coords points="1830,2811 3025,2798 3024,2756 2944,2747 1829,2765"/>
                <Baseline points="1837,2808 1896,2807 1955,2806 2014,2805 2073,2804 2132,2803 2191,2802 2250,2801 2309,2800 2368,2799 2427,2797 2486,2796 2545,2795 2604,2793 2663,2793 2722,2791 2781,2789 2840,2788 2899,2786 2958,2785 3017,2783"/>
                <TextEquiv>
                    <Unicode>letzten Dingen viel näher sind als die aufrechten, ernsthaften,</Unicode>
                </TextEquiv>
            </TextLine>
            <TextLine id="r3l61" custom="readingOrder {index:60;}">
                <Coords points="1841,2851 2988,2834 3038,2788 1840,2813"/>
                <Baseline points="1848,2846 1907,2845 1966,2843 2025,2842 2084,2841 2143,2840 2202,2839 2261,2839 2320,2838 2379,2837 2439,2837 2498,2836 2557,2835 2616,2834 2675,2832 2734,2830 2793,2828 2852,2826 2911,2823 2970,2819 3030,2815"/>
                <TextEquiv>
                    <Unicode>ehrpußlichen Berufsmenschen, die in der Zeitlichkeit sich erschöp¬</Unicode>
                </TextEquiv>
            </TextLine>
            <TextLine id="r3l62" custom="readingOrder {index:61;}">
                <Coords points="1842,2897 2950,2878 3042,2868 3041,2819 1841,2852"/>
                <Baseline points="1849,2885 1908,2883 1967,2882 2026,2881 2086,2879 2145,2878 2204,2877 2263,2876 2323,2875 2382,2874 2441,2873 2500,2872 2560,2871 2619,2870 2678,2868 2737,2867 2797,2865 2856,2864 2915,2862 2974,2860 3034,2858"/>
                <TextEquiv>
                    <Unicode>fen, während die Kinder beim Haschen und Verstecken unversehens</Unicode>
                </TextEquiv>
            </TextLine>
            <TextLine id="r3l63" custom="readingOrder {index:62;}">
                <Coords points="1833,2927 3023,2902 3012,2863 1833,2895"/>
                <Baseline points="1841,2923 1899,2922 1958,2921 2017,2920 2075,2919 2134,2917 2193,2916 2251,2915 2310,2914 2369,2912 2428,2911 2486,2910 2545,2909 2604,2908 2662,2906 2721,2905 2780,2904 2838,2903 2897,2902 2956,2900 3015,2899"/>
                <TextEquiv>
                    <Unicode>an der Götter Knie streifen. Aber dieser Künstler ist Analytiker,</Unicode>
                </TextEquiv>
            </TextLine>
            <TextLine id="r3l64" custom="readingOrder {index:63;}">
                <Coords points="1843,2971 3036,2937 2918,2902 1842,2926"/>
                <Baseline points="1850,2964 1908,2962 1967,2960 2026,2959 2085,2957 2144,2956 2203,2955 2262,2954 2321,2953 2380,2952 2439,2951 2497,2950 2556,2949 2615,2948 2674,2947 2733,2945 2792,2944 2851,2942 2910,2940 2969,2938 3028,2935"/>
                <TextEquiv>
                    <Unicode>ist Ergründer und Zergliederer, ein skeptischer Topograph der</Unicode>
                </TextEquiv>
            </TextLine>
            <TextLine id="r3l65" custom="readingOrder {index:64;}">
                <Coords points="1845,3003 3038,2988 3037,2942 1844,2967"/>
                <Baseline points="1852,3000 1910,2999 1969,2998 2028,2996 2087,2995 2146,2994 2205,2994 2263,2993 2322,2992 2381,2991 2440,2990 2499,2989 2558,2988 2617,2987 2675,2985 2734,2984 2793,2982 2852,2979 2911,2977 2970,2973 3029,2970"/>
                <TextEquiv>
                    <Unicode>Seele, — er ist kein Schöpfer. Ob er, der Arzt, die Krankheit</Unicode>
                </TextEquiv>
            </TextLine>
            <TextLine id="r3l66" custom="readingOrder {index:65;}">
                <Coords points="1845,3045 3038,3017 3019,2979 1844,3003"/>
                <Baseline points="1853,3038 1911,3037 1970,3036 2029,3034 2088,3033 2147,3032 2206,3032 2265,3031 2324,3030 2383,3029 2442,3028 2500,3027 2559,3026 2618,3025 2677,3023 2736,3021 2795,3020 2854,3017 2913,3015 2972,3013 3031,3010"/>
                <TextEquiv>
                    <Unicode>der Zeit als unheilbar erkannt hat. ob ihm nur die Magie der</Unicode>
                </TextEquiv>
            </TextLine>
            <TextLine id="r3l67" custom="readingOrder {index:66;}">
                <Coords points="2200,3071 3049,3060 3029,3017 2200,3049"/>
                <Baseline points="2208,3069 2249,3069 2291,3069 2332,3068 2374,3068 2416,3068 2457,3067 2499,3066 2540,3066 2582,3065 2624,3064 2665,3063 2707,3062 2748,3061 2790,3060 2832,3059 2873,3058 2915,3056 2956,3055 2998,3053 3040,3052"/>
                <TextEquiv>
                    <Unicode>es kommt auf eins hinaus: sein Werk zeigt</Unicode>
                </TextEquiv>
            </TextLine>
            <TextLine id="r3l68" custom="readingOrder {index:67;}">
                <Coords points="1848,3089 1889,3083 1923,3097 1958,3080 1996,3077 2014,3090 2130,3075 2157,3086 2183,3069 2215,3071 2215,3040 2156,3049 2083,3034 2058,3046 1935,3048 1920,3037 1848,3049"/>
                <Baseline points="1856,3078 1881,3078 1906,3078 1931,3078 1956,3077 1981,3076 2006,3075 2031,3075 2056,3074 2081,3074 2106,3075 2131,3076 2156,3078 2181,3081 2207,3086"/>
                <TextEquiv>
                    <Unicode>Heilgewalt fehlt, —</Unicode>
                </TextEquiv>
            </TextLine>
            <TextLine id="r3l69" custom="readingOrder {index:68;}">
                <Coords points="1834,3126 3038,3090 3037,3058 2969,3055 1834,3088"/>
                <Baseline points="1842,3116 1901,3115 1960,3114 2020,3113 2079,3112 2139,3111 2198,3110 2257,3109 2317,3108 2376,3107 2436,3106 2495,3105 2554,3104 2614,3103 2673,3101 2733,3100 2792,3099 2851,3097 2911,3095 2970,3093 3030,3091"/>
                <TextEquiv>
                    <Unicode>nur auf, was ist, führt nicht zu dem, was werden soll. (Die</Unicode>
                </TextEquiv>
            </TextLine>
            <TextLine id="r3l70" custom="readingOrder {index:69;}">
                <Coords points="1846,3158 2946,3146 3034,3129 3033,3091 1845,3123"/>
                <Baseline points="1853,3155 1911,3154 1970,3153 2029,3152 2087,3151 2146,3150 2205,3149 2263,3148 2322,3147 2381,3146 2440,3145 2498,3144 2557,3143 2616,3141 2674,3139 2733,3138 2792,3136 2850,3134 2909,3131 2968,3128 3027,3125"/>
                <TextEquiv>
                    <Unicode>Stücke, die eine These verfechten, eine Tendenz bekunden, sind</Unicode>
                </TextEquiv>
            </TextLine>
            <TextLine id="r3l71" custom="readingOrder {index:70;}">
                <Coords points="1842,3200 3040,3177 3026,3128 1841,3156"/>
                <Baseline points="1849,3190 1908,3190 1967,3190 2026,3190 2085,3189 2144,3189 2203,3188 2262,3188 2321,3187 2380,3186 2440,3185 2499,3183 2558,3182 2617,3180 2676,3179 2735,3177 2794,3175 2853,3173 2912,3170 2971,3168 3031,3165"/>
                <TextEquiv>
                    <Unicode>seine schwächsten.) Zwar ist, vor allem in späteren erzählenden</Unicode>
                </TextEquiv>
            </TextLine>
            <TextLine id="r3l72" custom="readingOrder {index:71;}">
                <Coords points="1846,3238 2729,3233 3037,3213 3037,3178 1845,3207"/>
                <Baseline points="1854,3231 1912,3230 1971,3229 2030,3228 2089,3228 2148,3227 2206,3226 2265,3226 2324,3225 2383,3224 2442,3223 2500,3222 2559,3221 2618,3220 2677,3218 2736,3217 2794,3215 2853,3213 2912,3211 2971,3208 3030,3206"/>
                <TextEquiv>
                    <Unicode>Schriften, das Streben, von der Erkenntnis des Menschen zur</Unicode>
                </TextEquiv>
            </TextLine>
            <TextLine id="r3l73" custom="readingOrder {index:72;}">
                <Coords points="1846,3280 2963,3262 3046,3213 1845,3237"/>
                <Baseline points="1854,3271 1913,3270 1972,3269 2031,3268 2091,3267 2150,3266 2209,3265 2268,3264 2328,3263 2387,3262 2446,3260 2505,3259 2565,3257 2624,3256 2683,3254 2742,3253 2802,3251 2861,3250 2920,3248 2979,3247 3039,3246"/>
                <TextEquiv>
                    <Unicode>Erkenntnis des Weltgeschehens vorzudringen, unverkennbar,</Unicode>
                </TextEquiv>
            </TextLine>
            <TextLine id="r3l74" custom="readingOrder {index:73;}">
                <Coords points="1844,3318 3012,3308 3033,3251 1843,3283"/>
                <Baseline points="1851,3307 1909,3307 1968,3307 2027,3307 2086,3306 2144,3305 2203,3304 2262,3303 2321,3302 2379,3300 2438,3299 2497,3297 2556,3296 2614,3294 2673,3293 2732,3291 2791,3289 2849,3288 2908,3287 2967,3285 3026,3284"/>
                <TextEquiv>
                    <Unicode>aber es führt nur in neue, tiefere Hoffnungslosigkeit, in ein</Unicode>
                </TextEquiv>
            </TextLine>
            <TextLine id="r3l75" custom="readingOrder {index:74;}">
                <Coords points="1840,3360 2817,3343 2902,3324 2902,3290 1839,3318"/>
                <Baseline points="1848,3346 1900,3346 1952,3346 2005,3345 2057,3345 2109,3344 2162,3343 2214,3342 2266,3341 2319,3340 2371,3339 2423,3338 2476,3336 2528,3335 2580,3334 2633,3333 2685,3332 2737,3331 2790,3330 2842,3330 2895,3329"/>
                <TextEquiv>
                    <Unicode>weites Land, in dem es weder Wege noch Weiser gibt.</Unicode>
                </TextEquiv>
            </TextLine>
            <TextLine id="r3l76" custom="readingOrder {index:75;}">
                <Coords points="1921,3390 3043,3377 3041,3332 2944,3317 1920,3361"/>
                <Baseline points="1929,3387 1984,3386 2039,3385 2094,3383 2150,3383 2205,3381 2260,3380 2316,3379 2371,3378 2426,3377 2482,3376 2537,3374 2592,3373 2647,3372 2703,3370 2758,3368 2813,3367 2869,3365 2924,3364 2979,3362 3035,3359"/>
                <TextEquiv>
                    <Unicode>„Wir spielen alle; wer es weiß, ist klug“, das ist — trotz</Unicode>
                </TextEquiv>
            </TextLine>
            <TextLine id="r3l77" custom="readingOrder {index:76;}">
                <Coords points="1847,3429 2846,3424 3050,3372 1847,3394"/>
                <Baseline points="1855,3422 1914,3422 1973,3422 2033,3421 2092,3421 2152,3420 2211,3419 2270,3418 2330,3417 2389,3416 2449,3415 2508,3413 2567,3412 2627,3410 2686,3409 2746,3408 2805,3406 2864,3405 2924,3403 2983,3402 3043,3401"/>
                <TextEquiv>
                    <Unicode>aller Sehnsucht — die letzte Weißheit dieses klugen, feinen</Unicode>
                </TextEquiv>
            </TextLine>
            <TextLine id="r3l78" custom="readingOrder {index:77;}">
                <Coords points="1844,3470 2977,3453 3055,3443 3054,3386 1843,3432"/>
                <Baseline points="1851,3463 1910,3462 1970,3462 2030,3461 2090,3460 2150,3459 2209,3458 2269,3457 2329,3455 2389,3454 2449,3453 2508,3451 2568,3450 2628,3449 2688,3447 2748,3446 2807,3445 2867,3444 2927,3442 2987,3441 3047,3440"/>
                <TextEquiv>
                    <Unicode>Dichters, und deshalb wird sein Werk eines Tages nur noch</Unicode>
                </TextEquiv>
            </TextLine>
            <TextLine id="r3l79" custom="readingOrder {index:78;}">
                <Coords points="1836,3516 3040,3495 3048,3441 1835,3469"/>
                <Baseline points="1843,3503 1902,3501 1962,3500 2022,3499 2082,3498 2142,3496 2202,3495 2262,3494 2322,3493 2382,3493 2442,3492 2501,3491 2561,3490 2621,3489 2681,3487 2741,3486 2801,3484 2861,3482 2921,3480 2981,3478 3041,3476"/>
                <TextEquiv>
                    <Unicode>literarischen und dokumentarischen Wert haben; es ist in seinen</Unicode>
                </TextEquiv>
            </TextLine>
            <TextLine id="r3l80" custom="readingOrder {index:79;}">
                <Coords points="1841,3537 3051,3533 3050,3490 2910,3475 1840,3511"/>
                <Baseline points="1849,3541 1908,3540 1968,3539 2028,3539 2087,3538 2147,3537 2207,3536 2266,3534 2326,3533 2386,3532 2446,3530 2505,3529 2565,3527 2625,3526 2684,3524 2744,3523 2804,3521 2863,3520 2923,3518 2983,3516 3043,3515"/>
                <TextEquiv>
                    <Unicode>erlesenen Masken und Wundern nur das kleine, zeitliche Schicksat,</Unicode>
                </TextEquiv>
            </TextLine>
            <TextLine id="r3l81" custom="readingOrder {index:80;}">
                <Coords points="1841,3583 2990,3569 3047,3519 1840,3555"/>
                <Baseline points="1849,3582 1908,3581 1968,3580 2027,3579 2087,3578 2146,3577 2206,3576 2265,3575 2325,3574 2384,3573 2444,3571 2504,3570 2563,3569 2623,3567 2682,3565 2742,3563 2801,3561 2861,3559 2920,3557 2980,3555 3040,3552"/>
                <TextEquiv>
                    <Unicode>nicht das große, zeitlose gespiegelt. Und es sind Zeichen vor¬</Unicode>
                </TextEquiv>
            </TextLine>
            <TextLine id="r3l82" custom="readingOrder {index:81;}">
                <Coords points="1850,3625 3045,3607 3044,3562 1849,3586"/>
                <Baseline points="1857,3621 1916,3620 1975,3619 2034,3618 2093,3617 2152,3616 2211,3614 2270,3613 2329,3612 2388,3611 2447,3609 2506,3608 2565,3606 2624,3605 2683,3603 2742,3602 2801,3600 2860,3598 2919,3596 2978,3594 3037,3592"/>
                <TextEquiv>
                    <Unicode>handen, daß an diesem Sechzigjährgen das Geschick seiner besten,</Unicode>
                </TextEquiv>
            </TextLine>
            <TextLine id="r3l83" custom="readingOrder {index:82;}">
                <Coords points="1851,3662 2924,3647 3047,3610 1850,3625"/>
                <Baseline points="1859,3659 1918,3657 1977,3656 2036,3655 2095,3654 2154,3653 2213,3652 2272,3652 2331,3651 2390,3650 2449,3649 2508,3648 2567,3647 2626,3645 2685,3644 2744,3642 2803,3640 2862,3638 2921,3635 2980,3632 3039,3629"/>
                <TextEquiv>
                    <Unicode>tiefsten, dichterisch schönsten und menschlich, trotz aller Schärfe des</Unicode>
                </TextEquiv>
            </TextLine>
            <TextLine id="r3l84" custom="readingOrder {index:83;}">
                <Coords points="1851,3702 3048,3673 3032,3635 1850,3661"/>
                <Baseline points="1858,3698 1917,3697 1976,3695 2035,3694 2094,3693 2153,3692 2212,3691 2272,3690 2331,3689 2390,3688 2449,3687 2508,3686 2567,3685 2626,3684 2686,3682 2745,3681 2804,3679 2863,3677 2922,3675 2981,3672 3041,3669"/>
                <TextEquiv>
                    <Unicode>Blicks, geliebtesten Gestalt sich zu vollenden beginne, jenes</Unicode>
                </TextEquiv>
            </TextLine>
            <TextLine id="r3l85" custom="readingOrder {index:84;}">
                <Coords points="1843,3740 2720,3735 3058,3711 3058,3671 1842,3708"/>
                <Baseline points="1851,3737 1911,3734 1971,3733 2031,3731 2091,3730 2151,3729 2211,3728 2271,3728 2331,3727 2391,3726 2451,3725 2511,3725 2571,3724 2631,3722 2691,3721 2751,3719 2811,3717 2871,3714 2931,3712 2991,3708 3051,3704"/>
                <TextEquiv>
                    <Unicode>Stephan von Sala, der nach einem langen, gemessen=lustvollen</Unicode>
                </TextEquiv>
            </TextLine>
            <TextLine id="r3l86" custom="readingOrder {index:85;}">
                <Coords points="1835,3781 3046,3767 3055,3733 1834,3754"/>
                <Baseline points="1843,3773 1903,3772 1963,3771 2023,3770 2083,3769 2144,3768 2204,3767 2264,3766 2324,3765 2384,3764 2445,3763 2505,3762 2565,3761 2625,3759 2685,3758 2746,3757 2806,3755 2866,3754 2926,3752 2986,3750 3047,3748"/>
                <TextEquiv>
                    <Unicode>Tanz im Chaos den einsamen Weg erkennt, den er gewandert ist,</Unicode>
                </TextEquiv>
            </TextLine>
            <TextLine id="r3l87" custom="readingOrder {index:86;}">
                <Coords points="1845,3814 3047,3806 3061,3761 1844,3789"/>
                <Baseline points="1852,3815 1912,3812 1972,3811 2032,3809 2092,3808 2152,3806 2212,3805 2272,3804 2332,3803 2392,3802 2453,3801 2513,3800 2573,3798 2633,3797 2693,3796 2753,3794 2813,3793 2873,3791 2933,3789 2993,3787 3054,3784"/>
                <TextEquiv>
                    <Unicode>und der an dessen Ende sagt: „Und wenn uns ein Zug von Bac¬</Unicode>
                </TextEquiv>
            </TextLine>
            <TextLine id="r3l88" custom="readingOrder {index:87;}">
                <Coords points="1845,3859 3042,3850 3041,3802 2904,3791 1844,3815"/>
                <Baseline points="1853,3851 1912,3851 1971,3850 2030,3849 2089,3848 2148,3847 2207,3846 2266,3845 2325,3844 2384,3842 2443,3841 2502,3840 2561,3838 2620,3837 2679,3835 2738,3834 2797,3833 2856,3831 2915,3830 2974,3829 3033,3828"/>
                <TextEquiv>
                    <Unicode>chanten begleitet — den Weg hinab gehen wir alle allein ...</Unicode>
                </TextEquiv>
            </TextLine>
            <TextLine id="r3l89" custom="readingOrder {index:88;}">
                <Coords points="1849,3904 2572,3884 2634,3847 1848,3860"/>
                <Baseline points="1856,3890 1894,3890 1933,3889 1971,3889 2010,3889 2048,3888 2087,3888 2125,3887 2164,3886 2202,3885 2241,3884 2280,3883 2318,3882 2357,3881 2395,3880 2434,3879 2472,3878 2511,3877 2549,3876 2588,3875 2627,3874"/>
                <TextEquiv>
                    <Unicode>wir, die selbst niemandem gehört haben.“</Unicode>
                </TextEquiv>
            </TextLine>
            <TextLine id="r3l90" custom="readingOrder {index:89;}">
                <Coords points="1917,3929 2922,3921 3046,3874 1916,3879"/>
                <Baseline points="1925,3929 1980,3928 2036,3927 2092,3926 2147,3925 2203,3924 2259,3923 2314,3921 2370,3920 2426,3919 2482,3918 2537,3916 2593,3915 2649,3914 2704,3912 2760,3911 2816,3910 2871,3908 2927,3907 2983,3905 3039,3904"/>
                <TextEquiv>
                    <Unicode>Und solche Einsicht, gepaart mit solcher Haltung, erregen in</Unicode>
                </TextEquiv>
            </TextLine>
            <TextLine id="r3l91" custom="readingOrder {index:90;}">
                <Coords points="1836,3972 2980,3956 3048,3949 3047,3892 1835,3935"/>
                <Baseline points="1843,3967 1902,3966 1962,3965 2022,3964 2082,3963 2142,3962 2202,3961 2262,3960 2322,3959 2382,3958 2442,3957 2501,3956 2561,3955 2621,3954 2681,3953 2741,3952 2801,3951 2861,3949 2921,3948 2981,3946 3041,3945"/>
                <TextEquiv>
                    <Unicode>uns unversehens doch etwas, das der Liebe sehr ahnlich sieht,</Unicode>
                </TextEquiv>
            </TextLine>
            <TextLine id="r3l92" custom="readingOrder {index:91;}">
                <Coords points="1897,4004 3010,3990 3055,3949 1897,3982"/>
                <Baseline points="1905,4007 1962,4005 2019,4003 2076,4002 2133,4000 2190,3999 2247,3998 2304,3997 2361,3996 2418,3996 2476,3995 2533,3994 2590,3994 2647,3993 2704,3991 2761,3990 2818,3989 2875,3986 2932,3984 2989,3982 3047,3979"/>
                <TextEquiv>
                    <Unicode>in uns, die wir freilich vor der Notwendigkeit stehen, aus dem</Unicode>
                </TextEquiv>
            </TextLine>
            <TextLine id="r3l93" custom="readingOrder {index:92;}">
                <Coords points="1856,4052 2965,4028 2964,3993 2874,3982 1855,4016"/>
                <Baseline points="1864,4051 1918,4048 1973,4045 2028,4043 2082,4041 2137,4039 2192,4038 2246,4037 2301,4036 2356,4035 2411,4034 2465,4033 2520,4033 2575,4032 2629,4031 2684,4030 2739,4028 2793,4027 2848,4024 2903,4023 2958,4020"/>
                <TextEquiv>
                    <Unicode>alten Chaos zu neuen Ufern und neuen Tagen den Weg</Unicode>
                </TextEquiv>
            </TextLine>
            <TextLine id="r3l94" custom="readingOrder {index:93;}">
                <Coords points="1855,4096 2875,4058 2946,4091 3064,4051 2990,4010 1854,4050"/>
                <Baseline points="1862,4088 1921,4085 1981,4082 2041,4080 2100,4079 2160,4077 2220,4076 2279,4075 2339,4074 2399,4073 2459,4072 2518,4071 2578,4070 2638,4069 2697,4068 2757,4067 2817,4065 2876,4063 2936,4061 2996,4058 3056,4055"/>
                <TextEquiv>
                    <Unicode>finden, die aber dennoch mit füßen und schmerzlichen Exz#e¬</Unicode>
                </TextEquiv>
            </TextLine>
            <TextLine id="r3l95" custom="readingOrder {index:94;}">
                <Coords points="1847,4121 2449,4141 2531,4109 2753,4108 2726,4072 2628,4067 1847,4090"/>
                <Baseline points="1855,4107 1899,4110 1944,4113 1988,4115 2033,4117 2077,4117 2122,4118 2166,4118 2211,4118 2255,4117 2300,4116 2344,4115 2389,4114 2433,4112 2478,4111 2522,4109 2567,4107 2611,4107 2656,4105 2700,4104 2745,4103"/>
                <TextEquiv>
                    <Unicode>#####gen verhaftet sind in dem, was einmal war.</Unicode>
                </TextEquiv>
            </TextLine>
            <TextEquiv>
                <Unicode>AUOEF SCHUSTENMANN
Zeitungs-Ausschnitte
Grösstes deutsches Zeitungs Ausschnitt-Büro
Berlin SO 16, Rungestr. 22-24
Morgen=Ausgabe
Hanndbirschie Kntat
Zeitung für Nordwestdentschland
Gegründet 1849,
Täglich zwei Ausgaben
1

Dalim 12 12 1e
1
K, SI
755
Arkur Schnitzler.
Zuseinem 60. Geökklstag am 15. Mai.
Von
Jan Brodersen.
In den Veiser mit denen vor dreißig Jahren der junge
Hofmannsthäl ddem Erstling des älteren Freundes und Lands¬
manns des Heleit gab, heißt es:
Also spielen wir Theater,
Spielen unsre eignen Stücke,
Frühgereift und zart und traurig,
Die Komödie unsrer Seele,
Unfres Fühlens Heut und Gestern,
Böser Dinge hübsche Formel,
Glatte Worte, bunte Bilder,
Halbes, heimliches Empfinden,
Agonien, Episoden
Das ist die Anatol=Welt die Welt des sanften, eleganten,
etwas müden und recht ironischen Melancholikers aus gutem,
alten Wiener Hause, der schon in der Unterterz zutiefst überzeugt
war von der determinierten Sinnlosigkeit des doppelgesichtigen
Daseins und der nun, da andere, in härterer Luft, Manner ge¬
worden sind, entschlossen und resigniert, das Ihre zu tun, an
seinem armen, aber gepflegten Teil immer wieder in ruhelöser
Lüsternheit nach Erleben und Geheimnis ausflattert; aber ob
er auch von Blume zu Blume, von Erregung zu Erregung, von
Weib zu Weib durchs Gelände schweift, in spielendem Fluge die
offenen Wiesen und fremde, taxusumhegte Gärten abstreift, er
kehrt immer derselbe zurück: ein Gaukler, ein Speler, ein
Tänzer im Chaos.
Das Leben ist ein Spiel, ja, aber ein Spiel vor Hinter¬
gründen. Die leichte Hand rührt an schwere Dinge, sehr ernste und
vielleicht schreckliche; an Abgründen wird getanzt und auf einem
Ballfest tun sich Abgründe auf. Nur: dem Ernst wird im letzten
Augenblick der Stachel abgebrochen; er paßt nicht zu der zarten,
leicht verletzlichen Grazie des Geistes, zu der lässigen Sicherheit
der Haltung, die in dieser Welt das Wichtigste, das einzig Wich¬
tige sind. Und außerdem: es ist gefährlich, das Spiel ernst zu
man kann daran sterben.
nehmen, —
Die abwärts geneigte Schönheit, der verschleferte Glanz
einer um ihn herum sterbenden Kultur, die am Wert ihrer
Güter verzweifelt, ohne von ihnen doch lassen zu können, ist in
Artur Schnitzlers Werk mit feiner und sicherer Hand gestaltet,
mit dem Ernst des Künstlers, der weiß, daß Spielende den
letzten Dingen viel näher sind als die aufrechten, ernsthaften,
ehrpußlichen Berufsmenschen, die in der Zeitlichkeit sich erschöp¬
fen, während die Kinder beim Haschen und Verstecken unversehens
an der Götter Knie streifen. Aber dieser Künstler ist Analytiker,
ist Ergründer und Zergliederer, ein skeptischer Topograph der
Seele, — er ist kein Schöpfer. Ob er, der Arzt, die Krankheit
der Zeit als unheilbar erkannt hat. ob ihm nur die Magie der
es kommt auf eins hinaus: sein Werk zeigt
Heilgewalt fehlt, —
nur auf, was ist, führt nicht zu dem, was werden soll. (Die
Stücke, die eine These verfechten, eine Tendenz bekunden, sind
seine schwächsten.) Zwar ist, vor allem in späteren erzählenden
Schriften, das Streben, von der Erkenntnis des Menschen zur
Erkenntnis des Weltgeschehens vorzudringen, unverkennbar,
aber es führt nur in neue, tiefere Hoffnungslosigkeit, in ein
weites Land, in dem es weder Wege noch Weiser gibt.
„Wir spielen alle; wer es weiß, ist klug“, das ist — trotz
aller Sehnsucht — die letzte Weißheit dieses klugen, feinen
Dichters, und deshalb wird sein Werk eines Tages nur noch
literarischen und dokumentarischen Wert haben; es ist in seinen
erlesenen Masken und Wundern nur das kleine, zeitliche Schicksat,
nicht das große, zeitlose gespiegelt. Und es sind Zeichen vor¬
handen, daß an diesem Sechzigjährgen das Geschick seiner besten,
tiefsten, dichterisch schönsten und menschlich, trotz aller Schärfe des
Blicks, geliebtesten Gestalt sich zu vollenden beginne, jenes
Stephan von Sala, der nach einem langen, gemessen=lustvollen
Tanz im Chaos den einsamen Weg erkennt, den er gewandert ist,
und der an dessen Ende sagt: „Und wenn uns ein Zug von Bac¬
chanten begleitet — den Weg hinab gehen wir alle allein ...
wir, die selbst niemandem gehört haben.“
Und solche Einsicht, gepaart mit solcher Haltung, erregen in
uns unversehens doch etwas, das der Liebe sehr ahnlich sieht,
in uns, die wir freilich vor der Notwendigkeit stehen, aus dem
alten Chaos zu neuen Ufern und neuen Tagen den Weg
finden, die aber dennoch mit füßen und schmerzlichen Exz#e¬
#####gen verhaftet sind in dem, was einmal war.</Unicode>
            </TextEquiv>
        </TextRegion>
    </Page>
</PcGts>
