3392 4320
280 268 976 379 goth Birthday
1098 265 1590 355 box 39/3
2012 350 2637 508 Wetre Fugie Poser
2334 436 2484 536 1
2208 802 2629 909 16 M41
1819 1092 2866 1202 Die Schnitzler-Feier des Burgtheaters.
2019 1166 2696 1250 („Der junge Medardus.“)
1857 1216 2948 1287 Das Burgtheater hat den sechzigsten Geburtstag Artur
1781 1275 2927 1337 Schnitzlers dessen Wesen und Jugend mit der „Burg“
1776 1310 2939 1375 untrennbar verbünden ist, durch die Wiederaufführung der großen
1774 1356 2945 1424 dramatischen Historie „Der junge Medardus“ gefeiert,
1778 1415 2950 1472 eine Wahl, der man in jedem Betracht mit Wärme beipflichten
1791 1469 2947 1509 muß. Man hatte sich gerade für dieses figurenreichste, beinahe die
1788 1494 2957 1554 gesamte Künstlerschaft aufbietende, überdies, wie man vernimmt,
1790 1533 2952 1590 durch gewisse technische Vorkehrungen in den gegenwärtigen Zeit¬
1786 1574 2948 1637 läuften sehr kostspielig gewordene Werk entschieden, weil es nach
1776 1615 2947 1677 einer Aeußerung des Direktors Schnitzlers repräsentabelstes und
1792 1666 2947 1720 am meisten österreichisches Werk bedeutet. Wie gerade dieses
1788 1686 2955 1763 Werk seinen Dichter, kennzeichnet die „Medardus“=Aufführung
1785 1744 2953 1821 den Ernst der Arbeit des Burgtheaters. Man darf es ohne
1784 1778 2953 1856 Ruhmredigkeit für die eigene Stadt und unsere künstlerische
1793 1851 2947 1893 Kultur, die sich jetzt erst den Fremden zu offenbaren beginnt,
1785 1872 2950 1938 behaupten: ein Gesamtbild, wie es die fünfzehn Szenen oder
1796 1915 2955 1979 kleinen Akte dieses so lange für unaufführbar gehaltenen und
1792 1959 2944 2009 dabei höchst publikumswirksamen Dramas darbieten, ist
1787 2007 2953 2064 nirgendwo sonst denkbar. Ungezählte Rollen und Röllchen, wie
1793 2056 2959 2102 man sich aus der bekannten feststehenden und auch diesmal von
1776 2087 2954 2142 dem Regisseur Paulsen beibehaltenen „Medardus“=Inszenierung
1798 2131 2960 2187 erinnert. Und dabei jede Episode nuanciert, nicht bloß von den
1789 2172 2951 2232 Meisterinnen Frau Bleibtreu (Franziska Klähr), Frau
1792 2216 2958 2281 Medelsky (Agathe), diesmal auch Frau Wohlgemuth
1804 2251 2968 2317 (Helene), Frau Wilbrandt (Frau Winkler) und
1792 2296 2971 2352 Meistern Paulsen (Eschenbacher), Arndt (Arzt), Siebert
1807 2343 2962 2406 (Desolteux) und Karl Zeska (Renault), zu denen man in der
1812 2401 2958 2447 Episode des alten Herrn auch Straßni rechnen muß, während
1800 2435 2956 2491 Höbling (Rapp) zu den jungen, stürmischen Adepten zählt.
1805 2465 2958 2534 Einige wesentliche Rollen waren neu besetzt. Sie haben den Glanz
1799 2517 2958 2596 der „Medardus“=Aufführung nicht erhöht, aber gewiß überall
1807 2571 1995 2637 gewahrt.
1891 2577 2963 2659 Herr Schott gab die Titelrolle, die doch für das Stück
1814 2643 2956 2701 nicht die eigentlich entscheidende ist. Man könnte sich den jungen
1810 2678 2966 2745 Medardus, diese Mischung eines Schwärmers, Helden und Narren,
1809 2727 2955 2784 anders gespielt denken, als ihn vormals Herr Gerasch und
1805 2765 2958 2841 jetzt Herr Schott gibt. Interessanter und eindringlicher. Skep¬
1812 2819 2971 2865 tischer, wie ihn der Dichter sah. Als einen verwirrten Brause¬
1815 2851 2971 2913 kopf, der bald vom Schicksal, bald von den Sinnen, bald von
1821 2903 2973 2959 jedem großen Wort der anderen genarrt und verführt wird,
1815 2959 2966 3002 darüber an sich und in sich verzweifelt und zuletzt, mit einem
1817 2980 2977 3051 Ruck gegen sich selbst, mannhaft stirbt, weil er fühlt, daß er
1846 3127 2996 3191 doch nicht mannhaft in leben vermöchte. Herr Schott unterließ
1855 3176 2999 3231 diese (nicht leichte) Färbung und Nuancierung. Er gab den
1853 3216 3001 3279 Mebardus naiver, aus seiner starken Begabung: als einen ver¬
1844 3255 3001 3308 wereenen, hitig=leidenschaftlichen Jükgling, dem das Schön¬
1845 3296 2994 3354 Rednerische aus der Jugend strömt. Georg Reimers gab den
1841 3334 2996 3406 alten, blinden Herzog von Valois, noch eine der würdigsten
1839 3372 3002 3428 Figuren Hartmanns. Sie war auch bei Reimers voll Adel, von
1848 3417 2995 3463 feierlicher, ein bißchen starrer Größe, wie ein steinern=ornamen¬
1833 3460 3000 3528 tales französisches Wappenschild. Von der feinsten Wärme und
1832 3508 3005 3561 in vornehm zurückhaltender Lebensechtheit war Herr Rom¬
1834 3535 3013 3610 berg als lahmer Etzelt, der Bewunderer des Medardus und sein?
1835 3584 2998 3642 enttänschter Freund, Herr Aslan als Marquis von Valois,
1830 3630 2998 3693 edel im Ton und von seigneurialer Würde, der bleichen
1823 3660 2993 3737 Erscheinung, Herr Maierhofer (Wachshuber) traf das
1828 3708 3003 3782 saloppe Wienertum vergnüglich, Herr Schmöle die ärztlich¬
1832 3744 3009 3821 höfische Delikatesse des Assalagny, Herr Pranger das Aristo¬
1825 3792 2994 3865 kratische des Frangois. Frau Kallina war als Herzogin
1822 3835 3008 3901 ergreifend in ihrem Ausbruch am Grab des Sohnes, lebenswahr
1826 3870 3003 3946 und wie immer bestes Theater. Frau Albach=Retty als
1830 3917 3000 3980 Zofe Nerina brachte mit ihrer heiteren Natürlichkeit in den Ernst
1820 3952 2999 4020 der Historie. die Lustspiellaune, Frau Seidler war eine
1825 4000 2991 4070 mädchenhaft zarte Anna, Frau Pünkösdy erwies mit den
1819 4045 3000 4093 wenigen scharfen Zügen ihrer Elisabeth, was man an dieser
1818 4079 2996 4132 Choristin besitzt und noch mehr besitzen könnte.... Das Haus
1821 4129 2508 4163 war von einem festlich gestimmten
