3344 4480
685 289 923 374 hday
206 303 724 388 —
1070 276 1529 361 box 39/3
1661 113 2940 159 berliche en
1663 149 2940 195 Dichter selbst weiß nur allzuwohl, daß darunter der Tod lauert, immer
1650 181 2941 234 bereit, mit seinen Fangarmen die leichtfertig buhlenden, gedankenlosem
1653 226 2946 278 Treiben hingegebenen Eintagsgeschöpfe in die Tiefe hinabzuzlehen.
1654 264 2959 297 Er läßt sie in Anmut leben und sterben; kein wilder Schrei der Leiden¬
1653 294 2941 344 schaft könt von ihren Lippen, ohne kraftvolle Gegenwehr sinken sie
1651 343 2943 392 dahin. Unbewußt liegt die Melancholie solchen Endes schon über ihren
1661 375 2949 421 jungen Tagen, über dem Liebesgetändel Anatols, dem Erstling, dem
1654 408 2955 460 der 16 jährige Hugo von Hofmannsthal den Vorspruch gab, „frühgereift
1652 447 2111 500 und zart und traurig".
1738 470 2974 519 Aber hier und da klingen auch bei Schnitzler Töne einer Heiter¬
1648 528 2948 575 keit ohne Harm, und nirgends fröhlicher als dort, wo er sich die Leute
1659 560 2952 601 vom Melier, die Federhelden aufs Korn nimmt, in dem übermütigen
1656 605 2952 649 Einakter „Literatur“. Wer schärfer blickt, erkennt auch hinter dem
1649 634 2965 663 Spott über die eitlen, zigeunerhaften Helden des Café Größenwahn die
1651 676 2961 709 dunkle Folie der Selbstironie, des Zweifels am Recht und Wert alles
1662 710 2955 744 Schriftstellerns, den Widerwillen gegen das Treiben auf dem Jahr¬
1662 752 2953 791 markt der Worte. In dem Wortkampf der beiden einstigen Genossen,
1663 791 2955 827 des Literaturweibchens und ihres eifersüchtigen, depossedierten Be¬
1657 829 2960 858 herrschers, wirft er ihr, als sie in der alten Art geistreich zu blißen
1646 863 2944 912 beginnt, das böse Wort an den Kopf: „Cest de la littérature!“ Was
1647 896 2957 947 so viel sagt wie: Geschwätz, Phrasendrescherei, selbstgefällige Freude
1653 936 2006 989 am eigenen Witz.
1725 966 2952 1004 Den deutschen Leser befremdet, solcher Gebrauch des Wortes
1666 1011 2958 1047 Literatur" Ihm bedeutet es zumeist noch den Inbegriff alles Schrift¬
1662 1035 2955 1091 tums, insbesondere des dichterischen; er vernimmt darin die Stimme
1653 1090 2941 1128 der menschlichen Seele, aufgefangen durch unzählige Verkünder aller
1652 1121 2963 1160 ihrer heimlichen Laute und die Zusammenfassung der großen Schöpfungen
1654 1167 2936 1201 des Menschengeistes. Wie konnte es kommen, daß dieses Wort so
1652 1197 2960 1249 hoch emporstieg und zugleich so entwürdigt wurde? Die Antwort darauf
1658 1236 2948 1294 mag einer kurzen Betrachtung wert sein; Geschichte der Sprache ist
1661 1272 2952 1320 ja nichts anderes als Geschichte des in ihr verkörperten Wollens,
1655 1313 2954 1349 Fühlens und Denkens. Und vielleicht fällt so auch ein Licht auf den
1662 1361 2904 1395 Dichter, der das Wort in ungewöhnlichem Sinne angewendet hat.
1740 1385 2944 1442 Ohne weiteres führt der Stamm zurück auf das lateinische „litera“,
1657 1427 2953 1471 das den einzelnen geschriebenen Buchstaben bedeutet, wie heute noch
1666 1469 2956 1508 die Lettern' des Druckers. In der Mehrzahl bezeichnet es das
1663 1503 2956 1553 Schriftstück, den Brief (siehe das französische „lettre') und alles mit
1670 1546 2960 1591 Hilfe der Schrift festgehaltene geistige Erlebnis, also jeden Aufsatz,
1672 1583 2965 1644 alle Denkmäler des Schriftkums und schließlich die gesamte Wissen¬
1667 1614 2964 1662 schaft und Bildung. Die Ableitung „literatura umfaßt frühzeitig die
1671 1656 2956 1708 gleichen Begriffe, entstanden über die Zwischenstufe „literatus und
1669 1696 2967 1741 geht schon im 14. Jahrhundert ins Französtsche über. Bis ldie Deutschen
1668 1726 2956 1781 von dort das Wort entlehnten, verging lange Zeit. Noch 1727 führte
1656 1762 2974 1822 Sperander in seiner „à la Mode - Sprach der Deutschen“ das Wort
1663 1807 2956 1850 Literatur mit auf, zum Zeichen, daß es ihm als neu und geziert galt;
1658 1847 2961 1881 erst in der folgenden Generation gewann es Bürgerrecht, Lessing und
1673 1885 2960 1932 seine Zeitgenossen gebrauchten es, um die Gesamtheit des Schrifttums,
1666 1923 2968 1964 gelehrtes und dichterisches, zu bezeichnen, letzteres bis ins 19. Jahr¬
1666 1959 2966 2014 hundert als „schöne Literakur (Verdeutschung von 'belles leitres?).
1749 1989 2961 2043 Zum höchsten Gipfel erhob Goethe den Begriff in seiner Zusammen¬
1667 2035 2966 2078 setzung „Weltliteratur' Er meinte damit nicht etwa die Gesamtbeit
1661 2069 2964 2114 der in den verschiedenen Sprachen abgefaßten Schriften, sondern etwas
1655 2102 2967 2149 Neues, erst Werdendes. Er meint nicht, „die Nationen sollen überein
1671 2148 2962 2187 denken, sondern sie sollen nur einander gewahr werden und, wenn sie
1670 2187 2958 2231 sich wechselseltig nicht lieben mögen, sich einander wenigstens dulden
1670 2219 2964 2262 lernen". Den Deutschen ist in dieser neuen Bewegung eine ehrenvolle
1673 2262 2962 2309 Rolle vorbehalten. „Wer die deutsche Sprache versteht und findie#t,
1664 2298 2961 2350 befindet sich auf dem Markte, wo alle Nationen ihre Waren onbieten¬
1668 2326 2965 2379 er spielt den Dolmekscher, indem er sich selbst bereichert.“ Als letzte
1665 2380 2975 2426 erreichbare Bildungsepoche erscheint Goethe die universelle, in der alle
1670 2416 2871 2465 fremden Literaturen sich mit der einheimischen ins gleiche setzen.
1675 2444 2965 2491 verwirklicht sich für ihn in der Weltliteratur das Ideal eines Einheits¬
1666 2489 2962 2538 lebens der Menschheit überhaupt, wie Simmel gut gesagt hat. Freilich
1673 2529 2956 2567 warnt er auch: „Jett, da sich eine Weltlikeratur einleitet, hat genau
1664 2562 2970 2636 besehen der Deutsche am meisten zu verlieren; er wird wohl kun, dieser
1673 2601 2140 2652 Warnung nachzudenken.
1744 2644 2967 2691 In der gleichen Zeit, als so daß Work „Literakur“ durch Goelhe
1667 2673 2966 2719 seinen weitesten und höchsten Sinn gewann, um das Jahr 1820, begann
1670 2717 2956 2766 schon das Herabsinken. Der „Literat', ursprünglich einfach der Mann,
1663 2757 2961 2795 der auf Grund seiner Bildung und Begabung auf irgendeinem Gediet
1670 2791 2968 2835 des Schrifttums wirkte, wurde um diese Zeit schon zu dem kleinen
1663 2830 2964 2885 Schriftsteller, dem Handwerker der Feder, und allmählich kam die
1677 2879 2539 2921 Bezeichnung „Literat' immer tiefer herunter.
1743 2888 2965 2946 So weit ist es mit dem abgeleiteten Work „Literakur“ noch nicht
1681 2947 2972 2992 gekommen, wenigstens nicht in Deutschland. Aber auch hier steht es
1677 2976 2963 3024 heute nicht mehr auf seiner einstigen stolzen Höhe, wo es mit Wissen¬
1682 3018 2973 3069 schaft und Dichtung gleichen Rang hatte. Heute bedeutet uns Dichtung
1668 3066 2943 3108 mehr als Literatur, die wahllos alles Lesbare umschließt (im Gegensatz
1670 3096 2961 3158 zu dem neuerdings abgespalteten und eigenartig gesteigerten Begriff
1671 3135 2042 3188 des „Literarischen?).
1750 3164 2966 3220 Die Ursache dafür erkennen wir in dem Wandel, der sich in unserer
1678 3207 2972 3246 Auffassung von dem Wesen und der Funktion der Kunst, insbesondere
1669 3245 2962 3298 der Dichtkunst, in jüngster Zeit vollzogen hat. Jene Epoche, der es auf
2594 3277 2629 3315 1
1666 3295 2964 3344 gewissenhafte Wiedergabe der Wirklichkeit, auf psychologische Zer¬
1684 3319 2963 3371 gliederung und Beschreibung des Innenlebens ankam, erscheint der
1679 3364 2960 3413 Jugend von heute als Zeit der Verderbnis, kunstschädlicher Irrtümer.
1669 3402 2976 3464 Jetzt soll wieder die Unmittelbarkeit leidenschaftlichen Fühlens, der wilde
1674 3435 2866 3485 Schrei der Lust und der Verzweiflung aus den Versen aufstöhnen.
1758 3472 2976 3523 Den neuesten Dichtern klingt bereits das Wort „Literatur“ etwa
1693 3503 2977 3563 so wie in der französischen Redensart, die Schnitzler seinem Schrift¬
1685 3549 2978 3605 stellerpaar in den Mund legt. Auch in ihm, dem klugen, warmen
1681 3597 2976 3643 Künstler, mag ein solcher Unterton schon damals, vor 20 Jahren, mit¬
1679 3623 2972 3671 geschwungen haben, als er das kleine Lustspiel Literakur“ schrieb.
1689 3655 2969 3714 Aber er braucht wahrlich nicht zu fürchten, seine Werke würden mit
1678 3710 2970 3751 dem weiteren Absinken des Werkes, den der Titel bei seiner Enk¬
1690 3745 2970 3794 stehung bedeutete, in den Orkus der Verachtung und des Vergessens
1682 3781 2968 3823 mitgerissen werden. Als ehrliche Zeitbilder, als liebevoll durchgeformte
1690 3822 2977 3866 Erzeugnisse eines ansehnlichen Talenks, um ihrer wirksam erfundenen
1688 3852 2970 3901 Gestalten und Vorgänge willen werden sie fortleben. Wir hoffen und
1687 3892 2962 3941 wünschen, es möge dem heute Sechzigjährigen beschieden sein, uns noch
1682 3928 2971 3974 so manches Bild aus jenem Wien zu geben, in dem sein Wesen wuczelt,
1683 3971 2971 4012 und das vielleicht nicht besser, aber sicher anmutiger war als das Wien
1675 3996 2967 4048 der Gegenwart. Und wir wissen: nur böser Wille oder Parkeigehässig¬
1675 4042 2614 4084 kett kann Schnißlers Schaffen „Literakur“ schelten.
2021 4121 2459 4178 a4 o0x: 1000
