3436 4352
255 349 1563 463 Both Birthday box 39/3
747 1796 1218 1866 Siimmimmmmmmmmmmmmnmn.
662 2996 1290 3089 Scimmimmmmmmmmmmmmmmmemn
1145 3045 1386 3117 Phot. Scherl
505 3124 1421 3219 Der Wiener Dichter feiert am 15. Mai seinen
501 3190 1423 3257 sechzigsten Geburistag in seiner Heimatsladt
1465 1733 2935 1868 ARTHUR SCHNITZLER
2274 1871 2961 1956 Wir sagten es schon: Schnitzler stu¬
1433 1895 2172 1977 Der weltliche Beruf, den ein Dichter
2208 1931 2967 1982 dierte Musik. Diese Einzelheit sei Anlaß,
1427 1952 2175 2023 einnahm, ehe er sich für seine Berufung
2216 1975 2974 2027 sie nicht mit Versuchen der Interpretation
1438 1996 2186 2055 erkannte, ist er nicht schon ein gutes
2229 2008 2973 2075 zu überfallen. Aber der Leser wird in
1433 2036 2182 2101 Stück Biographie, ein Hinweis auf welchem
2220 2047 2969 2116 den Schilderungen, die der Dichter gibt,
1438 2071 2189 2134 Boden die ersten Besinnungen aufwuchsen?
2232 2086 2968 2148 stets eine Stimmung finden, von der er
1443 2112 2189 2175 Schnitzler war Arzt, Sohn eines Arztes,
2232 2118 2971 2192 nicht weiß, woher sie kommt, und die
1449 2147 2182 2209 wie Flaubert, Dostojewsky. Er praktizierte
2223 2158 2977 2229 doch da ist, irgendwie zwischen den
1443 2201 2190 2246 im allgemeinen Krankenhaus in Wien, er
2225 2207 2972 2266 Zeilen, als Ouft, als Nuance, als etwas,
1443 2234 2184 2290 studierte Musik. Pascals Furcht: daß man
2229 2237 2974 2307 das nicht greifbar ist, nur fühlbar Mit
1448 2265 2182 2336 angenehm überrascht sei, wenn man auf
2239 2276 2975 2344 einer musikalischen, verträumten Sinnlich¬
1448 2302 2181 2378 der Suche nach einem Autor einen Men¬
2233 2315 2984 2373 keit sind diese Zeilen geschrieben. Mit
1447 2357 2198 2406 schen findet — sie ist verscheucht durch
2235 2367 2985 2417 der Darstellungskraft eines Träumenden,
1450 2386 2187 2443 diesen Hinweis auf den Beruf, der nur mit
2233 2387 2982 2462 der verzagt die wache Welt beschreibt und
1440 2422 2188 2474 einer Begabung des Herzens auszuüben ist.
2229 2435 2975 2502 ein wenig mutlos sie nur mit Ironie zitiert.
1450 2460 2203 2521 Der gute Arzt ist Berater, Freund. Bei
2228 2468 2975 2540 Sind wir verantwortlich für das, was wir
1442 2506 2193 2555 tieferer Art zu empfinden, ist es da weit
2240 2516 2978 2567 träumen?! Die Frauen können am besten
1450 2531 2196 2601 zum Dichter? Zu diesem Dichter, der mit
2237 2550 2977 2609 darauf antworten. Schnitzler erkennt diesen
1455 2572 2195 2645 stiller, wehmütiger Resignation das Leben
2236 2590 2975 2653 Mut der Frauen an; er ermüdet nicht, sie zu
1441 2616 2200 2669 beschaut. Er kennt die Vergewaltigungen
2241 2625 2983 2689 beschreiben, ihnen lächelnd zuzusehen.
1445 2655 2206 2719 der menschlichen Seele durch das Leben,
2232 2666 2992 2734 Sind seine Männergestalten nicht stark
1445 2693 2198 2767 dennoch wünscht er, wünscht für sich,
2240 2701 2980 2770 feminin, stets verliebt in ein Wort, in
1462 2734 2206 2802 geborgen in seiner Einsamkrit, die sich
2243 2746 2974 2811 eine Stimmung, in eine Landschaft?! So¬
1455 2774 2205 2826 immer mehr mit Träumen füllt. „Ich,
2238 2773 2993 2839 gar verliebt in ihre Nachgiebigkeit den
1463 2810 2198 2883 wenn ich eine wohlgeordnete Welt haben
2239 2820 2992 2891 Frauen gegenüber. Nichts Bestimmtes
1456 2852 2209 2909 will, ich muß mir immer selber erst eine
2250 2861 2984 2934 wissen, nur vermuten und zugeben, daß
1461 2884 2217 2944 schaffen. Das ist anstrengend für jemanden,
2245 2900 2989 2963 Frauen nun einmal so sind. Seine Frauen
1460 2927 2213 2990 der nicht der liebe Gott ist“. Und sollte
2242 2936 2984 2996 sind nicht wie die Hebbels zu „filtriert“,
1464 2966 2209 3020 es dem Dichter leichter gelingen, dem
2247 2982 2996 3045 wie Grillparzer dies über Rhodope sagte.
1466 3009 2210 3066 Dichter Schnitzler? Er traut nicht dem
2245 3016 3002 3071 Und damit ist auch gleich das Verhältnis
1476 3045 2207 3098 Worte, der kalten Beschreibung, eher der
2255 3054 2997 3119 fixiert, das der Süddeutsche zur Frau als
1476 3079 2205 3144 Musik, nach der er lauscht, wenn er schreibt.
2254 3091 2991 3166 menschliches Wesen hat. Rhodope und
2822 3133 2966 3192 Wolf.
2258 3145 2578 3212 das süße Mädel.
