3436 4320
1126 275 1572 362 box 39/3
267 301 349 364 6
257 287 972 410 chBirthdar
2091 1256 2309 1330 12. Heft
796 1269 1096 1347 9. Jahrgang
1276 1255 1760 1340 Der Lesezirkel,
984 1470 2105 1594 Hauptmann und Schnitzler,
1170 1603 1962 1731 die Sechzigjährigen
1477 1732 1625 1809 Von
1380 1799 1702 1879 Robert Faesi
818 1898 2305 1975 ieliterarische Revolution Deutschlands Ende der achtziger Jahre,
786 1975 2306 2056 19 jene Erschütterung des geistigen Lebens, die von altersschwach
926 2051 2310 2105 gewordenen Konventionen befreite und vor allem einer wirk¬
785 2099 2312 2155 lichkeitssüchtigen Kunst zum Durchbruch verhalf, liegt um ein Drittel¬
794 2155 2302 2219 jahrhundert, um eine volle Generation zurück. Von den hoffnungs¬
785 2202 2318 2270 vollen Talenten, die jene Zeitwelle auf die Höhe trug, sind manche
791 2285 2320 2341 -hestorben und verdorben, manche haben sich in Schweigen gehüllt,
787 2351 2318 2397 andere sind der Vergessenheit anheimgefallen, und wie viele sind von
799 2393 2311 2450 den damals eingeschlagenen Straßen abgeschwenkt, haben sich zu
792 2459 2233 2506 neuen Jahnen bekannt, ja, bis zur Unkenntlichkeit gewandelt.
866 2495 2317 2557 In Gerhart Hauptmann und Arthur Schnitzler, deren Geburt ins
787 2553 2318 2616 selbe Jahr 1862 fällt, und deren aufsehenmachender Eintritt in die
796 2613 2321 2681 Literatur sich kurz hintereinander um 1890 vollzog, ist jene Zeit
800 2685 2325 2736 bis heute lebendig und wirkungsvoll geblieben. Die dominierenden
790 2743 2325 2798 Züge ihres Jugendbildes bestimmen noch die Physiognomie der
790 2806 2317 2854 rüstigen Sechziger, mag sich auch manches gemildert, anderes ver¬
805 2844 2325 2929 schärft haben, und mögen neue, kaum erwartete, aber flüchtigere
794 2907 2321 2976 Linien das literarische Bild — namentlich das Hauptmanns — be¬
792 2964 2312 3030 reichern. Sie sind die Sichtbarsten unter den Wenigen jener
809 3031 2326 3097 Generation, die in stetiger Fruchtbarkeit und fast ununterbrochenem
803 3106 2324 3156 Zusammenhang ihr in erster Linie dramatisches, in zweiter Linie
804 3155 2331 3216 erzählendes Lebenswerk gemehrt haben; ihre Gestalten sind zu
802 3202 2322 3273 kleinen Völkern angewachsen, ihre Gesamtschöpfungen zu einem
797 3258 2323 3327 reichen Mikrokosmos. Hätte nur die Zeitwoge von 1890 ihr Werk
808 3316 2328 3380 emporgetragen, so wäre es trotz des beharrlichen Weiterschaffens
807 3386 2338 3454 schon im Wellental der Vergessenheit verschwunden. Das sterbliche
797 3452 2340 3520 und das dauernde Teil darin ist im Begriff, sich immer deutlicher
