3392 4352
241 329 1566 433 6oth Birthday box 39/3
1551 577 2539 676 nur müßte es von einem donnernden: Sei! ge¬
1133 615 1490 708 ne M
1551 630 2528 710 rufen sein. Hier endet Schnitzlers Reich, seine
1566 677 2531 749 Zeit. Ueber die Jahrhundertwende kam er in er¬
816 679 1366 767 Arthur Schnitzler.
1566 718 2520 789 lich nie hinaus. Er blieb am Wege. Aberviel¬
754 745 1476 828 (Zu seinem 60. Geburtstag)
1572 764 2520 835 leicht eben darum, weil er bei allem Glück och
829 792 1387 866 Von Oskar Maurus Fontana.
1577 811 2532 866 ein Stiefkind Gottes war, werden ihm auch die
1572 830 2526 926 kommenden Geschlechter ein wenig Liebe gelen.
690 834 1571 907 Um seiner stillen, nachdenklichen und ein
624 885 1576 954 wenig weltmännischen Art hat man ihn besonders
632 941 1576 997 um die Jahrhundertwende lieb gehabt, auch dann,
1644 925 2546 1020 Sympathiekundgebungen auf Berliner Bodin
634 969 1576 1045 wenn er als ein Tragiker, ein Pathetiker großen
1579 984 2532 1066 nahm der Dichter gestern im — Residenz¬
643 1010 1575 1075 Stiles vor uns hintrat. („Der Schleier der
1583 1019 2534 1100 theater entgegen, wo sein fünfaktiges
627 1047 1567 1121 Beatrice“, „Der junge Medardus“.)
1590 1073 2551 1143 Schauspiel „Dasweite Land“ eben noch in
633 1094 1578 1168 Er blieb Jahr um Jahr, der er war, als der er
1583 1114 2531 1178 einer Erfolgserie stak. Bei passenderer Gelegen¬
634 1127 1569 1212 begonnen hatte: verliebt in die Wiener Klein¬
1586 1140 2539 1219 heit würde es den Betrachter reizen, sich mit
641 1170 1585 1252 bürgerlichkeit, in die Liebelei erster Jugend, mit
1595 1185 2537 1265 diesem Stück, das schon vor vierzehn Jahren
644 1215 1583 1293 Maß sozialkritisch, elegisch müde und ergebungs¬
1598 1228 2536 1308 gemischte Gefühle weckte, vom Standpunkt ge¬
638 1252 1582 1331 voll lebensfreudig. Dieser Ton ist Schnitzlers
1596 1285 2548 1346 wandelter Bedürfnisse auseinanderzusetzen. Nicht
641 1294 1573 1374 tiefster Ton, er kehrt immer wieder und fand in
1598 1320 2543 1382 etwa als ob man die Neigung hätte, den über¬
638 1337 1575 1407 dem Doktor seines Dramas „Der Ruf des
1598 1356 2540 1432 flüssigen Beweis zu führen, daß hier ein Ueber¬
633 1375 1589 1448 Lebens“ schönsten Ausdruck: schmerzlich und
1596 1401 2550 1466 maß von Psychologie mit einer Ueberwucherung
639 1417 1583 1490 dennoch nicht niedergebrochen, pantheistisch
1602 1445 2538 1503 von Romanhaftigkeit zu einer Zwangsehe ver¬
654 1457 1585 1524 friedevoll. Hoffnungsvolle Hoffnungslosigkeit
1600 1459 2555 1549 kuppelt wird. Eher wurde die Untersuchung rei¬
637 1500 1586 1583 könnte man dieses Gefühl nennen, das für sein
1592 1509 2557 1591 zen, wie Schnitzler sein Thema von Untreue
649 1538 1588 1608 armes Ich nichts mehr erwartet, aber vom Leben,
1595 1574 2552 1627 gegen Untreue ein paar Akte lang dadurch er¬
650 1582 1594 1645 von der Natur, vom All alles erwartet — immer
1592 1596 2547 1666 höht, daß der Zusammenhang rhythmisch wird,
656 1620 1591 1704 in der leisen Zuversicht, daß dann vielleicht auch
1593 1639 2551 1721 wie er aber aus dieser, sein Künstlertum bezeu¬
645 1672 1192 1738 etwas für das Ich absalle.
1602 1679 2556 1755 genden Melodie herausgleitet, um Klang und
722 1692 1593 1788 Und so ist auch seine Heiterkeit. Blutsver¬
1610 1717 2558 1788 Widerklang der sich heillos verstrickenden Thea¬
655 1755 1595 1819 wandt der Watteaus und Fragonards: ein wenig
1610 1757 2549 1830 terei preiszugeben. Freilich: bei einem sechzig¬
655 1797 1600 1874 zynisch, sehr ironisch, mit Maß melancholisch und
1607 1805 2547 1872 sten Geburtstage genügt die Wahrnehmung, daß
648 1835 1599 1897 sich ganz in der Maske des sexuell Blasierten ge¬
1605 1846 2549 1919 selbst in einem seiner schwächsten Stücke bester
660 1877 1600 1954 fallend. Von Rousseau und Voltaire sind jene so
1611 1897 2025 1966 Schnitzler zirkuliert.
664 1918 1603 1987 weit entfernt, wie der Wiener Zeitgenosse von
1652 1913 2563 2004 Man hätte dies noch schöner bei einer Auf¬
657 1956 1608 2022 Strindberg und Weininger. Er wie jene sind
1613 1981 2553 2054 führung henraushören können, der die musi¬
660 1996 1613 2075 Rokoko, sind Zeugen einer satten, dem Genuß
1611 2009 2554 2087 schen Züge mancher Szene stärker bewußt wären.
665 2048 1606 2118 und dem Bewußtsein des Genusses raffiniert hin¬
1615 2052 2573 2123 Die Regie Altmanns sieht nur Psychologie, deren
670 2077 1600 2158 gegebenen Kultur. Daher stammt die Wachheit
1611 2096 2571 2170 ironischen Charakter durch den Drang zum ja
660 2120 1607 2191 in seinen Menschen. Aus dieser Ueberlegenheit
1614 2124 2572 2205 nur deutlichen Humor vergröbert wird. Unter¬
667 2163 1601 2228 des Intellekts heraus erscheinen als dramatische
1617 2185 2570 2248 malter Ernst wird zur Pointe herausgearbeitet,
667 2211 1607 2275 Figuren immer wieder bei ihm Aerzte, Schau¬
1612 2214 2565 2283 Scherz mit gar nicht scherzhaften Dingen wird
667 2248 1618 2307 spieler, Schriftsteller. Damit ist die Luft, die
1613 2254 2568 2329 zur Taktlosigkeit mißbraucht. Die Vorstellung
678 2284 1609 2347 Atmosphäre der Schnitzlerschen Männerwelt ein
1620 2305 2564 2370 dauert dreieinhalb Stunden, während Jeßner für
676 2323 1621 2395 für alle Male gegeben. Es sind Menschen, denen
1618 2345 2578 2407 Grabbes „Napoleon“ bloß knappe drei Stunden
671 2366 1627 2426 das Wort leicht wird, die viel und gern von sich
658 2385 2561 2473 aus sagen und deren gescheite Anmerkungen zu braucht. Immerhin sind die Triesch und die
666 2424 2573 2513 den verworrenen Beziehungen des Lebens fast Bertens Schauspielerinnen von Geblüt. Und
674 2466 2564 2562 etwas Berufliches haben. Und es ist klar, daß Korff weiß, wie Schnitzler von 14 Jahren ge¬
1631 2490 2578 2577 spielt wurde, ohne freilich zu ahnen, daß er heute
679 2524 1626 2598 Aret, Schauspieler und Schriftsteller die Erotik
1628 2553 2581 2627 (wozu auch Rotstiftarbeit nötig wäre) ganz
674 2572 1627 2634 erleben oder erleiden, die sich in der Ehe immer
1638 2586 2579 2655 anders gespielt werden könnte: sachlich, ohne jede
683 2612 1622 2670 mit dem Auf= oder Untertauchen eines oder einer
1624 2619 2571 2702 Koketterie, um ein straffes Zentrum von Wesen¬
679 2654 1618 2719 Dritten ergibt — klar, weil es das Treibende, das
1621 2691 1888 2748 heit herum.
686 2705 1388 2762 Schöpferische der Schnitzlerwelt ist.
1684 2710 2585 2782 Daß man für Schnitzler auch von der neuen
756 2726 1630 2803 Schein wird mit Sein vertauscht, verwechselt,
1637 2750 2597 2835 Theaterkunst etwas fordert, bezeugt den Respekt
683 2787 1629 2861 menat sich, krallt sich ineinander, daß keiner mehr
1633 2803 2591 2873 von seinem Gesamtwerke. Es hält jenem Krite¬
683 2826 1634 2892 am Ende erkennen kann, was Wahrheit ist. Dar¬
1645 2848 2586 2908 rium Stand, das nach der Echtheit des Schaf¬
691 2862 1636 2931 aus wurde Schnitzlers schönste Bühnendichtung,
1642 2882 2590 2951 fens forscht, die auch in einem engeren oder
692 2906 1632 2971 die vom „Grünen Kakadu“ geboren, die
1636 2919 2589 2996 leichteren Bezirk kostbar sein kann. Die schöpfe¬
690 2942 1630 3020 seine ganze elegische, zwischenlichtartige Kunst in
1639 2969 2590 3030 ische Natur Schnitzlers hat mit solchen Werten
692 2986 1636 3066 einem Akt zusammenpreßt. Es ist dieselbe iro¬
1640 3007 2598 3088 nicht gegeizt. Der Sechzigjährige, dessen zufällige
689 3024 1638 3094 nische Freude am Spiel, die aus einer Stunde des
1667 3064 2583 3117 nwesenheit das Publikum mit zahlreichen Ova¬
693 3068 1665 3131 Erkennens, da die nächsten Menschen sich ent¬“
1665 3090 2586 3161 ##nen wahrnahm, sei mit ungezwungener Herz¬
699 3109 1665 3184 schleiern, eine des ewigen Nichterkennens machte¬
2398 3129 2556 3195 E. F.
697 3126 2089 3215 Wer wird geliebt, wer liebt, wo ist Heimat, Ber hkeit beglückwünscht.
2077 3174 2156 3243 250
701 3178 1657 3260 stimmung, wo hört das Abenteuer auf und be¬
703 3232 1647 3297 ginnt der Sinn des Lebens? Ein jeder spricht da¬
687 3272 1660 3335 von, ein jeder hat ein Wort dafür und davon, die
696 3313 1663 3369 Seele aber bleibt leer und blickt ins Leere und
695 3341 1653 3428 geht ins Leere. Wie? Wird alles zur großen
697 3394 1660 3459 Szene, unwahr verbogen und unwahrscheinlich
698 3434 1659 3493 und ist dennoch im tiefsten, ganz verschütteten
705 3480 1667 3535 Grunde wahrhafter Ausdruck eines Menschen
700 3512 1661 3573 der einfach nicht anders kann? Sollte es das ge¬
701 3534 1678 3617 ben, Lüge zugleich Wahrheit sein können, Armut
700 3607 1655 3650 zugleich Reichtum? Und können Worte hin= und
703 3626 1671 3690 hergehen. Worte, die die kostbare Fassuna des
697 3680 1643 3744 Herrn von Sala aus dem „Einsamen Weg“
700 3727 1655 3775 haben und die dennoch nichts bedeuten und zu¬
701 3750 1663 3818 gleich alles bedeuten, die anders sein können, die
702 3796 1667 3856 am Tatsächlichen sehr schnell vorüberflattern und
700 3841 1665 3904 den Schein eines bedeutungslosen Friedens und
699 3886 1673 3940 einer bedeutungslosen Würde geben, während¬
706 3920 1657 3994 dessen sich Letztes entscheidet an den Worten vor¬
711 3948 1671 4014 bei, ohne Worte: die Zusammengehörigkeit von
710 4003 1663 4060 Menschen — die ewige Entfernung von Men¬
967 4048 1656 4097 r spielen immer, wer es weiß, ist
711 4056 865 4105 schen!
708 4085 1659 4152 klug.“ Es#s die Weisheit Schnitzlers, seine etwas
712 4115 1672 4200 müde Erkenntnis, die in seinem ganzen Werk zu
706 4178 937 4245 finden ist.
