3296 4320
1033 242 1507 356 box 39/3
178 249 904 388 goth Birthdar
1236 836 3265 888 Arzt. Aber schon in seinen ersten Albeiten, in den nach=dlingt nichts von Brutalitat und Kampf. Man behorch
1251 861 3264 926 denklich tändelnden „Anatol“=Szenen, hatte er seine Me= sich, man leidet an sich und den Anderen, man komn
1233 902 3262 963 lodie gefunden, er hat sie nachher pariiert und instru= aber nicht von sich los und verschwendet sich nicht selb
1248 945 3265 1000 mentiert, hat in vielen Bänden die heutige Literatur Noch in seiner Heiterkeit ist Ironie und Wehmut, hint
1244 995 3265 1038 bereichert, in der er nicht zu den ragendsten, aber jedem Genusse lauert der Gedanke an das Ende und de
2269 1022 3272 1070 Tod. Für Verschlungenheit und inneren Widerspru
1247 1028 2280 1081 liebenswürdigsten Gestalten gehört, doch schon in seiner
2279 1066 3270 1109 in Gefühlen entdeckt er die amüsantesten Zusamme
1252 1064 2277 1122 Knospe war Blumie und Frucht. Sein sicheres Takt¬
2283 1106 3271 1151 hänge; man denke bloß an seine „Reigen“=Dialoge, di
1247 1098 2277 1160 gefühl, sein untrüglicher Geschmack bewahrte ihn davor,
2273 1144 3269 1189 ganz unabhängig von der bedenklichen Spekulation ihr
1251 1143 2269 1201 seine Kräfte zu überspannen, sich jemals zu verirren und
2274 1179 3266 1226 öffentlichen Aufführung, bei all ihrer anscheinende
1236 1170 2284 1226 zu verlieren. Es wäre ungerecht, wollte man in ihm
2273 1209 3276 1272 Leichtigkeit doch geradezu tief sind. Er gibt sein Beste
1242 1214 2280 1267 nur den Poeten der Wiener „Gesellschaft“ vor ihrem
2276 1245 3272 1305 in kleinen Stücken und Novellen; zum großen Epiker b#
1245 1254 2278 1315 Untergang sehen, auch abseits dieses Kreises hat er viel
2279 1287 3282 1344 er nicht den vollen Atem, zum großen Tragiker nicht di
1256 1291 2278 1351 Schönes gespendet, das lebendig bleiben wird. Man
1250 1340 3267 1393 denke an seine Meistergroteske vom „Grünen Kakadu“, leutschlossene Leidenschaft. Er ist nicht stark und nich
2272 1365 3267 1418 unbedingt genug für einen solchen Wurf. Aber kein
1237 1364 2282 1420 in welcher ins Unheimlich=Spielerische gewendet die
2274 1409 3273 1461 der Mitlebenden erreicht ihn an Anmut und Vieldeutig
1246 1401 2283 1473 ganze Weltuntergangsstimmung des Bastillensturmes ist.
1237 1438 3273 1511 Wie man es vor vier Jahren mit Moissi in Basel sah, keit des Einfalls, keiner ist so gepflegt, so sicher sein
2274 1480 3269 1536 selbst und so unerschütterlich abwehrend gegen Konze
1237 1475 2279 1546 schlug unter dem Eindruck des Kriegendes und des roten
2284 1530 3264 1574 sionen an das Wirksame und an den schlechten G
1251 1534 2281 1588 Rußland der Atem des Meisterwerkes uns so heiß ent¬
2282 1570 3267 1618 schmack. Inmitten offizieller Bewunderung ist man mei
1249 1564 2283 1621 gegen, daß man fast erschrak. Oder die zeitlos schöne
2280 1605 3267 1654 sehr geneigt, mit den Sechzigjährigen in der Kunst sel
1239 1601 2295 1669 Novelle vom „Blinden Geronimo und seinem Bruder“,
2275 1648 3259 1693 strenge zu sein; hart und undankbar stellt sich da
1244 1629 2289 1694 russisch seelenhaft, nur straffer, tritt vor die Erinnerung.
2276 1686 3268 1739 heranwachfende Geschlecht gegen sie, die ihnen den B#
1243 1692 2291 1745 Oder sein zugleich objektiver und doch guter, hassender
2285 1717 3281 1765 den verstellen, verkennt sie, verhöhnt sie, ober, no
1254 1721 2280 1783 „Professor Bernhardi“ oder sein „Tapferer Kassian“, um
2276 1758 3279 1806 schlimmer, vergißt sie. In diesem Kampfe der Gener
1255 1748 2292 1815 aus seinem gefüllten Schrein nur einige Juwelen durch
2279 1794 3279 1852 tion sind einige von den jüngst Unsterblichen augenblich
1247 1808 2284 1849 die Hand gleiten zu lassen. Aber in seinem Wesentlichen
2277 1834 3276 1883 lich ins Hintertreffen geraten: Ibsen und Boecklin, un
1250 1837 2291 1886 bleibt er doch zumeist der Dichter des franzeskojosefini¬
2275 1879 3267 1921 bloß einige der am stärksten Betroffenen zu nennen; be
1247 1877 2296 1929 schen Wiens, seiner arrivierten Sozietät, die von keinen
2287 1913 3278 1958 Wagner und Hodler zeigen sich die ersten Anzelchen ein
1255 1912 2296 1967 Lebenssorgen geplagt ist, sich in Spiel mit dem Dasein
138 1909 1169 2020 Correpondonte n Aipstesdom, Verien, Bruselie, Budavest. (imietanie
2280 1950 3276 1996 solchen Entwicklung. Es wäre ein Wunder, wenn d#
1247 1953 2292 2006 und Erotik zurückgezogen hat, ist er der Dichter der
148 1956 1171 2053 Copenhag#töfdres. Madtid. Milan. Peu Veets Paris. Stockhoim. Vienne
2280 1981 3234 2038 Expressionisten, die Stammler und die Maßlosen ge
1246 1997 2294 2048 Tragikomödien des Wiener Cottage, wo die Landhäuser
2280 2032 3264 2078 Schnitzler sanfter wären. Er kann diesen Ansturm ruh
266 2027 516 2109 schust“
1258 2028 2284 2090 der Reichen hingelagert sind am Rande der großen
2269 2057 3276 2125 überdauern, wenn er auch sein poetisches Handwerk un
1261 2067 2223 2140 Stadt, weich geschmiegt in die Wiener Landschaft.
137 2077 608 2169 lournal
2280 2104 3280 2152 modern gut meistert und seine literarische Abstammun
1311 2121 2284 2174 Das Spiel des Schicksals ist ein Grundmotiv des
139 2091 1120 2260 Ntsengeststeene. Ae¬
2267 2128 3278 2193 von dem älteren Oesterreich und von der gepflegten
1250 2164 2287 2225 Schnitzlerschen Schaffens; das andere ist die Beziehung
2289 2189 3276 2243 wohlerzogenen Pariser Gesellschaft= und Prohlemdrame
1255 2207 2292 2262 zwischen Tod und Liebe. Auf diesen beiden Säulen
2276 2220 2697 2280 tik nicht verleugnet.
234 2178 939 2339 Mameegs Uhl ien
1259 2238 2293 2299 ruht sein dichterisches Lebenswerk. Manchmal wie in
2322 2264 3280 2327 Wien, die Stadt der Tradition und der Kompro
1262 2277 2302 2335 seiner Meisterzählung vom „Schicksal des Freiherrn von
2285 2309 3258 2366 misse bis 1918, konnte niemals leidenschaftlich, ungebe
1252 2314 2293 2391 Leisenbogh“ verknüpfen sich beide. Warheit und Lüge
490 2337 1029 2423 Arthur Schnitzler.
2288 2355 3287 2401 dig kraftgenialische Genies erzeugen. Aengstlich hielte
1247 2357 2291 2417 verschlingen, wir spielen alle. „Wer es weiß, ist klug.“
2284 2397 3299 2453 sich vom Wirklichen ab, daß entfesselt Stadt und Reich
1254 2394 2291 2452 Diese Wahrheit verkündet schon sein „Paracelsus.“ Leise
308 2398 1211 2478 (Zu seinei sechziästen Geburtstag. 15. Mat.)
288 2442 3289 2531 Es gilt, heute des repräsentativen Dichters der letzten Resignation, beste feelische Haltung ist das Merkmal von ihrer Geltung herunterstüzen mußte. Desto meh
221 2482 3264 2585 wienerischen=Generation zu gebenken, und wenn jemals, seiner Gestalten. Anatol altert, und er wird der Herr pflegte es seine Anmut, verfeinerte es sich, hielt es al
2288 2498 3283 2558 gute Formen, verstand es die Kunst der Andeutung, um
1275 2503 2294 2568 v. Sala in dem „Einsamen Weg“, diesem zarten herbst¬
235 2520 1277 2621 so ist hier Melancholie subjektiv wie objektiv berechtigt.
2292 2540 3313 2600 Schnitzlers Stellung war und ist es, dieses Wefen der
1265 2547 2303 2609 lichen Schauspiel, das viel zu wenig bekannt ist. Zufall
234 2570 1274 2655 Subjektiv: denn der dies schreibt, ist dem Dichter und
2290 2583 3297 2635 Wiener Bourgeoisie in die ganze Problematik oder nun
1260 2595 2301 2654 oder Schicksal führt zum Fehltritt einer Ehefrau, und
2292 2616 3280 2672 mehr abgeschlossenen Epoche hinübergeführt zu haben
241 2604 1286 2700 feinem Aufstieg stets nahe gewesen und dazwischen liegt
206 2634 2302 2745 Ttein Pinschenalter. Objektiv: denn Schnitzler ist der nachher sehen wir den Sohn zwischen den zwei Vätern,
238 2712 3277 2757 Dichte einer verschwindenden Welt und Kultur, die vem wirklichen, der ihn verloren hat. dem falschen, der Das Jüdische, das man öfters gegen ihn betonte, ist da¬
1277 2692 3269 2762 ihn sich erobert hat durch ein Leben voll Güte. Niemals bei nicht das Dominierende; der Wiener Jude ist vo
198 2710 1296 2826 ###rseiner, anmutiger und weicher als jene, die nun über
1270 2752 3291 2801 ist falsches, lärmendes Pathos in Schnitzlerischen Men= allem Wiener und vom deutschen, vom ungarischen und
209 2755 1296 2860 nuns verhängt ist. Er ist nicht als Junger in den Ruhm
2294 2781 3278 2849 vom russischen Juden grundverschieden. Das Wiener¬
246 2781 2292 2879 gestiegen, kam zur Dichtung aus ganz anderen Lebens=schen; in ihre behütete, kränkelnde Welt, die etwas von
3114 2822 3281 2873 16110
2864 2832 2999 2898 Ser 1 2
237 2783 2748 2933 kreifen, Sohn und Bruder von großen Aerzten und selbstl der linden unnatürlichen Wärme der Treibhäuser hat, tam hatte stets diese
2264 2870 3275 2943 und Umwandlung, zog wie das alte habsburgische
2258 2925 3280 2990 Oesterreich von überallher Kräfte. Wenn man etwas
2254 2965 3246 3019 genauer hinsieht, so entdeckt man, wiie gerade der W
2254 3003 3291 3054 ist, der von Grillparzer zu Schnitzler Ahrt, wie bei aller
2251 3039 3296 3091 persönlichen und zeitlichen Verschiedenheit doch in bei¬
2259 3064 3285 3128 den das Wienerische dominiert. Die Hero ist eine
2258 3116 3284 3175 ältere Schwester des Schnitzlerschen süßen Mädels, und
2258 3151 3292 3205 Anatol hat ebenso große Angst vor der Tat, wie schon
2260 3174 3313 3247 Rustan und Rudolf bei Grillparzer sich in Traum und
2259 3225 3311 3293 Magie flüchteten. Nur hat Grillparzer Goethe und Schil¬
2258 3267 3311 3336 ler erlebt, Schnitzler aber Maupassant und Dostolewski.
2262 3294 3314 3360 Weniger ellektisch als etwa Hauptmann und seiner
2251 3332 3311 3414 Grenzen sich selbstkritisch bewußt, hat er in sich bloß auf¬
2250 3378 3310 3441 genommen, was er auch verarbeiten konnte. Als An¬
2251 3412 3311 3484 gehöriger einer Stadt und eines Reiches, dessen Existenz
2251 3457 3311 3525 und Größespiel Zufall schien, das in seiner Vielfältigkeit
2261 3502 3313 3554 auch keinen großen sozialen Kampf kannte, war Schnitz¬
2254 3513 3302 3592 ler vom Schicksal dazu bestimmt, in einem engen Gebiete
2250 3570 3302 3638 zu bleiben; aber er hat es in allen seinen Tiefen erkannt
2261 3617 3301 3679 und eine Leichtigkeit dabei gewonnen, die spielerisch
2253 3649 2944 3726 über Abgründen zu gaukeln weiß.
2317 3671 3309 3738 Das Beziehungsvolle und Geistreiche des Zufalls,
2258 3724 3303 3780 der wohl mehr ist, als wir alle wissen, hat vielleicht noch
2257 3763 3305 3844 niemand vorher so voll erfühlt; eine Studie wie sein
2263 3794 3308 3858 „Puppenspieler“ ist mit einem so zarten Griffel hinge¬
2255 3835 3303 3901 haucht, daß der Kenner danach stets wieder mit Freude
2256 3876 3312 3945 greifen wird. Neben ihm steht die lange Reihe seiner
2259 3922 3307 3974 Schöpfungen, nicht alle vom gleichen Wert, einige wohl
2254 3956 3306 4029 mehr Abstraktionen und im Ersonnenen haftend, aber
2258 3983 3299 4068 alle vornehm, alle so, daß sie auf unserem Erdball nur
2262 4029 3303 4104 just der Doktor Arthur Schnitzler in Wien schreiben
2264 4059 3305 4135 konnte, keiner vor ihm und keiner nach ihm. Er wurde
2260 4100 3312 4168 viel nachgeahmt, ist viel bewundert, und Wien, min¬
