<?xml version="1.0" encoding="UTF-8" standalone="yes"?>
<PcGts xmlns="http://schema.primaresearch.org/PAGE/gts/pagecontent/2013-07-15" xmlns:xsi="http://www.w3.org/2001/XMLSchema-instance" xsi:schemaLocation="http://schema.primaresearch.org/PAGE/gts/pagecontent/2013-07-15 http://schema.primaresearch.org/PAGE/gts/pagecontent/2013-07-15/pagecontent.xsd">
    <Metadata>
        <Creator>prov=University of Rostock/Institute of Mathematics/CITlab/Gundram Leifert/gundram.leifert@uni-rostock.de:name=ONB_Newseye_GT_M1+(htr_id=10810)::::v=2.4.2
prov=University of Rostock/Institute of Mathematics/CITlab/Tobias Gruening/tobias.gruening@uni-rostock.de:name=de.uros.citlab.module.baseline2polygon.B2PSeamMultiOriented:v=2.4.2
prov=University of Rostock/Institute of Mathematics/CITlab/Tobias Gruening/tobias.gruening@uni-rostock.de:name=/mnt/transkribus/LA/DEA/URO/LA_news_onb_att.pb:de.uros.citlab.segmentation.CITlab_LA_ML:v=2.4.2
Transkribus</Creator>
        <Created>2019-10-07T20:31:22.941+02:00</Created>
        <LastChange>2019-10-09T06:46:00.897+02:00</LastChange>
        <TranskribusMetadata docId="224438" pageId="9574897" pageNr="49" tsid="16624546" status="IN_PROGRESS" userId="40391" imgUrl="https://files.transkribus.eu/Get?id=DNRISPVXATINNRQVLQFZSVTC&amp;fileType=view" xmlUrl="https://files.transkribus.eu/Get?id=CFUKFTLHTWKWPMAYGRHZNUGZ" imageId="6206836"/>
    </Metadata>
    <Page imageFilename="224438_0049.jpeg" imageWidth="3344" imageHeight="4480">
        <ReadingOrder>
            <OrderedGroup id="ro_1711442649925" caption="Regions reading order">
                <RegionRefIndexed index="0" regionRef="r1"/>
            </OrderedGroup>
        </ReadingOrder>
        <TextRegion orientation="0.0" id="r1" custom="readingOrder {index:0;}">
            <Coords points="113,166 113,3306 3262,3306 3262,166"/>
            <TextLine id="r1l1" custom="readingOrder {index:0;}">
                <Coords points="2038,205 2059,209 2069,202 2083,216 2118,216 2135,205 2152,212 2177,198 2204,202 2204,143 2187,143 2180,136 2159,150 2138,132 2104,143 2038,136"/>
                <Baseline points="2056,190 2082,189 2108,189 2134,190 2160,190 2186,188"/>
                <TextEquiv>
                    <Unicode></Unicode>
                </TextEquiv>
            </TextLine>
            <TextLine id="r1l2" custom="readingOrder {index:1;}">
                <Coords points="1019,325 1469,326 1493,319 1493,236 1445,250 1382,233 1355,250 1327,230 1268,230 1223,269 1168,238 1019,253"/>
                <Baseline points="1037,295 1062,295 1088,296 1114,296 1140,296 1166,296 1192,296 1218,296 1244,296 1269,296 1295,296 1321,296 1347,295 1373,295 1399,294 1425,294 1451,292 1477,291"/>
                <TextEquiv>
                    <Unicode>box 39/3</Unicode>
                </TextEquiv>
            </TextLine>
            <TextLine id="r1l3" custom="readingOrder {index:2;}">
                <Coords points="151,344 809,343 897,279 994,278 994,246 827,218 638,259 236,231 150,261"/>
                <Baseline points="169,323 209,324 249,325 290,326 330,326 370,326 411,326 451,325 491,324 532,323 572,323 612,321 653,320 693,319 733,318 774,317 814,316 854,315 895,315 935,315 976,314"/>
                <TextEquiv>
                    <Unicode>6oth Birthday</Unicode>
                </TextEquiv>
            </TextLine>
            <TextLine id="r1l4" custom="readingOrder {index:3;}">
                <Coords points="2955,1375 2997,1366 3021,1374 3035,1364 3052,1375 3084,1363 3128,1379 3146,1369 3228,1379 3267,1364 3268,1333 3237,1331 3183,1301 3144,1327 3131,1313 3071,1324 3058,1310 3019,1336 2992,1321 2957,1323"/>
                <Baseline points="2974,1357 3001,1356 3028,1356 3056,1357 3083,1358 3111,1360 3138,1361 3165,1363 3193,1364 3220,1365 3248,1366"/>
                <TextEquiv>
                    <Unicode>guegsse</Unicode>
                </TextEquiv>
            </TextLine>
            <TextLine id="r1l5" custom="readingOrder {index:4;}">
                <Coords points="2952,1431 3026,1420 3084,1434 3226,1434 3236,1445 3264,1436 3268,1363 3229,1379 3170,1376 3150,1364 3125,1377 2955,1368"/>
                <Baseline points="2970,1412 2995,1412 3020,1412 3045,1413 3070,1414 3095,1416 3120,1417 3145,1418 3170,1420 3195,1422 3220,1423 3246,1424"/>
                <TextEquiv>
                    <Unicode>pun zusbein</Unicode>
                </TextEquiv>
            </TextLine>
            <TextLine id="r1l6" custom="readingOrder {index:5;}">
                <Coords points="578,1530 605,1523 626,1526 636,1515 654,1515 664,1522 692,1515 705,1522 730,1518 729,1438 698,1439 650,1467 625,1457 611,1471 577,1468"/>
                <Baseline points="595,1503 624,1502 654,1502 683,1502 713,1501"/>
                <TextEquiv>
                    <Unicode>—</Unicode>
                </TextEquiv>
            </TextLine>
            <TextLine id="r1l7" custom="readingOrder {index:6;}">
                <Coords points="1908,1540 2400,1535 2396,1393 2257,1389 2230,1411 2164,1406 2137,1430 2043,1412 1972,1480 1907,1474"/>
                <Baseline points="1925,1535 1950,1534 1975,1533 2001,1532 2026,1531 2052,1531 2077,1530 2103,1529 2128,1529 2154,1528 2179,1527 2204,1527 2230,1527 2255,1526 2281,1525 2306,1525 2332,1524 2357,1523 2383,1522"/>
                <TextEquiv>
                    <Unicode>möbden auf dem Mucken.</Unicode>
                </TextEquiv>
            </TextLine>
            <TextLine id="r1l8" custom="readingOrder {index:7;}">
                <Coords points="1001,1553 1427,1550 1426,1429 1294,1426 1211,1448 1152,1421 1121,1445 1000,1446"/>
                <Baseline points="1017,1539 1043,1539 1069,1539 1095,1539 1121,1539 1147,1539 1173,1539 1199,1539 1226,1539 1252,1539 1278,1539 1304,1539 1330,1538 1356,1537 1382,1536 1409,1534"/>
                <TextEquiv>
                    <Unicode>mächtig des Wissens:</Unicode>
                </TextEquiv>
            </TextLine>
            <TextLine id="r1l9" custom="readingOrder {index:8;}">
                <Coords points="2914,1556 2962,1560 2969,1553 3009,1574 3044,1577 3134,1583 3145,1574 3169,1576 3175,1489 2920,1473"/>
                <Baseline points="2932,1533 2959,1539 2987,1542 3015,1546 3043,1547 3070,1548 3098,1550 3126,1551 3154,1553"/>
                <TextEquiv>
                    <Unicode>JOpRLAHF</Unicode>
                </TextEquiv>
            </TextLine>
            <TextLine id="r1l10" custom="readingOrder {index:9;}">
                <Coords points="105,1571 126,1574 184,1560 261,1567 287,1549 312,1548 309,1489 281,1494 257,1484 236,1485 229,1493 191,1487 101,1495"/>
                <Baseline points="121,1557 149,1554 178,1552 207,1551 235,1550 264,1549 293,1548"/>
                <TextEquiv>
                    <Unicode>gewogen.</Unicode>
                </TextEquiv>
            </TextLine>
            <TextLine id="r1l11" custom="readingOrder {index:10;}">
                <Coords points="2072,1611 2148,1592 2227,1594 2245,1607 2276,1607 2297,1589 2318,1599 2338,1588 2366,1601 2404,1594 2403,1535 2264,1538 2250,1528 2219,1542 2175,1543 2164,1533 2147,1547 2133,1537 2071,1538"/>
                <Baseline points="2090,1580 2116,1581 2143,1581 2170,1581 2197,1581 2224,1581 2250,1580 2277,1578 2304,1578 2331,1577 2358,1576 2385,1575"/>
                <TextEquiv>
                    <Unicode> </Unicode>
                </TextEquiv>
            </TextLine>
            <TextLine id="r1l12" custom="readingOrder {index:11;}">
                <Coords points="1484,1615 1542,1600 1601,1614 1701,1599 1715,1612 1777,1598 1798,1608 1812,1594 1871,1610 1905,1599 1905,1530 1849,1527 1815,1545 1784,1532 1728,1550 1590,1527 1538,1552 1483,1542"/>
                <Baseline points="1502,1588 1527,1588 1553,1588 1579,1588 1605,1588 1631,1587 1656,1587 1682,1587 1708,1587 1734,1587 1760,1586 1785,1586 1811,1585 1837,1584 1863,1584 1889,1583"/>
                <TextEquiv>
                    <Unicode></Unicode>
                </TextEquiv>
            </TextLine>
            <TextLine id="r1l13" custom="readingOrder {index:12;}">
                <Coords points="930,1624 996,1610 1027,1623 1076,1609 1134,1623 1165,1602 1204,1615 1262,1608 1262,1542 1169,1560 1148,1550 1009,1554 971,1534 930,1541"/>
                <Baseline points="948,1594 975,1593 1002,1591 1029,1591 1056,1591 1083,1591 1110,1591 1137,1592 1164,1592 1191,1591 1218,1591 1245,1589"/>
                <TextEquiv>
                    <Unicode></Unicode>
                </TextEquiv>
            </TextLine>
            <TextLine id="r1l14" custom="readingOrder {index:13;}">
                <Coords points="3009,1660 3144,1661 3145,1603 3128,1602 3117,1592 3107,1595 3093,1581 3072,1595 3058,1594 3044,1601 3034,1594 3010,1594"/>
                <Baseline points="3026,1633 3051,1634 3076,1633 3101,1634 3126,1635"/>
                <TextEquiv>
                    <Unicode></Unicode>
                </TextEquiv>
            </TextLine>
            <TextLine id="r1l15" custom="readingOrder {index:14;}">
                <Coords points="99,1677 2901,1606 98,1622"/>
                <Baseline points="116,1670 254,1670 392,1669 531,1668 669,1667 807,1666 946,1665 1084,1664 1222,1662 1361,1661 1499,1660 1637,1658 1776,1657 1914,1655 2052,1654 2191,1652 2329,1651 2467,1650 2606,1648 2744,1647 2883,1646"/>
                <TextEquiv>
                    <Unicode>klar, daß Technik schon Naturnähe und Naturbetrach=tionären Schritt, seine Welt stellt sich uns daher so Epische entspringt einem gewissen Glauben, der Welt</Unicode>
                </TextEquiv>
            </TextLine>
            <TextLine id="r1l16" custom="readingOrder {index:15;}">
                <Coords points="1957,1713 2888,1715 2888,1649 1957,1671"/>
                <Baseline points="1975,1704 2019,1701 2064,1699 2109,1697 2154,1696 2199,1695 2243,1694 2288,1694 2333,1694 2378,1694 2423,1694 2467,1694 2512,1694 2557,1694 2602,1695 2647,1695 2691,1695 2736,1695 2781,1695 2826,1694 2871,1694"/>
                <TextEquiv>
                    <Unicode>gezollt, das Drama einem Verantwortungsgefühl,</Unicode>
                </TextEquiv>
            </TextLine>
            <TextLine id="r1l17" custom="readingOrder {index:16;}">
                <Coords points="104,1722 1762,1722 1955,1665 104,1677"/>
                <Baseline points="122,1717 212,1716 303,1716 394,1716 485,1716 575,1715 666,1714 757,1714 848,1713 938,1712 1029,1712 1120,1711 1211,1710 1301,1709 1392,1708 1483,1707 1574,1706 1664,1705 1755,1704 1846,1703 1937,1702"/>
                <TextEquiv>
                    <Unicode>tung sei. Römische Baukunst, das französische dar: jeder Kampf ist durch Verkrampfung der Betei¬</Unicode>
                </TextEquiv>
            </TextLine>
            <TextLine id="r1l18" custom="readingOrder {index:17;}">
                <Coords points="2957,1720 2999,1709 3054,1720 3067,1734 3092,1725 3108,1744 3196,1728 3260,1750 3266,1663 3196,1676 3133,1676 3106,1664 3050,1678 3027,1662 2961,1658"/>
                <Baseline points="2977,1700 3004,1705 3031,1709 3058,1713 3085,1717 3112,1720 3139,1721 3166,1721 3193,1721 3220,1718 3247,1714"/>
                <TextEquiv>
                    <Unicode>uaujgos</Unicode>
                </TextEquiv>
            </TextLine>
            <TextLine id="r1l19" custom="readingOrder {index:18;}">
                <Coords points="1947,1743 2860,1749 2887,1686 1946,1702"/>
                <Baseline points="1963,1747 2008,1745 2053,1745 2098,1743 2144,1743 2189,1742 2234,1742 2280,1741 2325,1741 2370,1740 2416,1740 2461,1740 2506,1740 2551,1739 2597,1739 2642,1739 2687,1739 2733,1738 2778,1738 2823,1737 2869,1736"/>
                <TextEquiv>
                    <Unicode>das zwar reizbar ist, aber eine Möglichkeit in sich</Unicode>
                </TextEquiv>
            </TextLine>
            <TextLine id="r1l20" custom="readingOrder {index:19;}">
                <Coords points="105,1771 1960,1765 1960,1706 105,1722"/>
                <Baseline points="122,1761 217,1760 313,1759 409,1759 504,1758 600,1757 696,1757 792,1756 887,1755 983,1755 1079,1754 1175,1753 1270,1753 1366,1752 1462,1751 1558,1751 1653,1750 1749,1750 1845,1749 1941,1749"/>
                <TextEquiv>
                    <Unicode>Drama, ja selbst die französische Sprache, die Existenzligten überflüssig gemacht, das Erotische frei durch</Unicode>
                </TextEquiv>
            </TextLine>
            <TextLine id="r1l21" custom="readingOrder {index:20;}">
                <Coords points="1951,1802 2812,1796 2885,1784 2885,1753 1950,1750"/>
                <Baseline points="1969,1789 2013,1789 2058,1789 2103,1788 2148,1788 2193,1788 2238,1787 2282,1787 2327,1786 2372,1786 2417,1785 2462,1785 2507,1784 2552,1784 2596,1783 2641,1782 2686,1782 2731,1781 2776,1781 2821,1780 2866,1780"/>
                <TextEquiv>
                    <Unicode>haben muß, befriedigt zu werden. Nun hat Schnitzler</Unicode>
                </TextEquiv>
            </TextLine>
            <TextLine id="r1l22" custom="readingOrder {index:21;}">
                <Coords points="2888,1802 2923,1789 2992,1799 3041,1786 3096,1799 3176,1788 3210,1803 3227,1790 3258,1794 3260,1746 3122,1734 3105,1744 3081,1726 3060,1742 3025,1731 3004,1747 2953,1721 2890,1746"/>
                <Baseline points="2905,1783 2930,1781 2956,1781 2982,1781 3008,1782 3034,1784 3060,1785 3086,1787 3112,1789 3138,1790 3164,1791 3190,1791 3216,1790 3242,1788"/>
                <TextEquiv>
                    <Unicode>16 uobuur auf</Unicode>
                </TextEquiv>
            </TextLine>
            <TextLine id="r1l23" custom="readingOrder {index:22;}">
                <Coords points="1033,1809 1964,1803 1964,1755 1853,1748 1033,1754"/>
                <Baseline points="1050,1796 1094,1797 1139,1797 1184,1797 1229,1797 1274,1797 1318,1796 1363,1796 1408,1796 1453,1795 1498,1795 1542,1795 1587,1794 1632,1794 1677,1793 1722,1793 1766,1793 1811,1792 1856,1792 1901,1792 1946,1792"/>
                <TextEquiv>
                    <Unicode>Galgenhumor, ist wie das übrige Leben nur Schein,</Unicode>
                </TextEquiv>
            </TextLine>
            <TextLine id="r1l24" custom="readingOrder {index:23;}">
                <Coords points="111,1813 1014,1816 1035,1747 111,1764"/>
                <Baseline points="128,1803 172,1803 217,1803 261,1803 306,1803 350,1802 395,1802 439,1802 484,1802 528,1802 573,1802 617,1802 662,1802 706,1802 751,1801 795,1801 840,1801 884,1800 929,1800 973,1799 1018,1799"/>
                <TextEquiv>
                    <Unicode>Stefan Georges in Deutschland besagen Aehnliches</Unicode>
                </TextEquiv>
            </TextLine>
            <TextLine id="r1l25" custom="readingOrder {index:24;}">
                <Coords points="1949,1849 2880,1834 2879,1782 1949,1793"/>
                <Baseline points="1967,1834 2011,1834 2056,1833 2101,1833 2146,1832 2191,1832 2235,1831 2280,1831 2325,1830 2370,1830 2415,1829 2459,1829 2504,1828 2549,1828 2594,1827 2639,1827 2683,1826 2728,1825 2773,1825 2818,1824 2863,1823"/>
                <TextEquiv>
                    <Unicode>zwar ein geradezu neurasthenisch reizbares Verant¬</Unicode>
                </TextEquiv>
            </TextLine>
            <TextLine id="r1l26" custom="readingOrder {index:25;}">
                <Coords points="109,1864 1922,1852 1967,1800 109,1809"/>
                <Baseline points="125,1849 216,1849 307,1849 398,1849 489,1848 580,1848 671,1847 763,1846 854,1845 945,1845 1036,1843 1127,1843 1218,1842 1309,1840 1401,1839 1492,1839 1583,1838 1674,1837 1765,1837 1856,1837 1948,1837"/>
                <TextEquiv>
                    <Unicode>für die Künste. Wer sich von der „Wirklichkeit“ be=existiert eigentlich nicht mehr. Ursache davon ist nicht</Unicode>
                </TextEquiv>
            </TextLine>
            <TextLine id="r1l27" custom="readingOrder {index:26;}">
                <Coords points="1957,1887 2663,1887 2718,1862 2898,1894 2897,1825 2240,1852 1956,1824"/>
                <Baseline points="1974,1878 2019,1878 2064,1878 2110,1878 2155,1878 2201,1877 2246,1877 2291,1876 2337,1875 2382,1875 2428,1874 2473,1873 2518,1872 2564,1871 2609,1871 2655,1870 2700,1869 2745,1869 2791,1868 2836,1868 2882,1868"/>
                <TextEquiv>
                    <Unicode>wortungsgefühl, aber die kulturelle Basis, die er</Unicode>
                </TextEquiv>
            </TextLine>
            <TextLine id="r1l28" custom="readingOrder {index:27;}">
                <Coords points="110,1902 1798,1901 1954,1890 1954,1838 110,1854"/>
                <Baseline points="126,1895 216,1894 307,1893 397,1892 488,1891 578,1891 669,1890 759,1889 850,1889 940,1888 1031,1888 1121,1887 1212,1887 1302,1886 1393,1886 1483,1885 1574,1884 1664,1884 1755,1883 1845,1882 1936,1881"/>
                <TextEquiv>
                    <Unicode>wußt losschält, enthält die Wirklichkeit dann in sich. Blutleere, wie man Schnitzler vorwarf, sondern das</Unicode>
                </TextEquiv>
            </TextLine>
            <TextLine id="r1l29" custom="readingOrder {index:28;}">
                <Coords points="2910,1914 2952,1925 3004,1914 3021,1931 3038,1917 3132,1913 3166,1927 3180,1916 3260,1916 3259,1854 3232,1847 3083,1851 3062,1872 2910,1880"/>
                <Baseline points="2927,1910 2953,1911 2979,1912 3005,1912 3032,1912 3058,1912 3084,1912 3110,1912 3137,1911 3163,1911 3189,1910 3215,1910 3242,1909"/>
                <TextEquiv>
                    <Unicode>Ein ziemlich seltftl</Unicode>
                </TextEquiv>
            </TextLine>
            <TextLine id="r1l30" custom="readingOrder {index:29;}">
                <Coords points="1951,1931 2796,1936 2889,1924 2889,1879 1951,1886"/>
                <Baseline points="1969,1923 2014,1923 2059,1923 2104,1922 2149,1922 2194,1922 2239,1921 2284,1921 2329,1921 2374,1920 2419,1920 2464,1919 2509,1919 2554,1918 2599,1917 2644,1916 2689,1915 2734,1914 2779,1912 2824,1911 2870,1908"/>
                <TextEquiv>
                    <Unicode>innehat, läßt „Lösungen“ gar nicht zu. Er ist ge¬</Unicode>
                </TextEquiv>
            </TextLine>
            <TextLine id="r1l31" custom="readingOrder {index:30;}">
                <Coords points="1030,1936 1895,1946 1957,1931 1957,1883 1030,1891"/>
                <Baseline points="1046,1928 1090,1929 1135,1929 1180,1929 1224,1930 1269,1930 1314,1930 1358,1930 1403,1930 1448,1930 1493,1929 1537,1929 1582,1929 1627,1928 1671,1928 1716,1927 1761,1927 1805,1926 1850,1926 1895,1925 1940,1925"/>
                <TextEquiv>
                    <Unicode>Belastende der ganzen Kultur. Künstlerisch aber hat</Unicode>
                </TextEquiv>
            </TextLine>
            <TextLine id="r1l32" custom="readingOrder {index:31;}">
                <Coords points="102,1947 1022,1949 1043,1893 101,1902"/>
                <Baseline points="120,1940 165,1938 210,1937 256,1936 301,1935 346,1934 392,1934 437,1934 482,1933 528,1933 573,1933 618,1933 664,1933 709,1933 754,1933 800,1933 845,1933 890,1933 936,1932 981,1932 1027,1931"/>
                <TextEquiv>
                    <Unicode>Die Emanzipation von der Ahnenfolge macht aus</Unicode>
                </TextEquiv>
            </TextLine>
            <TextLine id="r1l33" custom="readingOrder {index:32;}">
                <Coords points="2884,1960 2991,1970 3018,1949 3074,1966 3088,1955 3150,1965 3167,1948 3261,1961 3260,1916 3163,1906 2935,1915 2883,1898"/>
                <Baseline points="2900,1951 2926,1952 2952,1952 2978,1953 3005,1952 3031,1952 3057,1952 3084,1951 3110,1951 3136,1950 3163,1950 3189,1950 3215,1950 3242,1951"/>
                <TextEquiv>
                    <Unicode>beinah überall; trotz</Unicode>
                </TextEquiv>
            </TextLine>
            <TextLine id="r1l34" custom="readingOrder {index:33;}">
                <Coords points="1953,1981 2884,1962 2859,1921 2683,1912 1953,1933"/>
                <Baseline points="1971,1969 2015,1968 2060,1967 2105,1966 2150,1965 2194,1964 2239,1964 2284,1963 2329,1963 2373,1963 2418,1963 2463,1962 2508,1962 2552,1962 2597,1962 2642,1961 2687,1961 2731,1960 2776,1960 2821,1959 2866,1958"/>
                <TextEquiv>
                    <Unicode>zwungen, dem Leben mehr Glauben zu schenken, als</Unicode>
                </TextEquiv>
            </TextLine>
            <TextLine id="r1l35" custom="readingOrder {index:34;}">
                <Coords points="1031,1981 1865,1987 1958,1979 1958,1931 1031,1936"/>
                <Baseline points="1050,1976 1094,1976 1139,1976 1183,1976 1228,1976 1272,1976 1317,1976 1361,1975 1406,1975 1450,1974 1495,1974 1539,1973 1584,1973 1628,1972 1673,1972 1717,1971 1762,1971 1806,1970 1851,1970 1895,1970 1940,1970"/>
                <TextEquiv>
                    <Unicode>Schnitzler die Sache bewältigt. Wieder greift er da</Unicode>
                </TextEquiv>
            </TextLine>
            <TextLine id="r1l36" custom="readingOrder {index:35;}">
                <Coords points="105,1989 981,1996 1036,1982 1036,1940 105,1944"/>
                <Baseline points="124,1982 168,1981 213,1980 258,1980 302,1979 347,1979 392,1979 436,1979 481,1979 526,1979 571,1979 615,1980 660,1980 705,1980 749,1980 794,1980 839,1980 883,1980 928,1979 973,1979 1018,1978"/>
                <TextEquiv>
                    <Unicode>den Menschen erst den Kosmos seiner Ahnenbezie¬</Unicode>
                </TextEquiv>
            </TextLine>
            <TextLine id="r1l37" custom="readingOrder {index:36;}">
                <Coords points="2876,2007 3067,2002 3080,1988 3268,2011 3266,1942 3014,1951 2993,1969 2934,1950 2875,1955"/>
                <Baseline points="2893,1991 2918,1993 2943,1993 2969,1994 2994,1994 3020,1994 3045,1993 3071,1992 3096,1991 3121,1990 3147,1989 3172,1988 3198,1987 3223,1986 3249,1985"/>
                <TextEquiv>
                    <Unicode>men. Für die hohe</Unicode>
                </TextEquiv>
            </TextLine>
            <TextLine id="r1l38" custom="readingOrder {index:37;}">
                <Coords points="1959,2028 2824,2019 2879,2015 2879,1963 1958,1966"/>
                <Baseline points="1975,2011 2019,2011 2063,2011 2108,2010 2152,2010 2196,2010 2241,2009 2285,2009 2329,2008 2374,2007 2418,2007 2462,2006 2507,2006 2551,2005 2595,2005 2640,2004 2684,2004 2728,2004 2773,2003 2817,2003 2862,2004"/>
                <TextEquiv>
                    <Unicode>er ihm tatsächlich schenkt, dadurch ist er plötzlich auf</Unicode>
                </TextEquiv>
            </TextLine>
            <TextLine id="r1l39" custom="readingOrder {index:38;}">
                <Coords points="98,2034 1860,2032 1956,1975 98,1989"/>
                <Baseline points="114,2030 205,2029 296,2029 387,2028 478,2027 570,2027 661,2026 752,2025 843,2024 934,2022 1026,2021 1117,2020 1208,2019 1299,2018 1390,2017 1482,2016 1573,2015 1664,2014 1755,2013 1846,2012 1938,2012"/>
                <TextEquiv>
                    <Unicode>hungen. Der freie Mensch, der Mensch ohne Kontakt, in den großen Rückhalt der katholischen Kultur. Wir</Unicode>
                </TextEquiv>
            </TextLine>
            <TextLine id="r1l40" custom="readingOrder {index:39;}">
                <Coords points="2886,2038 2959,2047 2993,2035 3008,2049 3069,2029 3136,2045 3146,2034 3218,2035 3239,2017 3259,2020 3259,1996 3082,1987 2989,2011 2968,1994 2885,1993"/>
                <Baseline points="2903,2031 2929,2034 2955,2034 2981,2035 3007,2035 3034,2034 3060,2033 3086,2032 3112,2030 3139,2029 3165,2027 3191,2026 3217,2026 3244,2026"/>
                <TextEquiv>
                    <Unicode>nicht, für sie ist er</Unicode>
                </TextEquiv>
            </TextLine>
            <TextLine id="r1l41" custom="readingOrder {index:40;}">
                <Coords points="1960,2063 2887,2058 2886,2006 2398,1991 2198,2029 1959,2018"/>
                <Baseline points="1976,2056 2020,2056 2065,2055 2110,2055 2154,2055 2199,2054 2244,2053 2288,2053 2333,2052 2378,2052 2423,2051 2467,2050 2512,2050 2557,2049 2601,2049 2646,2048 2691,2048 2735,2047 2780,2047 2825,2046 2870,2046"/>
                <TextEquiv>
                    <Unicode>eine stachlige idyllische Art Epiker. Auch nähert er</Unicode>
                </TextEquiv>
            </TextLine>
            <TextLine id="r1l42" custom="readingOrder {index:41;}">
                <Coords points="1013,2070 1819,2073 1871,2048 1964,2071 1964,2016 1012,2025"/>
                <Baseline points="1029,2066 1077,2066 1125,2065 1174,2064 1222,2064 1270,2063 1319,2063 1367,2062 1415,2062 1464,2061 1512,2061 1561,2060 1609,2060 1657,2059 1706,2059 1754,2059 1802,2058 1851,2058 1899,2058 1948,2058"/>
                <TextEquiv>
                    <Unicode>denken an seine herrlichen Marionettendramen. Alle</Unicode>
                </TextEquiv>
            </TextLine>
            <TextLine id="r1l43" custom="readingOrder {index:42;}">
                <Coords points="102,2086 791,2087 790,2035 289,2033 261,2016 102,2031"/>
                <Baseline points="121,2071 153,2071 186,2071 218,2071 251,2071 283,2071 316,2071 348,2070 381,2070 413,2070 446,2070 479,2070 511,2070 544,2069 576,2069 609,2069 641,2069 674,2069 706,2069 739,2069 772,2069"/>
                <TextEquiv>
                    <Unicode>das ist die Kristallisation der Nation.</Unicode>
                </TextEquiv>
            </TextLine>
            <TextLine id="r1l44" custom="readingOrder {index:43;}">
                <Coords points="2877,2072 2957,2081 2981,2070 3143,2070 3240,2083 3271,2072 3270,2013 3198,2038 3129,2026 3049,2041 2952,2025 2876,2030"/>
                <Baseline points="2893,2070 2918,2072 2944,2072 2970,2073 2996,2073 3021,2073 3047,2073 3073,2073 3099,2072 3125,2072 3150,2071 3176,2069 3202,2068 3228,2066 3254,2064"/>
                <TextEquiv>
                    <Unicode>tor — sobald sie ih</Unicode>
                </TextEquiv>
            </TextLine>
            <TextLine id="r1l45" custom="readingOrder {index:44;}">
                <Coords points="1964,2110 2888,2099 2887,2057 2822,2051 1964,2062"/>
                <Baseline points="1981,2102 2025,2101 2069,2101 2114,2100 2158,2100 2203,2099 2247,2099 2291,2098 2336,2098 2380,2097 2425,2097 2469,2096 2513,2096 2558,2095 2602,2094 2647,2094 2691,2093 2735,2093 2780,2092 2824,2091 2869,2090"/>
                <TextEquiv>
                    <Unicode>sich der Komödie, für die ihm aber, eben als einer</Unicode>
                </TextEquiv>
            </TextLine>
            <TextLine id="r1l46" custom="readingOrder {index:45;}">
                <Coords points="1031,2124 1965,2113 1964,2065 1871,2049 1539,2082 1030,2075"/>
                <Baseline points="1049,2114 1093,2113 1138,2112 1183,2111 1228,2110 1273,2109 1318,2108 1363,2107 1408,2106 1453,2106 1498,2105 1542,2104 1587,2104 1632,2103 1677,2103 1722,2102 1767,2102 1812,2102 1857,2102 1902,2101 1947,2101"/>
                <TextEquiv>
                    <Unicode>großen katholischen Künstler: die spanische Dramatik,</Unicode>
                </TextEquiv>
            </TextLine>
            <TextLine id="r1l47" custom="readingOrder {index:46;}">
                <Coords points="2874,2133 2919,2115 2957,2128 2971,2114 3061,2110 3075,2120 3196,2108 3234,2117 3261,2107 3261,2072 3123,2078 3036,2065 2901,2077 2873,2067"/>
                <Baseline points="2891,2114 2916,2112 2941,2112 2966,2111 2991,2111 3016,2111 3041,2111 3067,2111 3092,2111 3117,2111 3142,2111 3167,2110 3192,2109 3217,2107 3243,2105"/>
                <TextEquiv>
                    <Unicode>angeklebt hat, sei er</Unicode>
                </TextEquiv>
            </TextLine>
            <TextLine id="r1l48" custom="readingOrder {index:47;}">
                <Coords points="1961,2148 2768,2159 2878,2144 2878,2092 1961,2100"/>
                <Baseline points="1977,2145 2021,2145 2065,2144 2109,2144 2153,2143 2198,2143 2242,2142 2286,2142 2330,2142 2374,2141 2419,2141 2463,2140 2507,2140 2551,2139 2595,2139 2640,2138 2684,2137 2728,2136 2772,2135 2816,2134 2861,2133"/>
                <TextEquiv>
                    <Unicode>sehr dramatischen Form doch das Herkommen von</Unicode>
                </TextEquiv>
            </TextLine>
            <TextLine id="r1l49" custom="readingOrder {index:48;}">
                <Coords points="520,2163 558,2165 572,2158 590,2164 596,2157 603,2163 610,2156 617,2163 641,2158 639,2099 618,2104 586,2081 573,2088 562,2085 549,2093 538,2086 517,2087"/>
                <Baseline points="538,2146 567,2144 596,2142 625,2143"/>
                <TextEquiv>
                    <Unicode>VII.</Unicode>
                </TextEquiv>
            </TextLine>
            <TextLine id="r1l50" custom="readingOrder {index:49;}">
                <Coords points="2875,2170 2916,2156 2944,2162 2961,2148 3030,2164 3041,2153 3169,2158 3182,2147 3228,2163 3262,2145 3261,2104 3234,2115 3078,2104 2967,2117 2950,2103 2912,2121 2874,2108"/>
                <Baseline points="2893,2151 2918,2151 2943,2151 2968,2151 2993,2151 3018,2151 3043,2151 3068,2150 3093,2149 3118,2149 3143,2148 3168,2147 3193,2146 3218,2145 3244,2144"/>
                <TextEquiv>
                    <Unicode>ein Umstand: er ist</Unicode>
                </TextEquiv>
            </TextLine>
            <TextLine id="r1l51" custom="readingOrder {index:50;}">
                <Coords points="125,2170 142,2168 145,2164 153,2170 166,2161 177,2163 204,2159 194,2091 167,2094 155,2110 143,2101 115,2102"/>
                <Baseline points="142,2154 184,2148"/>
                <TextEquiv>
                    <Unicode>#</Unicode>
                </TextEquiv>
            </TextLine>
            <TextLine id="r1l52" custom="readingOrder {index:51;}">
                <Coords points="1027,2169 1964,2165 1964,2120 1026,2117"/>
                <Baseline points="1043,2155 1088,2155 1133,2154 1178,2154 1224,2153 1269,2153 1314,2153 1359,2152 1405,2152 1450,2151 1495,2151 1540,2150 1586,2150 1631,2150 1676,2150 1721,2149 1767,2149 1812,2149 1857,2149 1902,2149 1948,2149"/>
                <TextEquiv>
                    <Unicode>Dante, Grillparzer, Raimund, Baudelaire, Bizet,</Unicode>
                </TextEquiv>
            </TextLine>
            <TextLine id="r1l53" custom="readingOrder {index:52;}">
                <Coords points="2876,2201 3032,2192 3073,2209 3090,2194 3201,2200 3225,2182 3264,2195 3263,2144 2875,2156"/>
                <Baseline points="2893,2191 2918,2191 2943,2190 2968,2190 2993,2190 3018,2190 3043,2190 3069,2189 3094,2189 3119,2189 3144,2188 3169,2188 3194,2187 3219,2186 3245,2185"/>
                <TextEquiv>
                    <Unicode>einigen Tagen, in</Unicode>
                </TextEquiv>
            </TextLine>
            <TextLine id="r1l54" custom="readingOrder {index:53;}">
                <Coords points="1029,2219 2890,2184 2889,2132 2484,2120 1028,2163"/>
                <Baseline points="1045,2202 1136,2201 1227,2200 1319,2199 1410,2198 1501,2197 1593,2195 1684,2194 1775,2193 1867,2191 1958,2190 2049,2189 2141,2188 2232,2187 2323,2185 2415,2184 2506,2183 2597,2182 2689,2181 2780,2181 2872,2180"/>
                <TextEquiv>
                    <Unicode>haben in ihrer Figurensprache ziemlich viel Mario=irgend einer letzten Entschiedenheit mangelt. Man</Unicode>
                </TextEquiv>
            </TextLine>
            <TextLine id="r1l55" custom="readingOrder {index:54;}">
                <Coords points="147,2224 1012,2216 1040,2212 1040,2143 147,2162"/>
                <Baseline points="166,2210 208,2210 251,2210 294,2209 337,2209 380,2209 423,2208 466,2208 509,2208 552,2207 595,2207 637,2207 680,2206 723,2206 766,2206 809,2206 852,2206 895,2206 938,2206 981,2206 1024,2206"/>
                <TextEquiv>
                    <Unicode>Wie verhält sich Schnitzler nun zu diesen revolu¬</Unicode>
                </TextEquiv>
            </TextLine>
            <TextLine id="r1l56" custom="readingOrder {index:55;}">
                <Coords points="2872,2239 3082,2231 3138,2248 3183,2229 3228,2239 3273,2231 3272,2186 3223,2184 3200,2198 3151,2171 3085,2200 2978,2188 2871,2204"/>
                <Baseline points="2889,2230 2915,2230 2941,2230 2967,2229 2994,2228 3020,2228 3046,2227 3073,2226 3099,2226 3125,2225 3151,2225 3178,2225 3204,2225 3230,2224 3257,2225"/>
                <TextEquiv>
                    <Unicode>besmonat, hat er bes</Unicode>
                </TextEquiv>
            </TextLine>
            <TextLine id="r1l57" custom="readingOrder {index:56;}">
                <Coords points="1954,2239 2889,2239 2888,2183 1954,2195"/>
                <Baseline points="1970,2234 2015,2233 2060,2233 2105,2232 2150,2231 2195,2231 2240,2230 2285,2229 2330,2228 2375,2228 2420,2227 2465,2227 2510,2226 2555,2225 2600,2225 2645,2225 2690,2224 2735,2224 2780,2224 2825,2224 2871,2225"/>
                <TextEquiv>
                    <Unicode>bewundert bei Schnitzler eine große Durchsichtigkeit,</Unicode>
                </TextEquiv>
            </TextLine>
            <TextLine id="r1l58" custom="readingOrder {index:57;}">
                <Coords points="1039,2252 1973,2256 1973,2200 1038,2193"/>
                <Baseline points="1056,2246 1103,2245 1150,2245 1197,2244 1245,2244 1292,2243 1339,2242 1387,2241 1434,2240 1481,2239 1529,2238 1576,2237 1623,2237 1671,2236 1718,2236 1765,2235 1813,2235 1860,2235 1907,2235 1955,2235"/>
                <TextEquiv>
                    <Unicode>nettenhaftes. Die Marionette sagt mit metaphysischer</Unicode>
                </TextEquiv>
            </TextLine>
            <TextLine id="r1l59" custom="readingOrder {index:58;}">
                <Coords points="102,2262 1043,2254 1022,2206 101,2203"/>
                <Baseline points="118,2257 163,2256 208,2256 254,2255 299,2255 344,2255 390,2255 435,2254 480,2254 526,2254 571,2254 616,2254 662,2253 707,2253 752,2253 798,2252 843,2251 888,2251 934,2250 979,2248 1025,2247"/>
                <TextEquiv>
                    <Unicode>tionären Wahrheiten? Er gibt auf negative Art</Unicode>
                </TextEquiv>
            </TextLine>
            <TextLine id="r1l60" custom="readingOrder {index:59;}">
                <Coords points="2893,2279 3260,2275 3259,2226 3159,2238 2893,2238"/>
                <Baseline points="2910,2270 2935,2269 2961,2268 2986,2268 3012,2268 3037,2268 3063,2268 3088,2268 3114,2267 3139,2267 3165,2267 3190,2266 3216,2265 3242,2264"/>
                <TextEquiv>
                    <Unicode>überschritten. Da</Unicode>
                </TextEquiv>
            </TextLine>
            <TextLine id="r1l61" custom="readingOrder {index:60;}">
                <Coords points="1964,2286 2892,2274 2891,2222 1964,2241"/>
                <Baseline points="1982,2280 2026,2279 2071,2279 2115,2278 2160,2277 2205,2277 2249,2276 2294,2275 2338,2275 2383,2274 2428,2273 2472,2273 2517,2273 2561,2272 2606,2271 2651,2271 2695,2270 2740,2270 2784,2269 2829,2269 2874,2268"/>
                <TextEquiv>
                    <Unicode>die uns diese Analyse erst ermöglichte. Ueberhaupt</Unicode>
                </TextEquiv>
            </TextLine>
            <TextLine id="r1l62" custom="readingOrder {index:61;}">
                <Coords points="1040,2294 1961,2292 1960,2243 1040,2249"/>
                <Baseline points="1056,2290 1100,2289 1144,2288 1188,2288 1233,2287 1277,2287 1321,2286 1366,2286 1410,2285 1454,2284 1499,2284 1543,2284 1587,2283 1631,2283 1676,2282 1720,2282 1764,2282 1809,2282 1853,2281 1897,2281 1942,2281"/>
                <TextEquiv>
                    <Unicode>Unterstrichenheit: der Sklave ist freier, freier als der</Unicode>
                </TextEquiv>
            </TextLine>
            <TextLine id="r1l63" custom="readingOrder {index:62;}">
                <Coords points="109,2307 877,2315 1036,2301 1036,2256 109,2262"/>
                <Baseline points="126,2302 170,2302 215,2301 260,2301 304,2300 349,2300 394,2300 438,2300 483,2300 528,2300 573,2300 617,2300 662,2300 707,2300 751,2300 796,2300 841,2299 885,2299 930,2298 975,2298 1020,2296"/>
                <TextEquiv>
                    <Unicode>ihren Beweis. Die Miene, mit der er fünf gerade</Unicode>
                </TextEquiv>
            </TextLine>
            <TextLine id="r1l64" custom="readingOrder {index:63;}">
                <Coords points="2878,2316 2916,2312 2940,2326 2999,2311 3040,2321 3068,2310 3099,2320 3109,2310 3255,2311 3254,2270 3226,2266 3057,2283 3040,2269 2877,2268"/>
                <Baseline points="2896,2310 2922,2310 2948,2309 2975,2308 3001,2308 3027,2308 3054,2307 3080,2307 3107,2307 3133,2307 3159,2306 3186,2306 3212,2306 3239,2305"/>
                <TextEquiv>
                    <Unicode>wundert aufschlagen</Unicode>
                </TextEquiv>
            </TextLine>
            <TextLine id="r1l65" custom="readingOrder {index:64;}">
                <Coords points="1962,2331 2889,2325 2888,2277 2670,2262 1961,2286"/>
                <Baseline points="1978,2324 2022,2323 2067,2322 2112,2321 2157,2320 2201,2320 2246,2319 2291,2318 2336,2318 2380,2317 2425,2317 2470,2316 2515,2316 2559,2315 2604,2315 2649,2314 2694,2314 2738,2313 2783,2312 2828,2312 2873,2311"/>
                <TextEquiv>
                    <Unicode>hat der Kritiker nach Goethe nicht den Begriff eines</Unicode>
                </TextEquiv>
            </TextLine>
            <TextLine id="r1l66" custom="readingOrder {index:65;}">
                <Coords points="1040,2341 1954,2334 1953,2282 1040,2296"/>
                <Baseline points="1059,2333 1105,2333 1151,2332 1197,2332 1244,2332 1290,2332 1336,2331 1382,2331 1429,2331 1475,2330 1521,2330 1567,2329 1614,2329 1660,2328 1706,2327 1752,2326 1799,2326 1845,2324 1891,2324 1938,2322"/>
                <TextEquiv>
                    <Unicode>Freie, denn dieser zeigt sich als Sklave einer goldenen</Unicode>
                </TextEquiv>
            </TextLine>
            <TextLine id="r1l67" custom="readingOrder {index:66;}">
                <Coords points="111,2366 1045,2357 1045,2301 111,2308"/>
                <Baseline points="127,2347 172,2347 217,2346 262,2346 307,2346 352,2346 397,2345 442,2345 487,2345 532,2345 577,2345 622,2344 667,2344 712,2344 757,2344 802,2344 847,2344 892,2344 937,2344 982,2345 1028,2345"/>
                <TextEquiv>
                    <Unicode>sein läßt, beweist, daß sie ungerade sind. C’est le ton</Unicode>
                </TextEquiv>
            </TextLine>
            <TextLine id="r1l68" custom="readingOrder {index:67;}">
                <Coords points="2890,2355 2939,2354 2949,2365 2977,2350 3036,2360 3053,2346 3091,2370 3126,2352 3212,2361 3264,2346 3264,2315 3201,2316 3187,2303 3098,2321 2959,2313 2945,2302 2890,2313"/>
                <Baseline points="2909,2350 2935,2349 2961,2349 2987,2348 3013,2348 3039,2348 3065,2348 3091,2348 3117,2347 3143,2347 3169,2347 3195,2346 3221,2345 3247,2343"/>
                <TextEquiv>
                    <Unicode>so rasch dahinbrauf</Unicode>
                </TextEquiv>
            </TextLine>
            <TextLine id="r1l69" custom="readingOrder {index:68;}">
                <Coords points="1957,2372 2867,2367 2887,2315 1956,2310"/>
                <Baseline points="1975,2367 2019,2366 2064,2365 2109,2364 2154,2363 2199,2363 2243,2362 2288,2362 2333,2361 2378,2361 2423,2361 2467,2360 2512,2360 2557,2360 2602,2359 2647,2359 2691,2359 2736,2358 2781,2358 2826,2358 2871,2357"/>
                <TextEquiv>
                    <Unicode>Werkes, bevor es da ist. Deshalb möge man alle</Unicode>
                </TextEquiv>
            </TextLine>
            <TextLine id="r1l70" custom="readingOrder {index:69;}">
                <Coords points="1039,2392 1963,2373 1962,2325 1927,2322 1038,2343"/>
                <Baseline points="1056,2378 1100,2378 1144,2379 1189,2379 1233,2378 1278,2378 1322,2377 1366,2377 1411,2376 1455,2375 1500,2374 1544,2373 1588,2372 1633,2371 1677,2370 1722,2369 1766,2369 1810,2368 1855,2367 1899,2367 1944,2367"/>
                <TextEquiv>
                    <Unicode>Mitte. Ignazius von Loyola, ein Unbedingter in</Unicode>
                </TextEquiv>
            </TextLine>
            <TextLine id="r1l71" custom="readingOrder {index:70;}">
                <Coords points="2888,2401 2926,2400 2950,2375 2971,2392 3026,2401 3095,2386 3126,2396 3140,2385 3210,2397 3265,2389 3264,2348 3060,2348 3008,2360 2949,2344 2887,2356"/>
                <Baseline points="2906,2392 2932,2390 2958,2390 2984,2389 3011,2389 3037,2389 3063,2389 3090,2388 3116,2388 3142,2387 3169,2386 3195,2386 3221,2384 3248,2382"/>
                <TextEquiv>
                    <Unicode>ist könnte es den ###</Unicode>
                </TextEquiv>
            </TextLine>
            <TextLine id="r1l72" custom="readingOrder {index:71;}">
                <Coords points="101,2411 1024,2399 1048,2353 100,2352"/>
                <Baseline points="119,2394 164,2394 210,2394 255,2394 301,2394 346,2393 392,2393 437,2392 483,2392 528,2391 574,2390 620,2390 665,2389 711,2388 756,2387 802,2387 847,2386 893,2385 938,2385 984,2384 1030,2384"/>
                <TextEquiv>
                    <Unicode>aui fait la musique, heißt es bei Schnitzler. Schnitzler,</Unicode>
                </TextEquiv>
            </TextLine>
            <TextLine id="r1l73" custom="readingOrder {index:72;}">
                <Coords points="1964,2420 2895,2427 2894,2358 1963,2375"/>
                <Baseline points="1982,2412 2026,2411 2071,2410 2116,2409 2161,2408 2205,2408 2250,2407 2295,2407 2340,2406 2384,2405 2429,2405 2474,2404 2519,2404 2563,2403 2608,2402 2653,2402 2698,2401 2742,2400 2787,2399 2832,2398 2877,2397"/>
                <TextEquiv>
                    <Unicode>Kritik vorsichtig einschätzen. Schnitzlers künstlerische</Unicode>
                </TextEquiv>
            </TextLine>
            <TextLine id="r1l74" custom="readingOrder {index:73;}">
                <Coords points="1037,2430 1905,2427 1960,2422 1960,2371 1036,2385"/>
                <Baseline points="1054,2422 1098,2422 1143,2421 1187,2421 1232,2420 1276,2420 1321,2420 1365,2419 1410,2419 1454,2418 1499,2418 1543,2417 1588,2417 1632,2416 1677,2416 1721,2415 1766,2414 1810,2413 1855,2412 1899,2412 1944,2411"/>
                <TextEquiv>
                    <Unicode>einer materiell bedingten Welt, fand so aus ihr ins</Unicode>
                </TextEquiv>
            </TextLine>
            <TextLine id="r1l75" custom="readingOrder {index:74;}">
                <Coords points="2888,2432 3017,2439 3037,2425 3100,2438 3255,2427 3254,2372 3216,2387 3095,2386 3064,2397 2971,2392 2950,2375 2933,2393 2888,2394"/>
                <Baseline points="2906,2431 2931,2430 2956,2430 2982,2430 3007,2429 3033,2429 3058,2429 3084,2429 3109,2428 3135,2428 3160,2427 3186,2426 3211,2424 3237,2421"/>
                <TextEquiv>
                    <Unicode>möchte tatsächlich </Unicode>
                </TextEquiv>
            </TextLine>
            <TextLine id="r1l76" custom="readingOrder {index:75;}">
                <Coords points="102,2449 1033,2440 1032,2388 102,2407"/>
                <Baseline points="118,2436 162,2436 207,2436 252,2436 297,2436 342,2436 386,2435 431,2435 476,2434 521,2434 566,2433 610,2432 655,2432 700,2431 745,2431 790,2430 834,2430 879,2430 924,2430 969,2430 1014,2430"/>
                <TextEquiv>
                    <Unicode>Katholik und Protestant in jenem von uns angezeig¬</Unicode>
                </TextEquiv>
            </TextLine>
            <TextLine id="r1l77" custom="readingOrder {index:76;}">
                <Coords points="1971,2465 2895,2445 2894,2414 2673,2400 1970,2420"/>
                <Baseline points="1987,2454 2031,2454 2075,2454 2120,2453 2164,2453 2209,2452 2253,2452 2298,2451 2342,2450 2387,2450 2431,2449 2475,2448 2520,2448 2564,2447 2609,2446 2653,2445 2698,2445 2742,2445 2787,2444 2831,2444 2876,2444"/>
                <TextEquiv>
                    <Unicode>Form ist äußerst prägnant, meisterhaft, unroutiniert.</Unicode>
                </TextEquiv>
            </TextLine>
            <TextLine id="r1l78" custom="readingOrder {index:77;}">
                <Coords points="1032,2480 1963,2470 1962,2415 1854,2406 1031,2425"/>
                <Baseline points="1049,2469 1093,2468 1138,2468 1183,2467 1228,2467 1273,2466 1318,2466 1362,2465 1407,2464 1452,2464 1497,2463 1542,2462 1587,2462 1632,2461 1676,2460 1721,2460 1766,2459 1811,2458 1856,2458 1901,2457 1946,2456"/>
                <TextEquiv>
                    <Unicode>Freie des Glaubens. Die katholische Kultur sucht</Unicode>
                </TextEquiv>
            </TextLine>
            <TextLine id="r1l79" custom="readingOrder {index:78;}">
                <Coords points="2881,2477 3072,2472 3155,2487 3172,2469 3251,2470 3250,2425 2880,2435"/>
                <Baseline points="2897,2475 2922,2472 2948,2471 2974,2469 3000,2469 3026,2468 3052,2468 3077,2468 3103,2468 3129,2467 3155,2467 3181,2466 3207,2464 3233,2461"/>
                <TextEquiv>
                    <Unicode>seinem vierzigsten </Unicode>
                </TextEquiv>
            </TextLine>
            <TextLine id="r1l80" custom="readingOrder {index:79;}">
                <Coords points="100,2501 1045,2483 1044,2428 1016,2421 99,2438"/>
                <Baseline points="116,2481 161,2481 207,2481 252,2481 298,2480 343,2480 389,2480 434,2479 480,2479 525,2478 571,2478 617,2477 662,2477 708,2476 753,2476 799,2475 844,2474 890,2474 935,2473 981,2472 1027,2471"/>
                <TextEquiv>
                    <Unicode>ten, der Masse angehörigen, aber nicht unmittelbar</Unicode>
                </TextEquiv>
            </TextLine>
            <TextLine id="r1l81" custom="readingOrder {index:80;}">
                <Coords points="1967,2510 2884,2496 2883,2451 2845,2448 1966,2461"/>
                <Baseline points="1985,2497 2029,2498 2073,2498 2117,2498 2161,2498 2205,2497 2249,2497 2293,2496 2337,2496 2381,2495 2425,2494 2469,2493 2513,2493 2557,2492 2601,2491 2645,2491 2689,2490 2733,2490 2777,2490 2821,2490 2866,2491"/>
                <TextEquiv>
                    <Unicode>Selbst seine pointiertesten Werke haben eine Gelassen¬</Unicode>
                </TextEquiv>
            </TextLine>
            <TextLine id="r1l82" custom="readingOrder {index:81;}">
                <Coords points="2895,2517 3020,2514 3041,2527 3058,2512 3127,2510 3138,2520 3158,2502 3189,2515 3262,2506 3261,2475 3226,2469 3206,2477 3171,2467 3147,2479 3112,2462 3036,2479 2894,2473"/>
                <Baseline points="2913,2513 2938,2512 2963,2511 2989,2510 3014,2509 3039,2509 3065,2509 3090,2508 3116,2508 3141,2507 3166,2506 3192,2504 3217,2503 3243,2500"/>
                <TextEquiv>
                    <Unicode>schaffen, dann ist v#</Unicode>
                </TextEquiv>
            </TextLine>
            <TextLine id="r1l83" custom="readingOrder {index:82;}">
                <Coords points="1045,2526 1917,2516 1968,2504 1968,2463 1044,2478"/>
                <Baseline points="1062,2516 1106,2515 1150,2513 1195,2512 1239,2511 1284,2510 1328,2510 1372,2509 1417,2509 1461,2509 1506,2508 1550,2508 1594,2508 1639,2507 1683,2506 1728,2506 1772,2504 1816,2503 1861,2501 1905,2499 1950,2497"/>
                <TextEquiv>
                    <Unicode>Herde, Familie, das trügerisch Gegegebene zu über¬</Unicode>
                </TextEquiv>
            </TextLine>
            <TextLine id="r1l84" custom="readingOrder {index:83;}">
                <Coords points="96,2549 1041,2529 1040,2480 995,2477 96,2480"/>
                <Baseline points="115,2524 160,2525 206,2526 251,2526 297,2526 342,2526 388,2526 433,2525 479,2525 524,2524 570,2523 615,2522 661,2521 706,2520 752,2520 797,2519 843,2519 888,2518 934,2518 979,2519 1025,2519"/>
                <TextEquiv>
                    <Unicode>ausströmenden Sinne, hat das Aristokratische nötig,</Unicode>
                </TextEquiv>
            </TextLine>
            <TextLine id="r1l85" custom="readingOrder {index:84;}">
                <Coords points="1958,2572 2816,2557 2892,2542 2891,2483 1957,2513"/>
                <Baseline points="1975,2548 2020,2547 2065,2545 2110,2544 2155,2543 2200,2542 2245,2541 2290,2540 2335,2539 2380,2539 2425,2538 2470,2537 2515,2537 2560,2536 2605,2535 2650,2535 2695,2534 2740,2533 2785,2533 2830,2532 2876,2532"/>
                <TextEquiv>
                    <Unicode>heit, die das Leben über ihre Pointe hinaus bedeutet.</Unicode>
                </TextEquiv>
            </TextLine>
            <TextLine id="r1l86" custom="readingOrder {index:85;}">
                <Coords points="2894,2555 2936,2550 2967,2567 3043,2544 3092,2556 3143,2544 3161,2554 3261,2548 3260,2500 3188,2516 3160,2502 3139,2520 3052,2505 2952,2512 2938,2498 2893,2513"/>
                <Baseline points="2910,2552 2935,2551 2961,2550 2986,2550 3012,2550 3037,2549 3063,2549 3088,2548 3114,2548 3139,2547 3165,2546 3190,2545 3216,2543 3242,2540"/>
                <TextEquiv>
                    <Unicode>warten, was die h</Unicode>
                </TextEquiv>
            </TextLine>
            <TextLine id="r1l87" custom="readingOrder {index:86;}">
                <Coords points="1040,2564 1961,2559 1939,2504 1559,2526 1316,2495 1192,2531 1040,2523"/>
                <Baseline points="1058,2557 1102,2556 1146,2555 1191,2555 1235,2554 1279,2554 1324,2553 1368,2553 1412,2552 1457,2552 1501,2552 1545,2551 1590,2550 1634,2550 1678,2549 1723,2549 1767,2548 1811,2547 1856,2546 1900,2545 1945,2543"/>
                <TextEquiv>
                    <Unicode>winden, indem sie es umgeht, als Krönung der Exi¬</Unicode>
                </TextEquiv>
            </TextLine>
            <TextLine id="r1l88" custom="readingOrder {index:87;}">
                <Coords points="97,2580 1042,2569 1041,2531 927,2522 97,2532"/>
                <Baseline points="113,2569 158,2570 204,2570 249,2570 295,2570 340,2570 386,2570 431,2569 477,2569 522,2568 568,2568 614,2567 659,2566 705,2565 750,2565 796,2564 841,2563 887,2562 932,2561 978,2560 1024,2560"/>
                <TextEquiv>
                    <Unicode>um sich von der Menge zu entfernen. Revolutiona¬</Unicode>
                </TextEquiv>
            </TextLine>
            <TextLine id="r1l89" custom="readingOrder {index:88;}">
                <Coords points="2900,2594 3170,2595 3208,2580 3260,2591 3258,2533 3230,2527 3162,2547 3079,2549 3047,2537 3023,2558 3002,2552 2986,2563 2971,2550 2899,2552"/>
                <Baseline points="2918,2591 2944,2589 2971,2588 2998,2587 3025,2587 3052,2586 3079,2586 3106,2585 3133,2585 3160,2584 3187,2581 3214,2579 3241,2575"/>
                <TextEquiv>
                    <Unicode>ihr „erledigendes“ U</Unicode>
                </TextEquiv>
            </TextLine>
            <TextLine id="r1l90" custom="readingOrder {index:89;}">
                <Coords points="1033,2609 1971,2604 1969,2545 1924,2542 1032,2561"/>
                <Baseline points="1051,2604 1096,2603 1141,2603 1186,2602 1231,2601 1276,2600 1321,2599 1366,2599 1411,2597 1456,2596 1501,2596 1546,2595 1591,2594 1636,2592 1681,2592 1726,2590 1771,2590 1816,2589 1861,2588 1906,2587 1952,2586"/>
                <TextEquiv>
                    <Unicode>stenz den Priester, den aktiven erotisch lebenden</Unicode>
                </TextEquiv>
            </TextLine>
            <TextLine id="r1l91" custom="readingOrder {index:90;}">
                <Coords points="2368,2620 2385,2619 2392,2612 2410,2621 2441,2616 2444,2612 2451,2619 2472,2618 2468,2555 2440,2554 2433,2547 2423,2555 2402,2552 2395,2546 2364,2548"/>
                <Baseline points="2383,2607 2418,2605 2453,2603"/>
                <TextEquiv>
                    <Unicode>IX.</Unicode>
                </TextEquiv>
            </TextLine>
            <TextLine id="r1l92" custom="readingOrder {index:91;}">
                <Coords points="103,2625 1007,2618 1034,2566 103,2587"/>
                <Baseline points="122,2613 166,2613 211,2613 256,2614 301,2614 346,2613 390,2613 435,2613 480,2613 525,2613 570,2612 614,2612 659,2612 704,2611 749,2611 794,2610 838,2609 883,2608 928,2608 973,2607 1018,2606"/>
                <TextEquiv>
                    <Unicode>rismus ist da viel praktischer. Ein Shaw z. B., der</Unicode>
                </TextEquiv>
            </TextLine>
            <TextLine id="r1l93" custom="readingOrder {index:92;}">
                <Coords points="2892,2634 3100,2630 3228,2646 3273,2624 3272,2572 3238,2587 3213,2573 3199,2587 2892,2592"/>
                <Baseline points="2909,2627 2935,2627 2962,2627 2988,2627 3015,2627 3042,2628 3068,2628 3095,2627 3121,2627 3148,2627 3175,2625 3201,2624 3228,2622 3255,2619"/>
                <TextEquiv>
                    <Unicode>die zäh anhaftende</Unicode>
                </TextEquiv>
            </TextLine>
            <TextLine id="r1l94" custom="readingOrder {index:93;}">
                <Coords points="1046,2654 1956,2649 1979,2583 1045,2609"/>
                <Baseline points="1064,2644 1108,2643 1153,2641 1198,2640 1243,2639 1288,2639 1333,2638 1377,2638 1422,2638 1467,2638 1512,2637 1557,2637 1602,2637 1647,2637 1691,2637 1736,2636 1781,2636 1826,2635 1871,2634 1916,2633 1961,2632"/>
                <TextEquiv>
                    <Unicode>Asketen, zu dem alle ihre Zwecke zuzulaufen scheinen,</Unicode>
                </TextEquiv>
            </TextLine>
            <TextLine id="r1l95" custom="readingOrder {index:94;}">
                <Coords points="103,2674 1037,2661 1036,2613 974,2610 102,2618"/>
                <Baseline points="121,2659 168,2659 215,2659 262,2659 310,2658 357,2658 404,2658 452,2657 499,2656 546,2656 594,2655 641,2655 688,2654 736,2654 783,2653 830,2653 878,2652 925,2652 972,2652 1020,2651"/>
                <TextEquiv>
                    <Unicode>den demokratischesten Gedanken ausspricht, hält durch</Unicode>
                </TextEquiv>
            </TextLine>
            <TextLine id="r1l96" custom="readingOrder {index:95;}">
                <Coords points="2886,2694 2980,2676 3018,2693 3073,2675 3153,2689 3212,2678 3211,2612 2886,2631"/>
                <Baseline points="2903,2665 2929,2663 2956,2663 2982,2662 3009,2662 3035,2662 3062,2662 3088,2662 3115,2662 3141,2662 3168,2662 3195,2662"/>
                <TextEquiv>
                    <Unicode>unterzunehmen.</Unicode>
                </TextEquiv>
            </TextLine>
            <TextLine id="r1l97" custom="readingOrder {index:96;}">
                <Coords points="2010,2680 2892,2658 2891,2607 2811,2601 2009,2625"/>
                <Baseline points="2026,2670 2068,2669 2110,2669 2153,2669 2195,2668 2238,2668 2280,2667 2323,2667 2365,2666 2408,2666 2450,2665 2492,2664 2535,2663 2577,2663 2620,2661 2662,2661 2705,2660 2747,2659 2790,2658 2832,2657 2875,2655"/>
                <TextEquiv>
                    <Unicode>Schnitzler ist Jude. Vielleicht spricht er deshalb</Unicode>
                </TextEquiv>
            </TextLine>
            <TextLine id="r1l98" custom="readingOrder {index:97;}">
                <Coords points="1043,2701 1984,2688 1983,2646 1754,2632 1042,2653"/>
                <Baseline points="1061,2689 1106,2689 1151,2688 1196,2688 1241,2687 1287,2686 1332,2686 1377,2685 1422,2684 1467,2684 1513,2683 1558,2682 1603,2682 1648,2681 1693,2680 1739,2680 1784,2679 1829,2678 1874,2678 1919,2677 1965,2677"/>
                <TextEquiv>
                    <Unicode>angibt. In der heutigen Welt hat aber der Mensch</Unicode>
                </TextEquiv>
            </TextLine>
            <TextLine id="r1l99" custom="readingOrder {index:98;}">
                <Coords points="111,2715 1024,2707 1052,2700 1051,2651 110,2667"/>
                <Baseline points="129,2707 174,2705 219,2704 264,2703 310,2703 355,2702 400,2702 445,2702 491,2702 536,2702 581,2702 626,2702 672,2702 717,2702 762,2701 807,2701 853,2700 898,2699 943,2697 988,2695 1034,2693"/>
                <TextEquiv>
                    <Unicode>seinen Revolutionarismus sich die geringste der</Unicode>
                </TextEquiv>
            </TextLine>
            <TextLine id="r1l100" custom="readingOrder {index:99;}">
                <Coords points="1961,2723 2868,2715 2895,2656 1961,2678"/>
                <Baseline points="1979,2715 2026,2716 2073,2716 2120,2715 2168,2715 2215,2715 2262,2714 2310,2713 2357,2712 2404,2711 2452,2710 2499,2709 2546,2708 2594,2707 2641,2707 2688,2706 2736,2705 2783,2704 2830,2704 2878,2703"/>
                <TextEquiv>
                    <Unicode>unterhalb der deutschen Sprache ein ewigeres Idiom.</Unicode>
                </TextEquiv>
            </TextLine>
            <TextLine id="r1l101" custom="readingOrder {index:100;}">
                <Coords points="2914,2722 2966,2740 2994,2726 3083,2733 3101,2722 3142,2733 3163,2719 3177,2733 3232,2733 3260,2726 3260,2670 3236,2677 3208,2663 3187,2684 3163,2670 3083,2684 2914,2681"/>
                <Baseline points="2930,2721 2956,2721 2982,2722 3008,2722 3034,2722 3060,2723 3086,2723 3112,2723 3138,2723 3164,2722 3190,2722 3216,2721 3242,2720"/>
                <TextEquiv>
                    <Unicode>Nun bin ich der</Unicode>
                </TextEquiv>
            </TextLine>
            <TextLine id="r1l102" custom="readingOrder {index:101;}">
                <Coords points="1039,2750 1626,2722 1776,2751 1966,2740 1965,2688 1934,2686 1038,2698"/>
                <Baseline points="1057,2737 1101,2737 1146,2736 1190,2735 1235,2734 1280,2733 1324,2732 1369,2732 1414,2731 1458,2730 1503,2729 1548,2728 1592,2728 1637,2727 1682,2726 1726,2725 1771,2725 1816,2724 1860,2723 1905,2722 1950,2722"/>
                <TextEquiv>
                    <Unicode>zu wenig philosophischen Raum um sich, er kann</Unicode>
                </TextEquiv>
            </TextLine>
            <TextLine id="r1l103" custom="readingOrder {index:102;}">
                <Coords points="106,2764 670,2740 1037,2760 1036,2698 960,2688 106,2708"/>
                <Baseline points="124,2750 168,2749 213,2749 258,2748 303,2748 347,2748 392,2747 437,2747 482,2747 526,2747 571,2747 616,2746 661,2746 705,2745 750,2745 795,2744 840,2743 884,2742 929,2741 974,2739 1019,2737"/>
                <TextEquiv>
                    <Unicode>störenden Einwirkungen der Massenpsyche fern.</Unicode>
                </TextEquiv>
            </TextLine>
            <TextLine id="r1l104" custom="readingOrder {index:103;}">
                <Coords points="1962,2768 2889,2749 2888,2704 1961,2723"/>
                <Baseline points="1978,2762 2022,2762 2067,2762 2112,2762 2157,2762 2201,2761 2246,2761 2291,2760 2336,2759 2380,2758 2425,2757 2470,2756 2515,2755 2559,2753 2604,2752 2649,2751 2694,2750 2738,2749 2783,2748 2828,2748 2873,2747"/>
                <TextEquiv>
                    <Unicode>Vielleicht glaubt er, wenn er in der blockhaften</Unicode>
                </TextEquiv>
            </TextLine>
            <TextLine id="r1l105" custom="readingOrder {index:104;}">
                <Coords points="2888,2768 3134,2767 3172,2780 3186,2766 3265,2769 3265,2724 2888,2727"/>
                <Baseline points="2907,2763 2933,2763 2959,2763 2985,2763 3011,2763 3037,2763 3063,2764 3090,2764 3116,2763 3142,2763 3168,2763 3194,2762 3220,2761 3247,2759"/>
                <TextEquiv>
                    <Unicode>ein Ausnahmsfall.</Unicode>
                </TextEquiv>
            </TextLine>
            <TextLine id="r1l106" custom="readingOrder {index:105;}">
                <Coords points="1032,2802 1281,2781 1313,2802 1707,2793 1706,2727 1637,2721 1032,2740"/>
                <Baseline points="1049,2778 1081,2778 1113,2777 1145,2777 1177,2777 1209,2776 1241,2776 1273,2775 1305,2775 1337,2774 1370,2773 1402,2773 1434,2773 1466,2772 1498,2772 1530,2771 1562,2771 1594,2771 1626,2770 1658,2770 1691,2770"/>
                <TextEquiv>
                    <Unicode>uneigentliche Lösungen nicht dulden.</Unicode>
                </TextEquiv>
            </TextLine>
            <TextLine id="r1l107" custom="readingOrder {index:106;}">
                <Coords points="109,2816 452,2810 476,2789 791,2808 908,2786 908,2751 109,2760"/>
                <Baseline points="128,2792 166,2791 204,2791 242,2791 280,2792 318,2792 356,2792 395,2792 433,2792 471,2792 509,2792 547,2791 585,2791 623,2791 662,2790 700,2790 738,2789 776,2788 814,2787 852,2786 891,2785"/>
                <TextEquiv>
                    <Unicode>Revolutionarismus, das ist Luftreinigung.</Unicode>
                </TextEquiv>
            </TextLine>
            <TextLine id="r1l108" custom="readingOrder {index:107;}">
                <Coords points="1961,2818 2884,2804 2887,2752 1960,2769"/>
                <Baseline points="1978,2806 2022,2807 2067,2808 2111,2808 2156,2808 2201,2807 2245,2806 2290,2805 2335,2803 2379,2802 2424,2801 2469,2799 2513,2798 2558,2796 2603,2795 2647,2794 2692,2793 2737,2792 2781,2792 2826,2792 2871,2793"/>
                <TextEquiv>
                    <Unicode>Sprache des alten Testaments sprechen könnte, daß</Unicode>
                </TextEquiv>
            </TextLine>
            <TextLine id="r1l109" custom="readingOrder {index:108;}">
                <Coords points="2881,2814 3008,2803 3029,2813 3195,2804 3240,2814 3268,2804 3268,2762 3167,2774 3032,2761 2880,2766"/>
                <Baseline points="2899,2807 2924,2805 2949,2803 2974,2802 2999,2802 3024,2802 3049,2802 3075,2802 3100,2802 3125,2802 3150,2802 3175,2802 3200,2802 3225,2801 3251,2800"/>
                <TextEquiv>
                    <Unicode>seiner Erikette, trotz</Unicode>
                </TextEquiv>
            </TextLine>
            <TextLine id="r1l110" custom="readingOrder {index:109;}">
                <Coords points="151,2850 1058,2820 1057,2761 878,2793 151,2798"/>
                <Baseline points="168,2836 211,2835 255,2835 298,2835 342,2835 385,2835 429,2835 472,2835 516,2836 559,2836 603,2836 647,2836 690,2836 734,2835 777,2835 821,2834 864,2833 908,2831 951,2830 995,2828 1039,2825"/>
                <TextEquiv>
                    <Unicode>Schnitzler wägt beständig und mit sichtlicher Er¬</Unicode>
                </TextEquiv>
            </TextLine>
            <TextLine id="r1l111" custom="readingOrder {index:110;}">
                <Coords points="2891,2849 3051,2854 3095,2833 3137,2860 3171,2839 3199,2849 3272,2841 3271,2793 3251,2790 3043,2806 2932,2793 2891,2807"/>
                <Baseline points="2909,2845 2935,2843 2962,2841 2988,2841 3015,2841 3041,2840 3068,2841 3094,2841 3121,2841 3147,2841 3174,2840 3200,2840 3227,2839 3254,2838"/>
                <TextEquiv>
                    <Unicode>produktion um des</Unicode>
                </TextEquiv>
            </TextLine>
            <TextLine id="r1l112" custom="readingOrder {index:111;}">
                <Coords points="1952,2874 2834,2846 2882,2838 2881,2796 1950,2798"/>
                <Baseline points="1969,2851 2013,2851 2058,2851 2103,2851 2148,2851 2193,2850 2238,2849 2282,2848 2327,2847 2372,2846 2417,2844 2462,2843 2507,2841 2552,2840 2596,2838 2641,2837 2686,2836 2731,2835 2776,2834 2821,2834 2866,2834"/>
                <TextEquiv>
                    <Unicode>von ihm alle Probleme dieser Zeit abfallen würden</Unicode>
                </TextEquiv>
            </TextLine>
            <TextLine id="r1l113" custom="readingOrder {index:112;}">
                <Coords points="1442,2855 1462,2855 1483,2863 1490,2856 1504,2856 1521,2866 1552,2867 1563,2860 1580,2860 1581,2801 1560,2801 1546,2808 1525,2790 1518,2797 1501,2797 1494,2790 1466,2804 1442,2800"/>
                <Baseline points="1458,2847 1484,2845 1511,2845 1537,2846 1564,2847"/>
                <TextEquiv>
                    <Unicode>VIII.</Unicode>
                </TextEquiv>
            </TextLine>
            <TextLine id="r1l114" custom="readingOrder {index:113;}">
                <Coords points="106,2898 1023,2887 1050,2831 105,2843"/>
                <Baseline points="122,2884 167,2884 213,2884 258,2883 304,2883 350,2882 395,2881 441,2881 486,2880 532,2880 578,2879 623,2879 669,2878 714,2877 760,2877 806,2876 851,2876 897,2875 942,2874 988,2874 1034,2873"/>
                <TextEquiv>
                    <Unicode>regung Treue und Untreue im Sexuellen. Dieses</Unicode>
                </TextEquiv>
            </TextLine>
            <TextLine id="r1l115" custom="readingOrder {index:114;}">
                <Coords points="2883,2899 2910,2888 2990,2899 3045,2881 3094,2891 3135,2877 3177,2898 3198,2884 3267,2894 3267,2843 3208,2850 3045,2833 2973,2850 2883,2850"/>
                <Baseline points="2901,2881 2926,2880 2951,2880 2976,2879 3001,2879 3026,2879 3051,2879 3076,2880 3101,2880 3126,2880 3151,2880 3176,2880 3201,2879 3226,2879 3251,2877"/>
                <TextEquiv>
                    <Unicode>Adämek sein eigent</Unicode>
                </TextEquiv>
            </TextLine>
            <TextLine id="r1l116" custom="readingOrder {index:115;}">
                <Coords points="1968,2902 2885,2888 2883,2836 2807,2824 2538,2858 1967,2857"/>
                <Baseline points="1986,2893 2030,2894 2074,2893 2118,2893 2162,2893 2206,2892 2250,2891 2294,2890 2338,2889 2382,2888 2426,2887 2470,2886 2514,2884 2558,2883 2602,2882 2646,2881 2690,2880 2734,2879 2778,2878 2822,2877 2867,2877"/>
                <TextEquiv>
                    <Unicode>wie Zunder. Vielleicht ist er deshalb Skeptiker?</Unicode>
                </TextEquiv>
            </TextLine>
            <TextLine id="r1l117" custom="readingOrder {index:116;}">
                <Coords points="1094,2920 1962,2909 1961,2853 1833,2838 1782,2867 1093,2864"/>
                <Baseline points="1110,2913 1151,2912 1193,2912 1235,2911 1276,2911 1318,2910 1360,2910 1401,2909 1443,2909 1485,2908 1527,2907 1568,2907 1610,2906 1652,2905 1693,2904 1735,2903 1777,2902 1818,2902 1860,2901 1902,2900 1944,2898"/>
                <TextEquiv>
                    <Unicode>Noch über Schnitzlers Form. Man ist selten für</Unicode>
                </TextEquiv>
            </TextLine>
            <TextLine id="r1l118" custom="readingOrder {index:117;}">
                <Coords points="2887,2930 2957,2943 2995,2918 3057,2942 3074,2924 3265,2922 3264,2891 3240,2884 2887,2885"/>
                <Baseline points="2904,2922 2930,2922 2956,2922 2983,2921 3009,2921 3036,2921 3062,2920 3089,2920 3115,2919 3142,2919 3168,2919 3195,2919 3221,2919 3248,2919"/>
                <TextEquiv>
                    <Unicode>arge Lebensnot hat</Unicode>
                </TextEquiv>
            </TextLine>
            <TextLine id="r1l119" custom="readingOrder {index:118;}">
                <Coords points="115,2936 983,2931 1052,2916 1052,2874 114,2891"/>
                <Baseline points="131,2931 176,2930 221,2929 266,2928 311,2928 357,2927 402,2927 447,2926 492,2925 537,2925 583,2924 628,2923 673,2922 718,2922 763,2920 809,2920 854,2918 899,2918 944,2916 989,2915 1035,2913"/>
                <TextEquiv>
                    <Unicode>Problem liefert ihm den Rhythmus und die Kontra¬</Unicode>
                </TextEquiv>
            </TextLine>
            <TextLine id="r1l120" custom="readingOrder {index:119;}">
                <Coords points="1972,2947 2892,2930 2891,2878 1971,2902"/>
                <Baseline points="1990,2937 2034,2937 2078,2937 2122,2936 2166,2936 2211,2935 2255,2934 2299,2933 2343,2932 2387,2932 2432,2930 2476,2929 2520,2928 2564,2927 2608,2925 2653,2924 2697,2923 2741,2922 2785,2921 2829,2921 2874,2920"/>
                <TextEquiv>
                    <Unicode>Vielleicht hört er deshalb seinen eigenen Problemen</Unicode>
                </TextEquiv>
            </TextLine>
            <TextLine id="r1l121" custom="readingOrder {index:120;}">
                <Coords points="1037,2970 1971,2959 1970,2903 1036,2921"/>
                <Baseline points="1054,2960 1099,2960 1144,2959 1189,2959 1234,2958 1279,2958 1324,2957 1369,2956 1414,2955 1459,2954 1504,2954 1549,2953 1594,2951 1639,2951 1684,2950 1729,2948 1774,2948 1819,2946 1864,2946 1909,2944 1955,2943"/>
                <TextEquiv>
                    <Unicode>viele Zweige der Dichtung legitimiert. Es entspricht</Unicode>
                </TextEquiv>
            </TextLine>
            <TextLine id="r1l122" custom="readingOrder {index:121;}">
                <Coords points="2892,2975 2965,2963 3027,2972 3061,2955 3096,2975 3145,2967 3166,2981 3193,2963 3228,2976 3269,2962 3269,2920 2988,2918 2957,2939 2892,2933"/>
                <Baseline points="2910,2968 2936,2965 2962,2963 2988,2961 3014,2960 3041,2960 3067,2960 3093,2960 3119,2961 3146,2961 3172,2961 3198,2960 3224,2959 3251,2957"/>
                <TextEquiv>
                    <Unicode>zu viele Schaffensn</Unicode>
                </TextEquiv>
            </TextLine>
            <TextLine id="r1l123" custom="readingOrder {index:122;}">
                <Coords points="104,2978 1042,2975 1041,2923 103,2933"/>
                <Baseline points="122,2976 167,2974 212,2973 257,2972 302,2971 347,2970 392,2969 437,2968 482,2968 527,2967 572,2967 617,2966 662,2966 707,2965 752,2965 797,2965 842,2964 887,2963 932,2963 977,2962 1023,2961"/>
                <TextEquiv>
                    <Unicode>punktion seines Werkes. Doch zum Schluß erklärt er,</Unicode>
                </TextEquiv>
            </TextLine>
            <TextLine id="r1l124" custom="readingOrder {index:123;}">
                <Coords points="1975,2989 2812,2995 2895,2965 2894,2920 1974,2944"/>
                <Baseline points="1990,2982 2034,2981 2078,2981 2123,2980 2167,2980 2212,2979 2256,2978 2300,2977 2345,2977 2389,2976 2434,2975 2478,2974 2522,2973 2567,2972 2611,2972 2656,2971 2700,2970 2744,2969 2789,2968 2833,2967 2878,2966"/>
                <TextEquiv>
                    <Unicode>nur auf Abbruch zu? Wer aber kann die menschliche</Unicode>
                </TextEquiv>
            </TextLine>
            <TextLine id="r1l125" custom="readingOrder {index:124;}">
                <Coords points="1041,3020 1972,2997 1971,2952 1041,2965"/>
                <Baseline points="1057,3004 1101,3003 1146,3003 1191,3002 1236,3001 1281,3001 1326,3000 1370,3000 1415,3000 1460,2999 1505,2999 1550,2999 1595,2998 1640,2998 1684,2997 1729,2996 1774,2995 1819,2994 1864,2992 1909,2991 1954,2989"/>
                <TextEquiv>
                    <Unicode>das Talent einem seelischen Hang, der tiefer als alle</Unicode>
                </TextEquiv>
            </TextLine>
            <TextLine id="r1l126" custom="readingOrder {index:125;}">
                <Coords points="2883,3001 2942,3013 2973,3002 3004,3008 3018,2994 3035,3011 3104,2998 3118,3009 3191,3010 3250,2995 3249,2960 3152,2970 3062,2955 2920,2965 2902,2948 2881,2949"/>
                <Baseline points="2899,3005 2924,3004 2950,3003 2975,3002 3001,3001 3026,3001 3052,3001 3077,3000 3103,3000 3128,2999 3154,2998 3179,2997 3205,2996 3231,2995"/>
                <TextEquiv>
                    <Unicode>mente hat er in</Unicode>
                </TextEquiv>
            </TextLine>
            <TextLine id="r1l127" custom="readingOrder {index:126;}">
                <Coords points="108,3030 1011,3022 1046,3018 1045,2945 841,2982 107,2978"/>
                <Baseline points="125,3019 170,3018 215,3017 260,3016 305,3016 350,3015 395,3015 440,3014 485,3014 530,3013 576,3013 621,3013 666,3012 711,3011 756,3011 801,3010 846,3010 891,3008 936,3008 981,3007 1027,3005"/>
                <TextEquiv>
                    <Unicode>sein Problem sei nichtig. Er fühlt eben eine große</Unicode>
                </TextEquiv>
            </TextLine>
            <TextLine id="r1l128" custom="readingOrder {index:127;}">
                <Coords points="1964,3046 2071,3060 2130,3038 2217,3053 2389,3027 2549,3044 2610,3008 2609,2959 2381,2990 1962,2987"/>
                <Baseline points="1981,3026 2011,3027 2042,3028 2072,3028 2103,3028 2134,3028 2164,3027 2195,3027 2226,3026 2256,3025 2287,3024 2318,3023 2348,3022 2379,3020 2410,3019 2440,3018 2471,3017 2502,3016 2532,3015 2563,3014 2594,3014"/>
                <TextEquiv>
                    <Unicode>Seele umfassend genug ausdrücken?</Unicode>
                </TextEquiv>
            </TextLine>
            <TextLine id="r1l129" custom="readingOrder {index:128;}">
                <Coords points="2905,3047 3064,3043 3082,3057 3095,3043 3134,3052 3168,3034 3196,3058 3230,3043 3269,3050 3268,3001 3233,2995 3212,3006 3115,3004 3105,2994 3084,3005 3018,2996 3008,3007 2904,3005"/>
                <Baseline points="2923,3043 2948,3044 2973,3044 2998,3044 3024,3044 3049,3043 3074,3043 3100,3043 3125,3042 3150,3041 3176,3041 3201,3039 3226,3038 3252,3036"/>
                <TextEquiv>
                    <Unicode>vorbeirauschen geseh</Unicode>
                </TextEquiv>
            </TextLine>
            <TextLine id="r1l130" custom="readingOrder {index:129;}">
                <Coords points="103,3064 1968,3041 1895,2993 103,3019"/>
                <Baseline points="120,3066 211,3063 303,3062 394,3060 486,3058 578,3057 669,3055 761,3054 852,3052 944,3051 1036,3050 1127,3049 1219,3048 1310,3047 1402,3045 1494,3044 1585,3043 1677,3042 1768,3040 1860,3039 1952,3037"/>
                <TextEquiv>
                    <Unicode>Lebensversäumnis und drückt es so aus. Wir haben anderen menschlichen Eigenschaften sitzt, alles ihm</Unicode>
                </TextEquiv>
            </TextLine>
            <TextLine id="r1l131" custom="readingOrder {index:130;}">
                <Coords points="2893,3079 2935,3089 2949,3078 2970,3095 2990,3084 3060,3090 3084,3072 3105,3089 3139,3078 3281,3090 3280,3041 3256,3035 3228,3046 3173,3033 3156,3044 2893,3045"/>
                <Baseline points="2911,3083 2936,3082 2961,3082 2986,3082 3011,3082 3036,3082 3061,3082 3086,3082 3111,3081 3136,3081 3161,3080 3186,3079 3211,3079 3236,3077 3262,3074"/>
                <TextEquiv>
                    <Unicode>Geschickes ist es all</Unicode>
                </TextEquiv>
            </TextLine>
            <TextLine id="r1l132" custom="readingOrder {index:131;}">
                <Coords points="1043,3104 1939,3103 1988,3089 1987,3020 1703,3054 1042,3052"/>
                <Baseline points="1061,3093 1106,3092 1151,3091 1197,3091 1242,3090 1288,3089 1333,3089 1378,3088 1424,3088 1469,3087 1515,3087 1560,3086 1605,3086 1651,3085 1696,3085 1742,3084 1787,3084 1832,3083 1878,3082 1923,3081 1969,3079"/>
                <TextEquiv>
                    <Unicode>Zukommende: Gewohnheit, Geschmack, Urteile, gleich</Unicode>
                </TextEquiv>
            </TextLine>
            <TextLine id="r1l133" custom="readingOrder {index:132;}">
                <Coords points="109,3109 995,3112 1053,3094 1053,3056 108,3068"/>
                <Baseline points="126,3108 171,3108 216,3107 262,3107 307,3106 353,3106 398,3105 444,3104 489,3103 535,3102 580,3102 625,3101 671,3100 716,3099 762,3098 807,3098 853,3097 898,3096 944,3096 989,3095 1035,3095"/>
                <TextEquiv>
                    <Unicode>das alles schon beim Namen genannt. Dasselbe ge¬</Unicode>
                </TextEquiv>
            </TextLine>
            <TextLine id="r1l134" custom="readingOrder {index:133;}">
                <Coords points="2886,3110 2942,3133 2980,3116 2997,3129 3212,3123 3229,3137 3263,3119 3263,3071 3194,3085 3083,3073 3052,3087 2986,3088 2886,3072"/>
                <Baseline points="2905,3124 2931,3123 2957,3122 2983,3122 3010,3122 3036,3122 3062,3122 3089,3122 3115,3122 3141,3121 3168,3121 3194,3120 3220,3119 3247,3117"/>
                <TextEquiv>
                    <Unicode>der Verwirklichung</Unicode>
                </TextEquiv>
            </TextLine>
            <TextLine id="r1l135" custom="readingOrder {index:134;}">
                <Coords points="1041,3155 1844,3124 1843,3100 1715,3081 1456,3103 1040,3082"/>
                <Baseline points="1059,3134 1097,3134 1135,3135 1174,3135 1212,3135 1251,3135 1289,3134 1327,3134 1366,3133 1404,3133 1443,3132 1481,3130 1519,3130 1558,3128 1596,3128 1635,3127 1673,3126 1711,3125 1750,3124 1788,3124 1827,3123"/>
                <TextEquiv>
                    <Unicode>Vorposten, in den Lebenskampf hinausstellt.</Unicode>
                </TextEquiv>
            </TextLine>
            <TextLine id="r1l136" custom="readingOrder {index:135;}">
                <Coords points="2647,3161 2685,3154 2699,3160 2706,3153 2733,3160 2768,3153 2796,3163 2834,3156 2833,3083 2795,3080 2754,3111 2733,3108 2719,3094 2691,3112 2646,3112"/>
                <Baseline points="2663,3145 2688,3144 2714,3144 2740,3145 2765,3145 2791,3144 2817,3141"/>
                <TextEquiv>
                    <Unicode>—</Unicode>
                </TextEquiv>
            </TextLine>
            <TextLine id="r1l137" custom="readingOrder {index:136;}">
                <Coords points="106,3168 1040,3147 1039,3102 998,3096 105,3116"/>
                <Baseline points="122,3156 167,3154 212,3152 257,3151 302,3149 347,3149 392,3148 437,3147 482,3147 527,3146 573,3146 618,3146 663,3145 708,3145 753,3145 798,3144 843,3143 888,3142 933,3141 978,3140 1024,3138"/>
                <TextEquiv>
                    <Unicode>schieht in „Professor Bernhardi“. Auch diese Gestalt</Unicode>
                </TextEquiv>
            </TextLine>
            <TextLine id="r1l138" custom="readingOrder {index:137;}">
                <Coords points="2882,3188 2958,3163 3034,3179 3158,3160 3176,3177 3203,3160 3269,3162 3268,3117 3231,3135 3050,3117 2943,3132 2881,3105"/>
                <Baseline points="2899,3165 2924,3161 2949,3160 2974,3158 2999,3157 3024,3156 3049,3156 3074,3156 3099,3156 3124,3156 3149,3157 3174,3157 3199,3157 3224,3157 3250,3156"/>
                <TextEquiv>
                    <Unicode>Gurückgehalten hat.</Unicode>
                </TextEquiv>
            </TextLine>
            <TextLine id="r1l139" custom="readingOrder {index:138;}">
                <Coords points="2308,3187 2328,3190 2352,3172 2391,3179 2442,3167 2467,3177 2487,3176 2486,3131 2455,3136 2441,3125 2414,3143 2397,3144 2354,3103 2337,3100 2323,3111 2306,3111"/>
                <Baseline points="2326,3162 2354,3167 2383,3168 2411,3166 2440,3164 2469,3161"/>
                <TextEquiv>
                    <Unicode>——</Unicode>
                </TextEquiv>
            </TextLine>
            <TextLine id="r1l140" custom="readingOrder {index:139;}">
                <Coords points="1106,3188 1975,3187 1973,3114 1105,3143"/>
                <Baseline points="1122,3179 1163,3180 1205,3180 1247,3180 1288,3180 1330,3179 1372,3179 1413,3177 1455,3177 1497,3175 1539,3174 1580,3173 1622,3171 1664,3170 1705,3169 1747,3168 1789,3167 1830,3167 1872,3166 1914,3166 1956,3167"/>
                <TextEquiv>
                    <Unicode>Schnitzler hat eine Mischsorm: er ist viel mehr</Unicode>
                </TextEquiv>
            </TextLine>
            <TextLine id="r1l141" custom="readingOrder {index:140;}">
                <Coords points="113,3206 1057,3198 1057,3143 112,3161"/>
                <Baseline points="130,3197 175,3196 220,3195 266,3194 311,3193 357,3192 402,3192 448,3191 493,3191 539,3191 584,3191 629,3190 675,3190 720,3190 766,3189 811,3188 857,3188 902,3187 948,3185 993,3184 1039,3182"/>
                <TextEquiv>
                    <Unicode>nihilisiert ihr eigenes Problem. Man ermüdet sich</Unicode>
                </TextEquiv>
            </TextLine>
            <TextLine id="r1l142" custom="readingOrder {index:141;}">
                <Coords points="1997,3239 3263,3207 3262,3159 2910,3178 2871,3141 2498,3192 2203,3158 1996,3187"/>
                <Baseline points="2014,3226 2075,3225 2137,3224 2198,3223 2260,3222 2322,3221 2383,3220 2445,3219 2506,3217 2568,3216 2630,3214 2691,3213 2753,3211 2814,3209 2876,3207 2938,3205 2999,3204 3061,3202 3122,3200 3184,3198 3246,3196"/>
                <TextEquiv>
                    <Unicode>Kgehör zu den Kün</Unicode>
                </TextEquiv>
            </TextLine>
            <TextLine id="r1l143" custom="readingOrder {index:142;}">
                <Coords points="1041,3238 1971,3235 1991,3172 1039,3176"/>
                <Baseline points="1058,3227 1103,3227 1149,3227 1195,3227 1241,3226 1287,3225 1332,3224 1378,3223 1424,3222 1470,3221 1516,3220 1561,3219 1607,3217 1653,3217 1699,3216 1745,3215 1790,3214 1836,3214 1882,3214 1928,3215 1974,3215"/>
                <TextEquiv>
                    <Unicode>Epiker als Dramatiker. Auch in seinen Dramen.</Unicode>
                </TextEquiv>
            </TextLine>
            <TextLine id="r1l144" custom="readingOrder {index:143;}">
                <Coords points="108,3251 1021,3244 1059,3230 1059,3192 108,3203"/>
                <Baseline points="126,3240 171,3240 217,3239 263,3239 309,3239 354,3239 400,3239 446,3239 492,3238 537,3238 583,3238 629,3237 675,3237 720,3236 766,3235 812,3234 858,3233 903,3232 949,3231 995,3229 1041,3227"/>
                <TextEquiv>
                    <Unicode>am Bedingten, man hat nicht den geistigen Griff für</Unicode>
                </TextEquiv>
            </TextLine>
            <TextLine id="r1l145" custom="readingOrder {index:144;}">
                <Coords points="2893,3263 2939,3247 3001,3269 3042,3249 3070,3266 3091,3253 3122,3264 3160,3254 3194,3272 3233,3255 3274,3270 3275,3201 3116,3212 3095,3194 3067,3211 2894,3204"/>
                <Baseline points="2910,3233 2936,3236 2963,3239 2990,3241 3017,3242 3043,3244 3070,3245 3097,3246 3124,3246 3150,3245 3177,3245 3204,3243 3231,3241 3258,3239"/>
                <TextEquiv>
                    <Unicode>Reifeprozeß so lang</Unicode>
                </TextEquiv>
            </TextLine>
            <TextLine id="r1l146" custom="readingOrder {index:145;}">
                <Coords points="107,3310 1982,3263 1960,3215 106,3251"/>
                <Baseline points="124,3296 216,3292 308,3289 400,3286 492,3284 584,3282 676,3280 768,3279 860,3277 952,3276 1044,3275 1136,3274 1228,3274 1320,3273 1412,3272 1504,3270 1596,3269 1688,3267 1780,3266 1872,3263 1964,3261"/>
                <TextEquiv>
                    <Unicode>seine Nöte. Schnitzler unterläßt den großen revoln= Das kann natürlich nichts gegen sie besagen. Das</Unicode>
                </TextEquiv>
            </TextLine>
            <TextEquiv>
                <Unicode>
box 39/3
6oth Birthday
guegsse
pun zusbein
—
möbden auf dem Mucken.
mächtig des Wissens:
JOpRLAHF
gewogen.
 



klar, daß Technik schon Naturnähe und Naturbetrach=tionären Schritt, seine Welt stellt sich uns daher so Epische entspringt einem gewissen Glauben, der Welt
gezollt, das Drama einem Verantwortungsgefühl,
tung sei. Römische Baukunst, das französische dar: jeder Kampf ist durch Verkrampfung der Betei¬
uaujgos
das zwar reizbar ist, aber eine Möglichkeit in sich
Drama, ja selbst die französische Sprache, die Existenzligten überflüssig gemacht, das Erotische frei durch
haben muß, befriedigt zu werden. Nun hat Schnitzler
16 uobuur auf
Galgenhumor, ist wie das übrige Leben nur Schein,
Stefan Georges in Deutschland besagen Aehnliches
zwar ein geradezu neurasthenisch reizbares Verant¬
für die Künste. Wer sich von der „Wirklichkeit“ be=existiert eigentlich nicht mehr. Ursache davon ist nicht
wortungsgefühl, aber die kulturelle Basis, die er
wußt losschält, enthält die Wirklichkeit dann in sich. Blutleere, wie man Schnitzler vorwarf, sondern das
Ein ziemlich seltftl
innehat, läßt „Lösungen“ gar nicht zu. Er ist ge¬
Belastende der ganzen Kultur. Künstlerisch aber hat
Die Emanzipation von der Ahnenfolge macht aus
beinah überall; trotz
zwungen, dem Leben mehr Glauben zu schenken, als
Schnitzler die Sache bewältigt. Wieder greift er da
den Menschen erst den Kosmos seiner Ahnenbezie¬
men. Für die hohe
er ihm tatsächlich schenkt, dadurch ist er plötzlich auf
hungen. Der freie Mensch, der Mensch ohne Kontakt, in den großen Rückhalt der katholischen Kultur. Wir
nicht, für sie ist er
eine stachlige idyllische Art Epiker. Auch nähert er
denken an seine herrlichen Marionettendramen. Alle
das ist die Kristallisation der Nation.
tor — sobald sie ih
sich der Komödie, für die ihm aber, eben als einer
großen katholischen Künstler: die spanische Dramatik,
angeklebt hat, sei er
sehr dramatischen Form doch das Herkommen von
VII.
ein Umstand: er ist
#
Dante, Grillparzer, Raimund, Baudelaire, Bizet,
einigen Tagen, in
haben in ihrer Figurensprache ziemlich viel Mario=irgend einer letzten Entschiedenheit mangelt. Man
Wie verhält sich Schnitzler nun zu diesen revolu¬
besmonat, hat er bes
bewundert bei Schnitzler eine große Durchsichtigkeit,
nettenhaftes. Die Marionette sagt mit metaphysischer
tionären Wahrheiten? Er gibt auf negative Art
überschritten. Da
die uns diese Analyse erst ermöglichte. Ueberhaupt
Unterstrichenheit: der Sklave ist freier, freier als der
ihren Beweis. Die Miene, mit der er fünf gerade
wundert aufschlagen
hat der Kritiker nach Goethe nicht den Begriff eines
Freie, denn dieser zeigt sich als Sklave einer goldenen
sein läßt, beweist, daß sie ungerade sind. C’est le ton
so rasch dahinbrauf
Werkes, bevor es da ist. Deshalb möge man alle
Mitte. Ignazius von Loyola, ein Unbedingter in
ist könnte es den ###
aui fait la musique, heißt es bei Schnitzler. Schnitzler,
Kritik vorsichtig einschätzen. Schnitzlers künstlerische
einer materiell bedingten Welt, fand so aus ihr ins
möchte tatsächlich 
Katholik und Protestant in jenem von uns angezeig¬
Form ist äußerst prägnant, meisterhaft, unroutiniert.
Freie des Glaubens. Die katholische Kultur sucht
seinem vierzigsten 
ten, der Masse angehörigen, aber nicht unmittelbar
Selbst seine pointiertesten Werke haben eine Gelassen¬
schaffen, dann ist v#
Herde, Familie, das trügerisch Gegegebene zu über¬
ausströmenden Sinne, hat das Aristokratische nötig,
heit, die das Leben über ihre Pointe hinaus bedeutet.
warten, was die h
winden, indem sie es umgeht, als Krönung der Exi¬
um sich von der Menge zu entfernen. Revolutiona¬
ihr „erledigendes“ U
stenz den Priester, den aktiven erotisch lebenden
IX.
rismus ist da viel praktischer. Ein Shaw z. B., der
die zäh anhaftende
Asketen, zu dem alle ihre Zwecke zuzulaufen scheinen,
den demokratischesten Gedanken ausspricht, hält durch
unterzunehmen.
Schnitzler ist Jude. Vielleicht spricht er deshalb
angibt. In der heutigen Welt hat aber der Mensch
seinen Revolutionarismus sich die geringste der
unterhalb der deutschen Sprache ein ewigeres Idiom.
Nun bin ich der
zu wenig philosophischen Raum um sich, er kann
störenden Einwirkungen der Massenpsyche fern.
Vielleicht glaubt er, wenn er in der blockhaften
ein Ausnahmsfall.
uneigentliche Lösungen nicht dulden.
Revolutionarismus, das ist Luftreinigung.
Sprache des alten Testaments sprechen könnte, daß
seiner Erikette, trotz
Schnitzler wägt beständig und mit sichtlicher Er¬
produktion um des
von ihm alle Probleme dieser Zeit abfallen würden
VIII.
regung Treue und Untreue im Sexuellen. Dieses
Adämek sein eigent
wie Zunder. Vielleicht ist er deshalb Skeptiker?
Noch über Schnitzlers Form. Man ist selten für
arge Lebensnot hat
Problem liefert ihm den Rhythmus und die Kontra¬
Vielleicht hört er deshalb seinen eigenen Problemen
viele Zweige der Dichtung legitimiert. Es entspricht
zu viele Schaffensn
punktion seines Werkes. Doch zum Schluß erklärt er,
nur auf Abbruch zu? Wer aber kann die menschliche
das Talent einem seelischen Hang, der tiefer als alle
mente hat er in
sein Problem sei nichtig. Er fühlt eben eine große
Seele umfassend genug ausdrücken?
vorbeirauschen geseh
Lebensversäumnis und drückt es so aus. Wir haben anderen menschlichen Eigenschaften sitzt, alles ihm
Geschickes ist es all
Zukommende: Gewohnheit, Geschmack, Urteile, gleich
das alles schon beim Namen genannt. Dasselbe ge¬
der Verwirklichung
Vorposten, in den Lebenskampf hinausstellt.
—
schieht in „Professor Bernhardi“. Auch diese Gestalt
Gurückgehalten hat.
——
Schnitzler hat eine Mischsorm: er ist viel mehr
nihilisiert ihr eigenes Problem. Man ermüdet sich
Kgehör zu den Kün
Epiker als Dramatiker. Auch in seinen Dramen.
am Bedingten, man hat nicht den geistigen Griff für
Reifeprozeß so lang
seine Nöte. Schnitzler unterläßt den großen revoln= Das kann natürlich nichts gegen sie besagen. Das</Unicode>
            </TextEquiv>
        </TextRegion>
    </Page>
</PcGts>
