<?xml version="1.0" encoding="UTF-8" standalone="yes"?>
<PcGts xmlns="http://schema.primaresearch.org/PAGE/gts/pagecontent/2013-07-15" xmlns:xsi="http://www.w3.org/2001/XMLSchema-instance" xsi:schemaLocation="http://schema.primaresearch.org/PAGE/gts/pagecontent/2013-07-15 http://schema.primaresearch.org/PAGE/gts/pagecontent/2013-07-15/pagecontent.xsd">
    <Metadata>
        <Creator>prov=University of Rostock/Institute of Mathematics/CITlab/Gundram Leifert/gundram.leifert@uni-rostock.de:name=ONB_Newseye_GT_M1+(htr_id=10810)::::v=2.4.2
prov=University of Rostock/Institute of Mathematics/CITlab/Tobias Gruening/tobias.gruening@uni-rostock.de:name=de.uros.citlab.module.baseline2polygon.B2PSeamMultiOriented:v=2.4.2
prov=University of Rostock/Institute of Mathematics/CITlab/Tobias Gruening/tobias.gruening@uni-rostock.de:name=/mnt/transkribus/LA/DEA/URO/LA_news_onb_att.pb:de.uros.citlab.segmentation.CITlab_LA_ML:v=2.4.2
Transkribus</Creator>
        <Created>2019-10-07T20:32:10.057+02:00</Created>
        <LastChange>2019-10-09T09:23:39.326+02:00</LastChange>
        <TranskribusMetadata docId="224438" pageId="9577128" pageNr="229" tsid="16633226" status="IN_PROGRESS" userId="40391" imgUrl="https://files.transkribus.eu/Get?id=OMAHMNEBMVOXZGFQBLCHKKJQ&amp;fileType=view" xmlUrl="https://files.transkribus.eu/Get?id=DARUJLKZVLRVYMTFHNSURSCM" imageId="6207665"/>
    </Metadata>
    <Page imageFilename="224438_0229.jpeg" imageWidth="3436" imageHeight="4352">
        <ReadingOrder>
            <OrderedGroup id="ro_1711442739230" caption="Regions reading order">
                <RegionRefIndexed index="0" regionRef="r1"/>
            </OrderedGroup>
        </ReadingOrder>
        <TextRegion orientation="0.0" id="r1" custom="readingOrder {index:0;}">
            <Coords points="174,212 174,3707 2424,3707 2424,212"/>
            <TextLine id="r1l1" custom="readingOrder {index:0;}">
                <Coords points="1819,279 1873,256 1983,249 2140,275 2213,271 2234,253 2283,264 2326,253 2325,204 2174,211 2141,198 2106,221 2047,224 1970,218 1918,182 1816,187"/>
                <Baseline points="1828,248 1853,246 1879,246 1905,244 1930,243 1956,242 1982,241 2007,241 2033,240 2059,239 2084,239 2110,239 2136,238 2161,238 2187,237 2213,237 2238,237 2264,236 2290,235 2316,235"/>
                <TextEquiv>
                    <Unicode></Unicode>
                </TextEquiv>
            </TextLine>
            <TextLine id="r1l2" custom="readingOrder {index:1;}">
                <Coords points="1154,364 1222,378 1269,355 1299,376 1362,345 1440,372 1605,345 1605,306 1568,292 1387,296 1356,317 1295,298 1275,309 1154,294"/>
                <Baseline points="1163,350 1188,349 1213,350 1239,350 1264,350 1290,351 1315,351 1340,352 1366,352 1391,353 1417,353 1442,353 1467,353 1493,352 1518,351 1544,350 1569,349 1595,346"/>
                <TextEquiv>
                    <Unicode>box 39/3</Unicode>
                </TextEquiv>
            </TextLine>
            <TextLine id="r1l3" custom="readingOrder {index:2;}">
                <Coords points="164,391 994,380 993,318 857,302 626,300 534,343 473,304 365,325 337,306 277,352 163,314"/>
                <Baseline points="174,360 214,367 255,372 295,376 336,379 376,381 417,381 457,382 498,381 538,380 579,378 619,376 660,374 700,372 741,370 781,368 822,367 862,366 903,365 943,366 984,367"/>
                <TextEquiv>
                    <Unicode>3. 60th Birthday</Unicode>
                </TextEquiv>
            </TextLine>
            <TextLine id="r1l4" custom="readingOrder {index:3;}">
                <Coords points="918,1138 2425,1138 2425,1097 2331,1077 1995,1123 918,1089"/>
                <Baseline points="927,1142 1001,1142 1075,1142 1150,1143 1224,1144 1299,1145 1373,1145 1447,1146 1522,1147 1596,1147 1671,1148 1745,1149 1819,1149 1894,1149 1968,1149 2043,1149 2117,1149 2191,1148 2266,1147 2340,1146 2415,1144"/>
                <TextEquiv>
                    <Unicode>Was umschließt Schnitzlers Werk? Sein Schauen, seine Empfänglich¬</Unicode>
                </TextEquiv>
            </TextLine>
            <TextLine id="r1l5" custom="readingOrder {index:4;}">
                <Coords points="849,1193 2429,1201 2390,1151 849,1151"/>
                <Baseline points="858,1192 936,1193 1014,1194 1092,1194 1170,1195 1248,1195 1326,1196 1404,1196 1482,1196 1560,1196 1638,1196 1716,1197 1794,1197 1872,1197 1950,1197 2028,1197 2106,1198 2184,1198 2262,1199 2340,1199 2419,1200"/>
                <TextEquiv>
                    <Unicode>keit ist nicht „unmittelbar“ eingestellt auf die Wienerische Welt; er spiegelt</Unicode>
                </TextEquiv>
            </TextLine>
            <TextLine id="r1l6" custom="readingOrder {index:5;}">
                <Coords points="863,1250 2329,1264 2422,1207 863,1199"/>
                <Baseline points="873,1242 949,1243 1026,1244 1103,1245 1180,1246 1257,1246 1334,1247 1411,1247 1488,1248 1565,1248 1642,1248 1718,1249 1795,1249 1872,1249 1949,1249 2026,1249 2103,1250 2180,1250 2257,1250 2334,1251 2411,1251"/>
                <TextEquiv>
                    <Unicode>sie, nehmt alles nur in allem, durch das Medium menschlicher Gestalten; er</Unicode>
                </TextEquiv>
            </TextLine>
            <TextLine id="r1l7" custom="readingOrder {index:6;}">
                <Coords points="851,1288 2376,1309 2420,1254 852,1252"/>
                <Baseline points="862,1289 939,1292 1016,1293 1094,1295 1171,1297 1248,1298 1326,1299 1403,1300 1480,1300 1558,1301 1635,1301 1712,1301 1790,1301 1867,1301 1944,1301 2022,1301 2099,1300 2176,1300 2254,1300 2331,1299 2409,1299"/>
                <TextEquiv>
                    <Unicode>ist tief und eindeutig eingestellt auf Menschen, wie denn seine Hauptwerke</Unicode>
                </TextEquiv>
            </TextLine>
            <TextLine id="r1l8" custom="readingOrder {index:7;}">
                <Coords points="857,1351 2423,1351 2325,1300 857,1310"/>
                <Baseline points="867,1340 944,1341 1021,1341 1098,1342 1176,1342 1253,1343 1330,1343 1408,1343 1485,1343 1562,1343 1640,1344 1717,1344 1794,1344 1871,1344 1949,1344 2026,1345 2103,1345 2181,1345 2258,1346 2335,1347 2413,1348"/>
                <TextEquiv>
                    <Unicode>Dramen und Novellen, nicht Romane sind. So ist ihm nicht gegeben,</Unicode>
                </TextEquiv>
            </TextLine>
            <TextLine id="r1l9" custom="readingOrder {index:8;}">
                <Coords points="844,1403 2236,1409 2426,1358 844,1360"/>
                <Baseline points="855,1389 933,1390 1011,1390 1089,1390 1167,1391 1245,1391 1323,1391 1401,1392 1479,1392 1557,1393 1635,1393 1713,1394 1791,1394 1869,1394 1947,1394 2025,1394 2103,1394 2181,1393 2259,1393 2337,1392 2416,1391"/>
                <TextEquiv>
                    <Unicode>den Vollklang heimatlicher Natur aus reinster, eigener Empfindung wider¬</Unicode>
                </TextEquiv>
            </TextLine>
            <TextLine id="r1l10" custom="readingOrder {index:9;}">
                <Coords points="856,1450 2422,1455 2403,1392 856,1399"/>
                <Baseline points="866,1439 943,1440 1020,1440 1098,1440 1175,1441 1252,1441 1330,1441 1407,1441 1484,1440 1562,1440 1639,1440 1716,1440 1794,1440 1871,1440 1948,1439 2026,1439 2103,1439 2180,1440 2258,1440 2335,1440 2413,1441"/>
                <TextEquiv>
                    <Unicode>klingen zu lassen; nicht, das sichtbare Abbild der seelenvollen alten Stadt,</Unicode>
                </TextEquiv>
            </TextLine>
            <TextLine id="r1l11" custom="readingOrder {index:10;}">
                <Coords points="846,1504 2434,1486 2433,1449 2280,1443 846,1447"/>
                <Baseline points="855,1490 933,1490 1011,1490 1090,1490 1168,1490 1247,1489 1325,1489 1404,1489 1482,1489 1561,1489 1639,1489 1717,1488 1796,1488 1874,1488 1953,1488 2031,1488 2110,1488 2188,1488 2267,1488 2345,1489 2424,1489"/>
                <TextEquiv>
                    <Unicode>ihrer baulichen und architektonischen Reize, der durchsiedelten Landschaft</Unicode>
                </TextEquiv>
            </TextLine>
            <TextLine id="r1l12" custom="readingOrder {index:11;}">
                <Coords points="850,1551 2430,1533 2344,1496 850,1502"/>
                <Baseline points="860,1538 938,1538 1016,1538 1094,1538 1172,1538 1250,1538 1328,1538 1406,1538 1484,1538 1562,1538 1640,1538 1718,1539 1796,1539 1874,1539 1952,1539 2030,1539 2108,1539 2186,1539 2264,1539 2342,1539 2420,1539"/>
                <TextEquiv>
                    <Unicode>wiederzugeben; nicht, Kulturgeschichte in ihren bleibenden Zeugnissen oder</Unicode>
                </TextEquiv>
            </TextLine>
            <TextLine id="r1l13" custom="readingOrder {index:12;}">
                <Coords points="860,1585 2432,1584 2349,1543 860,1547"/>
                <Baseline points="870,1587 947,1587 1025,1587 1102,1587 1180,1587 1258,1587 1335,1587 1413,1587 1490,1587 1568,1587 1646,1587 1723,1587 1801,1587 1878,1587 1956,1587 2034,1587 2111,1586 2189,1586 2266,1585 2344,1584 2422,1584"/>
                <TextEquiv>
                    <Unicode>Geschichte in ihrer Jahrzehnte oder Jahrhunderte überspannenden Ent¬</Unicode>
                </TextEquiv>
            </TextLine>
            <TextLine id="r1l14" custom="readingOrder {index:13;}">
                <Coords points="854,1634 2420,1632 2407,1587 854,1587"/>
                <Baseline points="865,1636 942,1636 1019,1636 1096,1636 1174,1636 1251,1636 1328,1637 1406,1637 1483,1637 1560,1637 1638,1637 1715,1637 1792,1637 1869,1637 1947,1637 2024,1637 2101,1636 2179,1636 2256,1635 2333,1635 2411,1634"/>
                <TextEquiv>
                    <Unicode>wicklung zu fassen. Von alledem berührt ihn nur, was als Erlebnis, als</Unicode>
                </TextEquiv>
            </TextLine>
            <TextLine id="r1l15" custom="readingOrder {index:14;}">
                <Coords points="846,1679 2430,1680 2271,1641 846,1647"/>
                <Baseline points="857,1685 935,1684 1013,1684 1091,1684 1169,1684 1247,1684 1325,1684 1404,1684 1482,1684 1560,1685 1638,1685 1716,1685 1794,1686 1872,1686 1951,1686 2029,1686 2107,1686 2185,1685 2263,1685 2341,1684 2420,1683"/>
                <TextEquiv>
                    <Unicode>wesenbestimmende Überlieferung, als prägende Umwelt, als gewohnheit¬</Unicode>
                </TextEquiv>
            </TextLine>
            <TextLine id="r1l16" custom="readingOrder {index:15;}">
                <Coords points="848,1751 2430,1739 2359,1690 848,1702"/>
                <Baseline points="857,1735 935,1735 1013,1735 1091,1734 1169,1734 1247,1734 1325,1734 1404,1734 1482,1733 1560,1733 1638,1733 1716,1733 1794,1733 1872,1733 1951,1734 2029,1734 2107,1735 2185,1735 2263,1736 2341,1737 2420,1738"/>
                <TextEquiv>
                    <Unicode>formende Atmosphäre in den Menschen seiner Zeit wirksam wurde. In</Unicode>
                </TextEquiv>
            </TextLine>
            <TextLine id="r1l17" custom="readingOrder {index:16;}">
                <Coords points="859,1795 2400,1800 2425,1739 859,1742"/>
                <Baseline points="869,1787 946,1786 1023,1785 1100,1785 1178,1784 1255,1784 1332,1783 1410,1783 1487,1783 1564,1782 1642,1782 1719,1782 1796,1782 1873,1782 1951,1783 2028,1783 2105,1783 2183,1784 2260,1784 2337,1785 2415,1786"/>
                <TextEquiv>
                    <Unicode>ihnen, durch sie hindurch, erfühlt und gestaltet er im Widerschein, was</Unicode>
                </TextEquiv>
            </TextLine>
            <TextLine id="r1l18" custom="readingOrder {index:17;}">
                <Coords points="855,1840 2150,1852 2423,1797 855,1799"/>
                <Baseline points="865,1833 942,1832 1019,1831 1097,1831 1174,1831 1252,1831 1329,1831 1407,1831 1484,1831 1562,1831 1639,1832 1716,1832 1794,1832 1871,1833 1949,1833 2026,1833 2104,1833 2181,1833 2259,1833 2336,1833 2414,1832"/>
                <TextEquiv>
                    <Unicode>andere unmittelbar dichterisch zu ergreifen trachten, und erfühlt und ge¬</Unicode>
                </TextEquiv>
            </TextLine>
            <TextLine id="r1l19" custom="readingOrder {index:18;}">
                <Coords points="854,1893 2430,1894 2397,1829 854,1840"/>
                <Baseline points="863,1882 940,1881 1018,1880 1096,1880 1174,1879 1252,1879 1330,1879 1407,1879 1485,1879 1563,1880 1641,1880 1719,1880 1797,1881 1875,1881 1952,1881 2030,1881 2108,1881 2186,1881 2264,1881 2342,1881 2420,1880"/>
                <TextEquiv>
                    <Unicode>staltet es mit der Sicherheit und Kraft einer Beobachtung, der am lebendi¬</Unicode>
                </TextEquiv>
            </TextLine>
            <TextLine id="r1l20" custom="readingOrder {index:19;}">
                <Coords points="854,1939 2430,1936 2402,1885 854,1892"/>
                <Baseline points="863,1931 940,1931 1018,1932 1096,1932 1174,1932 1252,1931 1330,1931 1407,1931 1485,1930 1563,1930 1641,1929 1719,1929 1797,1928 1875,1928 1952,1928 2030,1928 2108,1928 2186,1929 2264,1929 2342,1930 2420,1932"/>
                <TextEquiv>
                    <Unicode>gen Menschen kein noch so geheimes Element seines Wesens verborgen</Unicode>
                </TextEquiv>
            </TextLine>
            <TextLine id="r1l21" custom="readingOrder {index:20;}">
                <Coords points="854,1982 2338,1996 2416,1937 854,1939"/>
                <Baseline points="864,1980 941,1980 1018,1979 1095,1979 1172,1978 1249,1978 1326,1977 1403,1977 1480,1977 1557,1977 1635,1976 1712,1976 1789,1977 1866,1977 1943,1977 2020,1977 2097,1978 2174,1978 2251,1979 2328,1980 2406,1981"/>
                <TextEquiv>
                    <Unicode>bleibt. Seine lebendigen Gestalten selber sind die Prismen seiner Wiener</Unicode>
                </TextEquiv>
            </TextLine>
            <TextLine id="r1l22" custom="readingOrder {index:21;}">
                <Coords points="846,2023 2426,2036 2395,1978 846,1984"/>
                <Baseline points="857,2027 935,2028 1013,2028 1091,2029 1169,2029 1247,2029 1325,2029 1403,2029 1481,2028 1559,2028 1637,2028 1715,2028 1793,2028 1871,2028 1949,2027 2027,2027 2105,2028 2183,2028 2261,2028 2339,2029 2417,2029"/>
                <TextEquiv>
                    <Unicode>Welt. Sie sind es so sehr, daß es ihm nur selten in letzter Linie darauf</Unicode>
                </TextEquiv>
            </TextLine>
            <TextLine id="r1l23" custom="readingOrder {index:22;}">
                <Coords points="851,2080 2421,2075 2286,2030 851,2035"/>
                <Baseline points="861,2075 938,2076 1016,2077 1093,2077 1171,2077 1248,2077 1326,2077 1403,2077 1481,2077 1558,2077 1636,2077 1714,2076 1791,2076 1869,2076 1946,2076 2024,2076 2101,2076 2179,2076 2256,2076 2334,2076 2412,2076"/>
                <TextEquiv>
                    <Unicode>ankommt, den einzelnen, noch so lebendigen Menschen in der vollen Breite</Unicode>
                </TextEquiv>
            </TextLine>
            <TextLine id="r1l24" custom="readingOrder {index:23;}">
                <Coords points="843,2139 2384,2142 2419,2087 843,2098"/>
                <Baseline points="853,2126 930,2126 1008,2125 1086,2125 1164,2125 1242,2125 1319,2124 1397,2124 1475,2124 1553,2124 1631,2124 1708,2124 1786,2124 1864,2124 1942,2125 2020,2125 2097,2125 2175,2125 2253,2126 2331,2126 2409,2126"/>
                <TextEquiv>
                    <Unicode>seiner „Individualität“, seines von Umwelt und Überlieferung abgelösten</Unicode>
                </TextEquiv>
            </TextLine>
            <TextLine id="r1l25" custom="readingOrder {index:24;}">
                <Coords points="842,2164 2426,2182 2426,2137 2284,2129 842,2138"/>
                <Baseline points="851,2175 929,2175 1007,2174 1085,2174 1163,2174 1242,2174 1320,2174 1398,2174 1476,2174 1554,2174 1633,2174 1711,2174 1789,2174 1867,2174 1945,2174 2024,2174 2102,2174 2180,2173 2258,2173 2336,2173 2415,2172"/>
                <TextEquiv>
                    <Unicode>Eigen=Ichs herauszuheben, sondern eben darauf, prismatische Gestalten</Unicode>
                </TextEquiv>
            </TextLine>
            <TextLine id="r1l26" custom="readingOrder {index:25;}">
                <Coords points="836,2236 2418,2243 2418,2180 836,2193"/>
                <Baseline points="847,2226 925,2224 1003,2223 1081,2222 1159,2221 1237,2221 1315,2221 1393,2221 1471,2221 1549,2222 1627,2222 1705,2223 1783,2223 1861,2223 1939,2223 2017,2223 2095,2223 2173,2222 2251,2221 2329,2220 2408,2218"/>
                <TextEquiv>
                    <Unicode>zu schaffen, in denen sich wesenhafte Züge seiner Welt fühlbar typisch ver¬</Unicode>
                </TextEquiv>
            </TextLine>
            <TextLine id="r1l27" custom="readingOrder {index:26;}">
                <Coords points="842,2263 2416,2286 2385,2225 842,2238"/>
                <Baseline points="851,2272 928,2272 1006,2271 1084,2271 1162,2270 1239,2270 1317,2270 1395,2270 1473,2270 1550,2270 1628,2270 1706,2270 1784,2271 1861,2271 1939,2271 2017,2271 2095,2272 2172,2272 2250,2272 2328,2272 2406,2272"/>
                <TextEquiv>
                    <Unicode>körpern. Das drängt ihn zur „Komposition“ zum dichterischen Abbild</Unicode>
                </TextEquiv>
            </TextLine>
            <TextLine id="r1l28" custom="readingOrder {index:27;}">
                <Coords points="853,2332 2421,2331 2421,2282 1844,2256 853,2281"/>
                <Baseline points="863,2322 940,2321 1017,2320 1095,2320 1172,2319 1250,2319 1327,2319 1404,2319 1482,2319 1559,2320 1637,2320 1714,2320 1791,2321 1869,2321 1946,2321 2024,2321 2101,2321 2178,2321 2256,2320 2333,2320 2411,2319"/>
                <TextEquiv>
                    <Unicode>gesellig=gesellschaftlicher Verhältnisse. Er legt sie nicht „sozial“ im Sinne</Unicode>
                </TextEquiv>
            </TextLine>
            <TextLine id="r1l29" custom="readingOrder {index:28;}">
                <Coords points="844,2360 2418,2375 2355,2325 844,2337"/>
                <Baseline points="853,2372 930,2371 1008,2370 1086,2369 1164,2369 1241,2368 1319,2368 1397,2368 1475,2368 1552,2368 1630,2369 1708,2369 1786,2369 1863,2370 1941,2370 2019,2371 2097,2371 2174,2371 2252,2372 2330,2372 2408,2372"/>
                <TextEquiv>
                    <Unicode>einer wirtschaftlichen Terminologie oder einer Klassenauffassung an; die</Unicode>
                </TextEquiv>
            </TextLine>
            <TextLine id="r1l30" custom="readingOrder {index:29;}">
                <Coords points="851,2418 2227,2438 2386,2434 2421,2379 851,2398"/>
                <Baseline points="861,2419 938,2419 1016,2419 1093,2419 1171,2419 1248,2419 1326,2419 1403,2419 1481,2418 1558,2418 1636,2418 1714,2418 1791,2418 1869,2418 1946,2418 2024,2418 2101,2419 2179,2419 2256,2420 2334,2420 2412,2421"/>
                <TextEquiv>
                    <Unicode>objektiven „Probleme“ des Klassenkampfes, der verschiedenen Machtgruppen,</Unicode>
                </TextEquiv>
            </TextLine>
            <TextLine id="r1l31" custom="readingOrder {index:30;}">
                <Coords points="852,2475 2330,2482 2416,2427 852,2438"/>
                <Baseline points="863,2469 940,2469 1017,2469 1094,2469 1171,2469 1249,2469 1326,2469 1403,2469 1480,2468 1557,2468 1635,2468 1712,2468 1789,2468 1866,2467 1943,2467 2021,2467 2098,2467 2175,2467 2252,2467 2329,2467 2407,2467"/>
                <TextEquiv>
                    <Unicode>fesseln ihn kaum, der mit stiller Leidenschaft das rein menschliche Erleben</Unicode>
                </TextEquiv>
            </TextLine>
            <TextLine id="r1l32" custom="readingOrder {index:31;}">
                <Coords points="848,2528 2416,2529 2351,2472 848,2471"/>
                <Baseline points="857,2519 934,2518 1012,2517 1089,2516 1167,2516 1244,2515 1322,2515 1399,2516 1477,2516 1554,2516 1632,2517 1709,2517 1787,2518 1864,2518 1942,2518 2019,2518 2097,2518 2174,2518 2252,2517 2329,2517 2407,2515"/>
                <TextEquiv>
                    <Unicode>sucht und zeichnet — und dies bietet sich ihm in ungemessener Fülle in</Unicode>
                </TextEquiv>
            </TextLine>
            <TextLine id="r1l33" custom="readingOrder {index:32;}">
                <Coords points="852,2565 2418,2560 2206,2519 852,2528"/>
                <Baseline points="862,2569 939,2568 1016,2566 1094,2566 1171,2565 1248,2565 1326,2565 1403,2565 1480,2565 1558,2565 1635,2566 1712,2566 1790,2567 1867,2567 1944,2567 2022,2568 2099,2568 2176,2567 2254,2567 2331,2566 2409,2565"/>
                <TextEquiv>
                    <Unicode>dem „bürgerlichen“ intellektuellen, artistischen, literarischen Kreis, dem er</Unicode>
                </TextEquiv>
            </TextLine>
            <TextLine id="r1l34" custom="readingOrder {index:33;}">
                <Coords points="858,2624 2383,2635 2422,2572 858,2575"/>
                <Baseline points="867,2619 944,2618 1021,2617 1098,2616 1176,2616 1253,2616 1330,2616 1408,2616 1485,2616 1562,2616 1640,2616 1717,2616 1794,2617 1871,2617 1949,2617 2026,2617 2103,2617 2181,2617 2258,2617 2335,2616 2413,2615"/>
                <TextEquiv>
                    <Unicode>selber angehört; daß zuweilen hochpolitische Stimmungen, Erregungen,</Unicode>
                </TextEquiv>
            </TextLine>
            <TextLine id="r1l35" custom="readingOrder {index:34;}">
                <Coords points="850,2687 2408,2664 2408,2619 850,2613"/>
                <Baseline points="861,2669 937,2667 1014,2665 1091,2664 1168,2663 1245,2663 1322,2663 1399,2663 1476,2664 1553,2665 1630,2665 1706,2666 1783,2667 1860,2667 1937,2668 2014,2668 2091,2667 2168,2667 2245,2665 2322,2663 2399,2660"/>
                <TextEquiv>
                    <Unicode>Probleme, Gedankengänge da hineinspielen, ja, wie in „Professor Bern¬</Unicode>
                </TextEquiv>
            </TextLine>
            <TextLine id="r1l36" custom="readingOrder {index:35;}">
                <Coords points="853,2712 2419,2719 2419,2681 2266,2665 853,2684"/>
                <Baseline points="863,2715 940,2713 1017,2713 1094,2712 1172,2712 1249,2712 1326,2712 1403,2712 1481,2713 1558,2713 1635,2714 1712,2715 1790,2715 1867,2715 1944,2716 2021,2716 2099,2716 2176,2715 2253,2715 2330,2713 2408,2712"/>
                <TextEquiv>
                    <Unicode>hardi“ vorwalten, gehört zum Wesen dieser Kreise, deren Interessen, Er¬</Unicode>
                </TextEquiv>
            </TextLine>
            <TextLine id="r1l37" custom="readingOrder {index:36;}">
                <Coords points="851,2762 2419,2775 2378,2714 851,2713"/>
                <Baseline points="861,2761 938,2760 1015,2759 1093,2759 1170,2759 1248,2759 1325,2759 1402,2759 1480,2759 1557,2759 1635,2760 1712,2760 1789,2760 1867,2760 1944,2761 2022,2761 2099,2761 2176,2761 2254,2760 2331,2760 2409,2759"/>
                <TextEquiv>
                    <Unicode>lebniskreise und Lebensformen er in geduldig=intensiver Gestalter=Arbeit</Unicode>
                </TextEquiv>
            </TextLine>
            <TextLine id="r1l38" custom="readingOrder {index:37;}">
                <Coords points="846,2815 905,2827 943,2811 994,2834 1143,2811 1335,2823 1335,2792 1252,2765 846,2784"/>
                <Baseline points="857,2815 883,2813 909,2812 935,2810 961,2809 987,2809 1013,2809 1039,2808 1065,2808 1091,2809 1117,2809 1143,2809 1169,2809 1195,2809 1221,2809 1247,2809 1273,2809 1299,2808 1325,2807"/>
                <TextEquiv>
                    <Unicode>zu erschöpfen trachtet.</Unicode>
                </TextEquiv>
            </TextLine>
            <TextLine id="r1l39" custom="readingOrder {index:38;}">
                <Coords points="908,2858 2358,2877 2423,2859 2423,2792 908,2821"/>
                <Baseline points="918,2858 992,2858 1067,2859 1142,2859 1216,2859 1291,2859 1366,2859 1440,2859 1515,2859 1590,2859 1665,2859 1739,2859 1814,2859 1889,2859 1963,2858 2038,2858 2113,2858 2187,2858 2262,2857 2337,2857 2412,2857"/>
                <TextEquiv>
                    <Unicode>In dieser Menschenwelt fühlt sich der Deutsche aus dem Reich zunächst</Unicode>
                </TextEquiv>
            </TextLine>
            <TextLine id="r1l40" custom="readingOrder {index:39;}">
                <Coords points="850,2913 2418,2914 2339,2863 850,2854"/>
                <Baseline points="860,2905 937,2906 1014,2907 1092,2907 1169,2907 1247,2907 1324,2907 1401,2907 1479,2907 1556,2907 1634,2906 1711,2906 1788,2906 1866,2906 1943,2906 2021,2906 2098,2906 2175,2907 2253,2908 2330,2909 2408,2910"/>
                <TextEquiv>
                    <Unicode>befremdet. Sie spricht deutsch, sie erlebt Natur, Genuß, Sinnenfreude,</Unicode>
                </TextEquiv>
            </TextLine>
            <TextLine id="r1l41" custom="readingOrder {index:40;}">
                <Coords points="848,2959 2424,2970 2424,2905 848,2912"/>
                <Baseline points="857,2954 934,2954 1012,2954 1090,2955 1168,2955 1246,2956 1324,2956 1401,2957 1479,2958 1557,2958 1635,2959 1713,2959 1791,2959 1869,2959 1946,2959 2024,2959 2102,2958 2180,2958 2258,2956 2336,2955 2414,2954"/>
                <TextEquiv>
                    <Unicode>Geistigkeit, Seelentum nahezu wie er; er begegnet in ihrer Mitte Goethe</Unicode>
                </TextEquiv>
            </TextLine>
            <TextLine id="r1l42" custom="readingOrder {index:41;}">
                <Coords points="839,3005 2346,3022 2417,2968 839,2978"/>
                <Baseline points="849,3007 926,3006 1004,3005 1082,3005 1160,3004 1238,3004 1316,3004 1394,3005 1472,3005 1550,3005 1628,3006 1705,3006 1783,3007 1861,3007 1939,3007 2017,3007 2095,3007 2173,3006 2251,3006 2329,3005 2407,3004"/>
                <TextEquiv>
                    <Unicode>und Richard Strauß, Kainz und Beethoven, Platon und Tolstoj irgendwie</Unicode>
                </TextEquiv>
            </TextLine>
            <TextLine id="r1l43" custom="readingOrder {index:42;}">
                <Coords points="843,3055 2410,3063 2370,3010 843,3025"/>
                <Baseline points="853,3055 930,3055 1007,3054 1084,3054 1162,3054 1239,3054 1316,3054 1394,3054 1471,3054 1548,3054 1626,3054 1703,3055 1780,3055 1857,3054 1935,3054 2012,3054 2089,3054 2167,3053 2244,3053 2321,3052 2399,3051"/>
                <TextEquiv>
                    <Unicode>ebenso als ihrem Besitz wie daheim als dem seiner Umwelt. Aber nehmen</Unicode>
                </TextEquiv>
            </TextLine>
            <TextLine id="r1l44" custom="readingOrder {index:43;}">
                <Coords points="840,3103 2286,3121 2418,3063 840,3065"/>
                <Baseline points="849,3105 926,3105 1004,3104 1082,3103 1160,3103 1238,3103 1316,3103 1394,3103 1472,3103 1550,3103 1628,3103 1705,3103 1783,3103 1861,3102 1939,3102 2017,3102 2095,3102 2173,3101 2251,3101 2329,3100 2407,3099"/>
                <TextEquiv>
                    <Unicode>diese Menschen es mit alledem ebenso ernst wie die vom Reich? Er be¬</Unicode>
                </TextEquiv>
            </TextLine>
            <TextLine id="r1l45" custom="readingOrder {index:44;}">
                <Coords points="850,3161 2414,3152 2243,3100 850,3118"/>
                <Baseline points="859,3156 936,3155 1013,3154 1090,3153 1168,3153 1245,3152 1322,3152 1399,3151 1477,3151 1554,3151 1631,3151 1708,3151 1786,3151 1863,3151 1940,3151 2017,3151 2095,3150 2172,3150 2249,3150 2326,3150 2404,3149"/>
                <TextEquiv>
                    <Unicode>ginnt zu zweifeln; der leichte Ton der Rede, der raschere Wechsel der Auf¬</Unicode>
                </TextEquiv>
            </TextLine>
            <TextLine id="r1l46" custom="readingOrder {index:45;}">
                <Coords points="850,3221 2245,3220 2418,3208 2418,3161 850,3168"/>
                <Baseline points="859,3203 936,3202 1013,3202 1091,3202 1168,3202 1246,3202 1323,3202 1401,3202 1478,3202 1556,3202 1633,3202 1710,3202 1788,3202 1865,3202 1943,3202 2020,3201 2098,3201 2175,3200 2253,3200 2330,3199 2408,3198"/>
                <TextEquiv>
                    <Unicode>merksamkeit und der Stimmungen, die Instinkthaftigkeit rascherer Ent¬</Unicode>
                </TextEquiv>
            </TextLine>
            <TextLine id="r1l47" custom="readingOrder {index:46;}">
                <Coords points="852,3248 2310,3269 2416,3216 852,3221"/>
                <Baseline points="862,3253 939,3252 1016,3251 1093,3251 1170,3250 1248,3250 1325,3249 1402,3249 1479,3249 1556,3249 1634,3248 1711,3248 1788,3248 1865,3248 1942,3249 2020,3249 2097,3249 2174,3249 2251,3249 2328,3249 2406,3249"/>
                <TextEquiv>
                    <Unicode>schließungen, die ausgeglichenere Unbetontheit des Ausdruckes, die schein¬</Unicode>
                </TextEquiv>
            </TextLine>
            <TextLine id="r1l48" custom="readingOrder {index:47;}">
                <Coords points="847,3316 2415,3305 2336,3254 847,3259"/>
                <Baseline points="856,3301 933,3300 1010,3300 1088,3299 1165,3299 1243,3298 1320,3298 1397,3298 1475,3297 1552,3297 1630,3297 1707,3297 1784,3297 1862,3297 1939,3298 2017,3298 2094,3298 2171,3298 2249,3299 2326,3299 2404,3299"/>
                <TextEquiv>
                    <Unicode>bare ungehemmte Offenheit des Wesens, die dennoch ein Letztes vom In¬</Unicode>
                </TextEquiv>
            </TextLine>
            <TextLine id="r1l49" custom="readingOrder {index:48;}">
                <Coords points="840,3345 2408,3359 2394,3300 840,3318"/>
                <Baseline points="850,3350 927,3349 1004,3348 1082,3347 1159,3347 1237,3346 1314,3346 1391,3346 1469,3346 1546,3347 1624,3347 1701,3348 1778,3348 1856,3348 1933,3349 2011,3349 2088,3349 2165,3349 2243,3349 2320,3349 2398,3348"/>
                <TextEquiv>
                    <Unicode>neren nie hergeben will und streng verhalten in sich schließt, beengen ihn</Unicode>
                </TextEquiv>
            </TextLine>
            <TextLine id="r1l50" custom="readingOrder {index:49;}">
                <Coords points="850,3401 2280,3414 2414,3396 2414,3353 850,3363"/>
                <Baseline points="859,3401 936,3400 1013,3398 1090,3397 1168,3397 1245,3396 1322,3396 1399,3396 1477,3396 1554,3396 1631,3396 1708,3396 1786,3397 1863,3397 1940,3397 2017,3397 2095,3398 2172,3398 2249,3397 2326,3397 2404,3397"/>
                <TextEquiv>
                    <Unicode>ebenso wie die von echter Aristokratie mehr oder weniger erfolgreich ab¬</Unicode>
                </TextEquiv>
            </TextLine>
            <TextLine id="r1l51" custom="readingOrder {index:50;}">
                <Coords points="845,3463 2415,3445 2328,3402 845,3398"/>
                <Baseline points="855,3451 932,3449 1009,3447 1087,3445 1164,3444 1242,3443 1319,3443 1397,3442 1474,3442 1552,3442 1629,3443 1706,3443 1784,3443 1861,3444 1939,3444 2016,3444 2094,3445 2171,3445 2249,3445 2326,3444 2404,3444"/>
                <TextEquiv>
                    <Unicode>gesehenen Gebärden und Haltungen und anderseits die seltsam unechte „Be¬</Unicode>
                </TextEquiv>
            </TextLine>
            <TextLine id="r1l52" custom="readingOrder {index:51;}">
                <Coords points="850,3503 2292,3519 2420,3496 2420,3441 850,3460"/>
                <Baseline points="859,3495 936,3495 1014,3494 1091,3493 1169,3493 1247,3492 1324,3492 1402,3492 1479,3491 1557,3491 1635,3491 1712,3491 1790,3491 1867,3491 1945,3491 2023,3491 2100,3491 2178,3491 2255,3491 2333,3491 2411,3491"/>
                <TextEquiv>
                    <Unicode>dientenhaftigkeit“ des äußeren Auftretens vieler. Der Deutsche beginnt</Unicode>
                </TextEquiv>
            </TextLine>
            <TextLine id="r1l53" custom="readingOrder {index:52;}">
                <Coords points="839,3541 2420,3547 2391,3500 2214,3496 839,3516"/>
                <Baseline points="849,3541 927,3543 1005,3544 1083,3545 1161,3545 1239,3545 1317,3546 1395,3545 1473,3545 1551,3545 1630,3544 1708,3544 1786,3544 1864,3543 1942,3543 2020,3542 2098,3542 2176,3542 2254,3543 2332,3543 2411,3544"/>
                <TextEquiv>
                    <Unicode>nachzudenken, zu forschen, zu erwägen. Es ist katholischer Boden, auf</Unicode>
                </TextEquiv>
            </TextLine>
            <TextLine id="r1l54" custom="readingOrder {index:53;}">
                <Coords points="845,3603 2225,3625 2409,3588 2233,3546 845,3558"/>
                <Baseline points="856,3598 933,3598 1010,3598 1087,3597 1164,3597 1241,3597 1318,3597 1396,3597 1473,3597 1550,3596 1627,3596 1704,3596 1781,3595 1858,3595 1936,3594 2013,3593 2090,3593 2167,3592 2244,3591 2321,3590 2399,3589"/>
                <TextEquiv>
                    <Unicode>dem er sich bewegt — also ward der strenge Ernst des Protestantismus</Unicode>
                </TextEquiv>
            </TextLine>
            <TextLine id="r1l55" custom="readingOrder {index:54;}">
                <Coords points="2253,3694 2269,3696 2280,3707 2286,3703 2298,3715 2308,3707 2313,3713 2321,3712 2349,3697 2359,3697 2361,3638 2351,3638 2343,3632 2325,3637 2311,3647 2302,3644 2296,3648 2290,3644 2276,3653 2266,3645 2254,3645"/>
                <Baseline points="2263,3692 2291,3691 2320,3690 2349,3696"/>
                <TextEquiv>
                    <Unicode>69</Unicode>
                </TextEquiv>
            </TextLine>
            <TextEquiv>
                <Unicode>
box 39/3
3. 60th Birthday
Was umschließt Schnitzlers Werk? Sein Schauen, seine Empfänglich¬
keit ist nicht „unmittelbar“ eingestellt auf die Wienerische Welt; er spiegelt
sie, nehmt alles nur in allem, durch das Medium menschlicher Gestalten; er
ist tief und eindeutig eingestellt auf Menschen, wie denn seine Hauptwerke
Dramen und Novellen, nicht Romane sind. So ist ihm nicht gegeben,
den Vollklang heimatlicher Natur aus reinster, eigener Empfindung wider¬
klingen zu lassen; nicht, das sichtbare Abbild der seelenvollen alten Stadt,
ihrer baulichen und architektonischen Reize, der durchsiedelten Landschaft
wiederzugeben; nicht, Kulturgeschichte in ihren bleibenden Zeugnissen oder
Geschichte in ihrer Jahrzehnte oder Jahrhunderte überspannenden Ent¬
wicklung zu fassen. Von alledem berührt ihn nur, was als Erlebnis, als
wesenbestimmende Überlieferung, als prägende Umwelt, als gewohnheit¬
formende Atmosphäre in den Menschen seiner Zeit wirksam wurde. In
ihnen, durch sie hindurch, erfühlt und gestaltet er im Widerschein, was
andere unmittelbar dichterisch zu ergreifen trachten, und erfühlt und ge¬
staltet es mit der Sicherheit und Kraft einer Beobachtung, der am lebendi¬
gen Menschen kein noch so geheimes Element seines Wesens verborgen
bleibt. Seine lebendigen Gestalten selber sind die Prismen seiner Wiener
Welt. Sie sind es so sehr, daß es ihm nur selten in letzter Linie darauf
ankommt, den einzelnen, noch so lebendigen Menschen in der vollen Breite
seiner „Individualität“, seines von Umwelt und Überlieferung abgelösten
Eigen=Ichs herauszuheben, sondern eben darauf, prismatische Gestalten
zu schaffen, in denen sich wesenhafte Züge seiner Welt fühlbar typisch ver¬
körpern. Das drängt ihn zur „Komposition“ zum dichterischen Abbild
gesellig=gesellschaftlicher Verhältnisse. Er legt sie nicht „sozial“ im Sinne
einer wirtschaftlichen Terminologie oder einer Klassenauffassung an; die
objektiven „Probleme“ des Klassenkampfes, der verschiedenen Machtgruppen,
fesseln ihn kaum, der mit stiller Leidenschaft das rein menschliche Erleben
sucht und zeichnet — und dies bietet sich ihm in ungemessener Fülle in
dem „bürgerlichen“ intellektuellen, artistischen, literarischen Kreis, dem er
selber angehört; daß zuweilen hochpolitische Stimmungen, Erregungen,
Probleme, Gedankengänge da hineinspielen, ja, wie in „Professor Bern¬
hardi“ vorwalten, gehört zum Wesen dieser Kreise, deren Interessen, Er¬
lebniskreise und Lebensformen er in geduldig=intensiver Gestalter=Arbeit
zu erschöpfen trachtet.
In dieser Menschenwelt fühlt sich der Deutsche aus dem Reich zunächst
befremdet. Sie spricht deutsch, sie erlebt Natur, Genuß, Sinnenfreude,
Geistigkeit, Seelentum nahezu wie er; er begegnet in ihrer Mitte Goethe
und Richard Strauß, Kainz und Beethoven, Platon und Tolstoj irgendwie
ebenso als ihrem Besitz wie daheim als dem seiner Umwelt. Aber nehmen
diese Menschen es mit alledem ebenso ernst wie die vom Reich? Er be¬
ginnt zu zweifeln; der leichte Ton der Rede, der raschere Wechsel der Auf¬
merksamkeit und der Stimmungen, die Instinkthaftigkeit rascherer Ent¬
schließungen, die ausgeglichenere Unbetontheit des Ausdruckes, die schein¬
bare ungehemmte Offenheit des Wesens, die dennoch ein Letztes vom In¬
neren nie hergeben will und streng verhalten in sich schließt, beengen ihn
ebenso wie die von echter Aristokratie mehr oder weniger erfolgreich ab¬
gesehenen Gebärden und Haltungen und anderseits die seltsam unechte „Be¬
dientenhaftigkeit“ des äußeren Auftretens vieler. Der Deutsche beginnt
nachzudenken, zu forschen, zu erwägen. Es ist katholischer Boden, auf
dem er sich bewegt — also ward der strenge Ernst des Protestantismus
69</Unicode>
            </TextEquiv>
        </TextRegion>
    </Page>
</PcGts>
