3344 4480
221 281 935 364 —T
1093 259 1527 349 box 39/3
2199 507 2548 597 g
1939 527 2202 604 Datum:
2536 521 2614 633 125
2508 630 2942 726 20
2073 654 2538 742 „Literatur“
1730 729 2873 806 Für Arthur Schnitzler zum 15. Mat 1922.
2057 771 2568 853 Von Georg Wilkowski.
1733 844 2960 891 Hundertmal mag es gesagt werden, und mil Recht gesagt werdent
1670 885 2964 950 Schnitzlers dramatische und erzählende Werke handeln von einer ver¬
1673 921 2960 985 sunkenen Welt, von Freuden und Leiden, die uns nicht mehr Gegen¬
1668 963 2963 1033 wart sind. Sie schildern Genießerdasein, lassen auf der opalisierenden
1667 1004 2970 1057 Oberfläche stagnierenden Lebens die Lichter des Intellekts spielen. Der
1660 1034 2972 1089 Dichter selbst weiß nur allzuwohl, daß darunter der Tod lauert, immer
1669 1074 2971 1123 bereit, mit seinen Fangarmen die leichtfertig buhlenden, gedankenlosem
1660 1107 2959 1171 Treiben hingegebenen Eintagsgeschöpfe in die Tiefe hinabzuziehen.
1665 1154 2960 1201 Er läßt sie in Anmut leben und sterben; kein wilder Schrei der Leiden¬
1671 1187 2961 1243 schaft könt von ihren Lippen, ohne kraftvolle Gegenwehr sinken sie
1671 1231 2958 1270 dahin. Unbewußt liegt die Melancholie solchen Endes schon über ihren
1670 1270 2963 1314 jungen Tagen, über dem Liebesgetändel Anatols, dem Erstling, dem
1667 1310 2967 1355 der 16 jährige Hugo von Hofmannsthal den Vorspruch gab, „frühgereift
1668 1344 2103 1392 und zart und traurig“.
1744 1368 2956 1414 Aber hier und da klingen auch bei Schnitzler Töne einer Heiter¬
1656 1416 2953 1465 keit ohne Harm, und nirgends fröhlicher als dort, wo er sich die Leute
1671 1453 2966 1514 vom Melier, die Federhelden aufs Korn nimmt, in dem übermütigen
1677 1493 2961 1532 Tinakter „Literatur". Wer schärfer blickt, erkennt auch hinter dem
1669 1528 2963 1568 Spott über die eitlen, zigeunerhaften Helden des Café Größenwahn die
1671 1566 2973 1618 dunkle Folie der Selbstironie, des Zweifels am Recht und Wert alles
1671 1607 2968 1650 Schriftstellerns, den Widerwillen gegen das Treiben auf dem Jahr¬
1670 1652 2961 1699 markt der Worte. In dem Wortkampf der beiden einstigen Genossen,
1673 1683 2962 1723 des Literakurweibchens und ihres eifersüchtigen, depossedierten Be¬
1671 1715 2951 1763 herrschers, wirft er ihr, als sie in der alten Ark geistreich zu blißen
1667 1754 2960 1809 beginnt, das böse Wort an den Kopf: „Cest de la littérature!“ Was
1666 1793 2955 1846 so viel sagt wie: Geschwätz, Phrasendrescherei, selbstgefällige Freude
1670 1835 2011 1891 am eigenen Witz.
1743 1861 2958 1923 Den deutschen Leser befremdet, solcher Gebrauch des Wortes
1667 1906 2967 1947 „Lileratur". Ihm bedeutet es zumeist noch den Inbegriff alles Schrift¬
1668 1947 2955 2006 tums, insbesondere des dichterischen; er vernimmt darin die Stimme
1672 1983 2959 2026 der menschlichen Seele, aufgefangen durch unzählige Verkünder aller
1674 2024 2965 2080 ihrer heimlichen Lauke und die Zusammenfassung der großen Schöpfungen
1673 2061 2953 2099 des Menschengeistes. Wie konnte es kommen, daß dieses Wort so
1673 2098 2956 2146 hoch emporstieg und zugleich so entwürdigt wurde? Die Antwort darauf
1665 2131 2959 2189 mag einer kurzen Betrachtung wert sein; Geschichte der Sprache ist
1671 2172 2961 2229 ja nichts anderes als Geschichte des in ihr verkörperten Wollens,
1670 2207 2963 2251 Fühlens und Denkens. Und vielleicht fällt so auch ein Licht auf den
1664 2251 2896 2288 Dichter, der das Wort in ungewöhnlichem Sinne angewendet hat.
1741 2287 2963 2355 Ohne welteres führt der Stamm zurück auf das lateinische „litera“,
1672 2317 2956 2374 das den einzelnen geschriebenen Buchstaben bedeutet, wie heute noch
1671 2366 2966 2403 die Lettern' des Druckers. In der Mehrzahl bezeichnet es das
1672 2401 2968 2449 Schriftstück, den Brief (siehe das französische „lettre') und alles mit
1674 2440 2960 2487 Hilfe der Schrift festgehaltene geistige Erlebnis, also jeden Aufsatz,
1673 2467 2968 2515 alle Denkmäler des Schrifttums und schließlich die gesamte Wissen¬
1662 2516 2970 2572 schaft und Bildung. Die Ableitung „literatura“ umfaßt frühzeitig die
1670 2558 2955 2608 gleichen Begriffe, entstanden über die Zwischenstufe „literatus und
1672 2576 2970 2636 geht schon im 14. Jahrhundert ins Französische über. Bis ldie Deutschen
1667 2627 2963 2672 von dort das Wort entlehnten, verging, lange Zeit. Noch 1727 führte
1667 2667 2971 2704 Sperander in seiner „à la Mode- Sprach der Deutschen' das Wort
1671 2701 2960 2745 Literatur mit auf, zum Zeichen, daß es ihm als neu und geziert galt;
1674 2740 2959 2784 erst in der folgenden Generation gewann es Bürgerrecht, Lessing und
1666 2782 2971 2831 seine Zeitgenossen gebrauchten es, um die Gesamtheit des Schrifttums,
1666 2824 2972 2860 gelehrtes und dichterisches, zu bezeichnen, letzteres bis ins 19. Jahr¬
1669 2853 2958 2905 hundert als „schöne Literatur (Verdeutschung von 'belles lettres?).
1748 2899 2957 2948 Zum höchsten Gipfel erhob Goethe den Begriff in seiner Zusammen¬
1666 2933 2965 2987 setzung „Weltsiterakur'. Er meinte damil nicht etwa die Gesamtheit
1669 2963 2966 3010 der in den verschiedenen Sprachen abgefaßten Schriften, sondern etwas
1666 3002 2977 3047 Neues, erst Werdendes. Er meint nicht, „die Nationen sollen überein
1658 3052 2955 3097 denken, sondern sie sollen nur einander gewahr werden und, wenn sie
1670 3083 2952 3130 sich wechselseitig nicht lieben mögen, sich einander wenigstens dulden
1667 3122 2957 3164 lernen“. Den Deutschen ist in dieser neuen Bewegung eine ehrenvolle
1674 3161 2955 3214 Rolle vorbehalten. Wer die deutsche Sprache versteht und studteek,
1665 3194 2958 3243 befindet sich auf dem Markte, wo alle Nationen ihre Waren onbieten;
1671 3229 2964 3278 er spielt den Dolmekscher, indem er sich selbst bereichert.“ Als letzte
1671 3277 2974 3328 erreichbare Bildungsepoche erscheint Goethe die universelle, in der alle
1662 3315 2878 3357 fremden Literaturen sich mit der einheimischen ins gleiche setzen.
1673 3341 2961 3392 verwirklicht sich für ihn in der Welkliteratur das Ideal eines Einheiks¬
1669 3383 2953 3445 lebens der Menschheit überhaupt, wie Simmel gut gesagt hat. Freilich
1663 3429 2957 3465 warnt er auch: „Jetzt, da sich eine Weltliteratur einleitet, hat genan
1652 3460 2966 3521 besehen der Deutsche am meisten zu verlieren; er wird wohl kun, dieser
1665 3501 2133 3549 Warnung nachzudenken.“
1744 3531 2961 3584 In der gleichen Zeit, als so daß Work „Likerakur“ durch Goethe
1671 3571 2956 3627 seinen weltesten und höchsten Sinn gewann, um das Jahr 1820, begann
1665 3615 2957 3651 schon das Herabsinken. Der „Literat', ursprünglich einfach der Mann,
1668 3655 2955 3694 der auf Grund seiner Bildung und Begabung auf irgendeinem Gedlet
1657 3691 2962 3744 des Schrifttums wirkte, wurde um diese Zeit schon zu dem kleinen
1656 3725 2953 3767 Schriftsteller, dem Handwerker der Feder, und allmählich kam die
1673 3768 2530 3822 Bezeichnung „Literat' immer tiefer herunter,
1737 3792 2950 3855 So weit ist es mit dem abgeleiteten Wort „Literakur' noch nicht
1669 3838 2961 3889 gekommen, wenigstens nicht in Deutschland. Aber auch hier steht es
1672 3881 2964 3920 heute nicht mehr auf seiner einstigen stolzen Höhe, wo es mit Wissen¬
1672 3917 2960 3965 schaft und Dichtung gleichen Rang hatte. Heute bedeutet uns Dichtung
1660 3954 2941 4007 mehr als Literatur, die wahllos alles Lesbare umschließt (im Gegensatz
1664 3988 2952 4063 zu dem neuerdings abgespalteten und eigenartig gesteigerten Begriff
1654 4032 2039 4079 des „Literarischen?).
1736 4050 2955 4118 Die Ursache dafür erkennen wir in dem Wandel, der sich in unserer
1660 4100 2953 4149 Auffassung von dem Wesen und der Funktion der Kunst, insbesondere
