3392 4480
2081 168 2244 239 —
1116 249 1589 349 box 39/3
263 249 1066 366 6oth Birthdar
534 969 1652 1036 lich werden bis dahin auch da und dort Wahlen stattgesen
162 991 532 1080 k. Fur den Augen¬
543 1018 1705 1115 haben, so daß einzelne Delegierte mit frischeren Mandaten
1705 1021 2038 1098 genommen, 1).
2072 1017 2881 1107 Wenso gereiht, Deutschland eine hohe
162 1060 528 1124 loyd=George
543 1081 1125 1134 als diesmal zusammentreten.
1706 1074 2885 1146 Entschädigungssumme zahlen zu lassen, um den Schaden
166 1108 532 1168 der für Sonntag
628 1107 1700 1183 Wenn ich ohne Einschränkung sage, daß Washington
1694 1131 2882 1184 so weit als möglich gut zu machen. und es ist schließlich
161 1150 538 1214 der Villa Alberti
528 1142 1703 1225 klug gehandelt hat, als es die Teilnahme an dieser Konferenz
1706 1176 2891 1246 wiederum abstrakt gerecht, daß die europäischen Nationen,
162 1201 538 1262 egen den pro¬
533 1218 1704 1275 ablehnte, so heißt das nicht, wir sollten auch an keiner
1698 1223 2872 1275 die von uns elf Milliarden Dollar geborgt erhielten, diese
164 1240 534 1310 ihn Lloyd=George
541 1260 1709 1341 künftigen Zusammenkunft teilnehmen. Heute aber bezweifelt
1699 1265 2880 1330 Schuld als rechtmäßig anerkennen und sie nach besten
167 1298 533 1359 igen Besprechung
541 1307 1700 1371 hier niemand die Richtigkeit unserer Entscheidung. Es fielen:
1696 1309 2872 1380 Kräften zurückzahlen. In all diesen Fragen wird aber
167 1340 540 1402 zuwenden. Er
164 1379 538 1459 zeit Sonder¬
641 1404 1247 1473 Die heutige Nummer enthält:
1700 1402 2882 1470 Dichter leicht in eine Sphäre, in der er sich gezwungen sieht,
1696 1457 2884 1523 mit sich selbst in einen erbitterten Wettbewerb zu treten,
165 1454 545 1551 iunbedingt
628 1459 1689 1549 Literaturblatt: „Leopold Kompert.“
1697 1506 2875 1566 wenn er sein Ansehen ungeschmälert behaupten will. Das
172 1525 538 1586 ber Ort und
539 1532 1694 1611 Ein Gedenkblatt zum 100. Geburtstag.
1707 1552 2875 1604 Publikum mißt ihn an seinen eigenen Höchstleistungen und
156 1567 530 1624 mentrittes
1700 1600 2872 1661 gemessen an diesen erscheint ihm bald nichts meyr hoch
538 1604 1693 1678 Von Alfred Klaar. „Schnitzlers Weg zum
154 1615 531 1681 lich den Abschluß
1691 1645 2876 1715 genug. Wozu noch kommt, daß, wer immer die Menge mit
175 1654 531 1727 rovisorische
540 1669 1692 1745 Lebendigen.“ Von Richard Specht. Litera¬
1694 1684 2875 1741 dem Besten verwöhnt, gerade dadurch ein Bedürfnis nach
173 1707 524 1777 rmell eine Vor¬
1704 1728 2879 1784 Abwechslung erzeugt, das unter Umständen auch dem minder
536 1731 1331 1823 rische Notizen. Seite 31 bis 33.
184 1747 537 1830 en des vor¬
1696 1777 2884 1846 Guten zustatten kommt. Es gibt spröde Genießer, auf die
616 1790 841 1869 Ferner:
1696 1822 2881 1890 ein gewisser Grad von Beliebtheit abschreckend wirkt, und
181 1824 537 1913 sei die einzige
631 1821 1692 1907 Die 4. Fortsetzung des Romans „Münch¬
1704 1869 2875 1933 gerade sie sind mitunter die verständigsten und die feinsten.
180 1891 534 1958 cht, die den
532 1903 1630 1973 nerinnen“ von Ludwig Thoma. Seite 29.
1696 1923 2884 1981 Artur Schnitzler, der nicht nur ein Dichter, sondern auch ein
168 1936 527 2009 and erzielt
1707 1969 2878 2023 Weiser ist, weiß das, und diese unausgesprochen bleibende
179 1983 536 2051 ß man zu einem
1707 2008 2885 2062 Wissenschaft webt einen feinen Schleier von Melancholie um
159 2029 539 2098 ne Ostgrenze
887 2007 1346 2115 Feuilleton.
1711 2062 2876 2118 sein in den letzten Jahren von tieferen Lebensschatten um¬
179 2073 536 2145 stgelegt, doch
1701 2113 2886 2174 wittertes Dichterprofil. Sie mag auch der Grund sein,
172 2129 535 2203 dem Waffenstill¬
567 2116 1668 2198 Artur Schnitzler zum sechzigsten Geburtstag.
1709 2142 2894 2222 weshalb er seit einiger Zeit mit neuen Werken mehr als.
1692 2196 2873 2266 billig zurückhält. Es sieht jetzt zuweilen so aus, als hätte
622 2194 1710 2280 Als Artur Schnitzler vor zehn Jahren fünfzig wurde,
167 2199 533 2282 man sich in
1700 2248 2875 2298 er, dem Produktion Leben und Atmen bedeutet, die Lust
537 2243 1698 2305 da hatten es die literarischen Festredner noch leicht. Sie
178 2261 538 2339 sage einigen
1705 2292 2880 2352 am Dichten verloren. Aber es sieht nur so aus. Wer seinem
535 2297 1700 2353 konnten zum erstenmal sein Werk zusammenfassend wür¬
1701 2329 2873 2393 feinen schaffenden Geist ein wenig näher steht und die
535 2345 1700 2405 digen, und, indem sie es auf seinen Urheber bezogen, nach
182 2330 539 2423 ein, Zeit und
1707 2384 2879 2451 Energiewellen spürt, die von ihm ausgehen, der weiß, daß
542 2388 1710 2458 Maßgabe ihrer zeichnerischen Fähigkeit ein Bild des Dichters
173 2401 536 2467 kommission schon
1698 2427 2879 2514 er hinter einer scheinbaren Saturiertheit nicht nur Kräfte,
542 2437 1700 2505 in den Geburtstagrahmen zeichnen. Wie aber sollen sie sich
170 2444 533 2513 ne bestimmte
1707 2481 2296 2552 sondern auch Werke speichert.
541 2481 1712 2552 an seinem sechzigsten Geburtstag benehmen? Schnitzlers
184 2490 537 2557 setzen, und zwar
536 2535 1707 2592 Erscheinung ist heute, zumal in seiner Vaterstadt Wien, der¬
197 2532 537 2596 Rußland einen
1798 2525 2876 2605 Aber selbst, wenn man nur das Veröffentlichte in Be¬
533 2572 1698 2648 maßen bekannt, seine Bücher und Stücke sind dem gebildeten
173 2583 536 2649 der Unterschriften
1705 2583 2887 2636 tracht zieht, ist die Ausbeute von Schnitzlers sechstem Jahr¬
546 2631 1707 2684 Leser derart geläufig, daß man diesen kaum noch etwas
227 2629 536 2695 man von den
1706 2633 2887 2693 zehnt nicht eben gering. Er hat in diesem Zeitraum drei neue
2425 2683 2480 2719 Fr¬
548 2677 1700 2737 Neues über ihn zu sagen wüßte, und auch seiner stadt¬
255 2679 538 2745 falls sich die
1707 2679 2882 2751 dramatische Werke und drei größere Erzählungen seiner Ge¬
539 2721 1707 2785 bekannten Physiognomie, abgesehen von ein paar weißen
176 2705 548 2795 uf verzichten, in
1704 2715 2892 2788 samtausgabe einverleibt. Die Theaterstücke sind in der
542 2770 1703 2826 Haaren, mit denen sie das abgelaufene Jahrzehnt bereichert
1705 2761 2893 2831 Reihenfolge ihres Entstehens: „Professor Bernhardi",
207 2792 537 2885 Unterkom¬
539 2799 1704 2871 hat, schwerlich einen neuen Zug hinzuzufügen vermöchte.
1709 2813 2890 2880 „Komödie der Worte“, „Die Schwestern“; die Erzählungen
535 2863 1700 2920 Dieses Jahrzehnt, die eigentliche Schnitt= und Erntezeit
2477 2845 2886 2936 „Doktor Gräsler
176 2852 532 2925 tag zu ver¬
1711 2865 2493 2914 heißen: „Frau Beate und ihr Sohn“,
1710 2905 2889 2981 Badearzt" und „Casanovas Heimkehr“. Sie besitzen fast
166 2903 538 2977 en Besprechungen
539 2911 1704 2967 seines von jeher zu einer schönen Fülle neigenden Lebens,
1708 2951 2879 3013 durchgängig den Umfang eines abendfüllenden Theater¬
532 2948 1707 3008 hat Schnitzler in einer Weise bekanntgemacht, daß seine
181 2955 551 3021 rgebnis gezeitigt
184 2997 2880 3074 n Beschluß= Bekanntheit sich nachgerade zu einer Gefahr für seinen werkes, in welcher Aeußerlichkeit sich der Dramatiker
527 3057 2893 3100 Ruhm auszuwachsen beginnt. Der große Erfolg hebt einen Schnitzler auch noch im Epiker zu erkennen gibt. Davon
881 3224 1493 3375 A ANNr
1636 3544 1895 3636 URR
