3344 4320
198 274 1538 415 goth Birthdag box 39/3
157 904 460 1000 Nr. 112
1889 870 2341 1045 Berner
176 1002 627 1083 Abonnementspreise:
171 1072 630 1130 Schweiz: jährlich Fr. 20,
177 1131 628 1183 halbjährlich Fr. 10, viertel¬
171 1166 628 1226 jährlich Fr. 3. Bei der Post
174 1210 635 1268 bestellt, je 20 Ets. mehr.
180 1253 624 1313 Nach dem Ausland Zu¬
172 1293 626 1353 schlag der Dostgebühren.
2526 1291 3158 1390 Eei
927 1295 1838 1408 NU
183 1337 639 1396 Dostscheckrechnung III 414
2142 1337 2187 1403 9
177 1390 633 1445 Redaktion: Teleph. 44.40,
176 1429 639 1482 Breitenrainstr. 07. Admi¬
173 1472 646 1527 nistration: Teleph. 44.40.
1264 1471 3001 1552 Organ für fortschrittliche Politik und Volkswirtschaft
181 1518 645 1589 Verlag: „Hallwag" A.=G.,
1625 1530 2604 1618 (Berner Intelligenzblatt 89. Jahrgang)
341 1561 478 1625 Bern.
1263 1607 2950 1692 Mit illustrierter Sonntagsbeilage „Das Blatt für Alle“
202 1622 606 1710 Einzelpreis 15 Rp.
522 1793 834 1888 Liebelei
2315 1771 2489 1918 1
210 1874 1124 1947 Ein Wiener Brief von Heinrich York Steiner.
227 1930 1163 1996 Es war einmal ein Arzt, der eine neuartige
164 1976 1159 2029 Disziplin popularisierte, die Laryngologie. Auch
174 2027 1152 2082 seine beiden Söhne folgten dem Vater im Berufe.
173 2072 1161 2138 Einer von ihnen schrieb nebstbei kleine Skizzen,
173 2114 1148 2155 deren Grazie französisch anmutete. Je nun, in
174 2156 1159 2227 Wien malen, musizieren oder schreiben gar viele
177 2196 1169 2260 Mediziner, die Atmosphäre ist künstlerisch geladen,
174 2241 1167 2294 und es wetterleuchtet gar häufig aus dem musischen
182 2291 1158 2347 Gewölk. Aber aus diesen unscheinbaren Blättern
176 2323 1166 2406 stieg eine originelle Figur ins Leben, der junge
186 2379 1155 2429 leichtsertig=nachdenkliche Lebenskünstler „Anatol“,
177 2417 1157 2483 und eines Tages verkündet der bedeutendste Kri¬
172 2459 1162 2530 tiker der Stadt, daß Med. Dor. Arthur Schnitzler
178 2511 1158 2570 ein dramatischer Dichter von hervorragender Be¬
175 2556 1151 2618 gabung sei. Der Sohn des stadtbekannten Pro¬
175 2590 1165 2651 fessors Schnitzler, der elegante Jüngling, den alle
245 2637 1171 2716 gut kannten, dieser liebenswürdige, einfache
178 2677 610 2743 Mensch, ein Dichter?
236 2707 1158 2795 Zu jener Zeit hing der Dichterlorbeer noch sehr
175 2767 1170 2826 hoch, er gedieh zumeist im Schatten der monumen¬
181 2819 1157 2876 talen Klassiker. Und nun sollte ein lebfrischer
172 2856 1161 2917 Jüngling in die Zunft ausgenommen werden?
188 2900 1159 2959 Sein Meisterstück hieß „Liebelei“. Nichts von gro¬
189 2935 1158 3013 ßen Worten, keine tönenden Phrasen, keine über¬
188 2986 1157 3051 mäßige Leidenschaft, einfach „Liebelei“ die Ge¬
188 3018 1157 3090 schichte vom Leben und Sterben eines Wiener Vor¬
188 3079 1161 3134 stadtmädels, das an einem Irrtum zugrunde geht.
190 3127 1150 3186 Sie hielt eine Liebelei für Liebe und ging ins
188 3166 1155 3217 Wasser, als sie erfuhr, daß sie dem Manne, dem sie
184 3207 1169 3266 alles gegeben hatte, nur ein Zeitvertreib war, „ein
180 3256 1177 3317 süßes Mädel“. Diese Figur und ihr Gestalter, das
176 3298 1156 3370 war dann eine Angelegenheit der ganzen Stadt.
1876 3315 2363 3413 Arthur Schnitzler.
245 3346 1157 3410 Seither hat Arthur Schnitzier ein bedeutsames
1564 3384 2670 3447 Der österreichische dichter begeht am 15. Mai seinen 60 Ge¬
177 3390 1167 3451 Lebenswerk geschaffen, Dramen, Romane, No¬
1567 3428 2675 3488 burtstag. Als Mitglied der jungösterreichischen Dichtergruppe
181 3440 1149 3491 vellen, Werke in Versen und in tristalltlarer, fein¬
1574 3478 2649 3522 hat er seinen ersten großen Erfolg mit dem Drama „Liebe ei“
176 3487 1152 3552 geschliffener Prosa, zumeist — wollend oder un¬
1572 3510 2671 3579 errungen, in dem sich seine künhlérische Wesenoart scharf
185 3522 1163 3600 bewußt — ein Wiener Bilderbuch. Er verkörpert
2014 3553 2243 3609 ausdrückt.
177 3572 1160 3636 eine feine, liebenswerte, manchmal liebestolle, im¬
189 3609 1153 3685 mer grazienbegnadete, gütige, stets hilfsbereite
1167 3630 3081 3706 friedliche Welt so ganz unmöglich sein? Nicht ins Ausland schiebt und daheim eine Trunksucht
190 3662 1144 3709 Volksindividualität, die nicht systematische Bos¬
2132 3687 3080 3761 schafft, die dem Wiener im Frieden nicht eigen
1157 3695 2043 3748 eine Welt ohne Kampf, aber ohne Krieg —!
187 3707 1153 3757 heit und keinen Haß kennt. Die warme Mensch¬
2119 3714 2249 3804 Kar.
1214 3707 2120 3793 Armes Wien! Niemand hat durch den großen
181 3751 1155 3796 lichkeit des Dichters, die überlegene Ironie, die
2178 3756 3092 3837 Gesetze gegen den Verkauf geistiger Getränke
1153 3793 2117 3831 Krieg so viel verloren wie Du, und nun Du am
189 3795 1153 3844 sich an keine letzte Wahrheit klammert, die stille
2128 3817 3078 3896 an Minderjährige und gegen die Trunksucht sind
1160 3827 2114 3878 Boden liegst, behandeln sie Dich wie den toten
191 3839 1152 3894 Melancholie, wie sie bei seinen Naturen süßer
2122 3865 2479 3927 in Vorbereitung.
1165 3866 2113 3916 Löwen. Wie einen Löwen? Nein, wie eine Ab¬
584 3881 1149 3940 sprechen aus seinen Werken
2180 3879 3085 3971 Die Sozialdemokratie propagielt mit allen
1164 3913 2114 3966 fallkiste wird diese einst so glänzende Stadt, der
202 3925 1150 3968 — dem bedeutsamen Andenken an eine sterbende
2127 3928 3082 3999 Kräften die volle Abstinenz. Da kommt ein Nach¬
1153 3954 2108 4006 Mittelpunkt einer Weltmacht, behandelt. Nur aus
180 3970 1142 4038 Stadt, die nie wieder ihres Gleichen ha¬
2119 3991 3083 4043 barstaat der selbst am Boden liegt, und will vom
1166 3996 2109 4043 Gnade und Barmherzigkeit wird sie verprovian¬
184 4009 409 4066 ben wird.
2124 4033 3079 4102 niedergerissenen und hingestreckten Oesterreich
1164 4040 2114 4096 liert, sendet man ihr für teures Geld das Ge¬
251 4055 1154 4112 Heute, am 60. Geburtstage dieses Dichters, der
2118 4080 3077 4149 durch Aushungerung Erleichterungen für die
1160 4082 2110 4139 ringwertigste an Genuß= oder Lebensmitteln, und
176 4094 1152 4158 das schöne, sinnenfrohe Wien in alle Welt hinaus¬
2115 4126 2576 4186 Weineinfuhr erlangen.
1164 4132 2112 4184 stellt die Lieferung vollends ein, wenn man poli¬
190 4144 1142 4197 getragen hat, liegt seine geliebte Vaterstadt in
2190 4142 3078 4208 Das führt uns weit weg von Arthur Schnitz¬
1165 4165 2127 4219 tische Pressionen ausüben will. Einige der Suk¬
557 4186 997 4231 #in Ral#### (#7L
186 4189 368 4230 Nonnie.
395 4191 552 4241 „Anotol“
3077 2166 3185 2224 die
3088 2210 3204 2269 Pro¬
3085 2257 3196 2317 den
3086 2287 3192 2356 obsch
3096 2342 3189 2400 zugt
3081 2383 3189 2439 gen
3085 2429 3199 2498 rückt
3088 2508 3207 2583 unse
3082 2567 3198 2620 Beri
3086 2605 3202 2659 lerla
3094 2655 3196 2707 mit
3094 2692 3221 2753 sichts
3095 2740 3210 2803 groß
3106 2786 3199 2837 den,
3165 2812 3226 2878 4
3088 3567 3189 3622 den
3097 3611 3223 3684 Wun
3090 3847 3211 3905 eine
3105 3887 3207 3944 der
3098 3927 3218 3991 scha
3088 3981 3219 4032 rere
3098 4023 3215 4076 wie
3095 4068 3182 4115 in
3091 4110 3200 4166 Fr.
3088 4159 3172 4203 das
