3436 4480
223 289 1547 398 6oth Birthday box 39/3
2462 830 2756 912 Nr. 13208
1761 844 2112 931 13. Mai 1922
693 865 1364 959 Wiener Allgemeine Zeitung
2018 939 2862 1011 Heute nun, 1922, ist es aus Frankreich, daß
1940 994 2865 1068 Worte der Dankbarkeit und der Bewunderung
1950 1038 2857 1123 kommen, Worte, die sich mit jenen einigen, welche
1949 1084 2860 1147 aus Anlaß der Feier des 60. Geburtstages von
1214 1061 1904 1172 Jaonaum.
184 1072 1215 1184 Aeide Schiligiees
1949 1146 2876 1204 Arthur Schnitzler, aus dessen dramatischem Wers
1047 1153 1948 1229 liche Ergriffenheit ist immer ungeschickt.
264 1164 885 1244 Verehrter Freundl
1959 1183 2858 1259 eben jetzt „„L'Deuvre“ in Paris ein Stück aufge¬
1053 1213 1947 1280 So weiß er sicherlich nicht, welche zarte
220 1224 1041 1298 Ich habe es mir vor zehn Jahren, als
1964 1240 2613 1311 führt hat, ihm gewidmet werden.
1049 1249 1956 1322 und besondere Freude uns in Paris seine
2036 1271 2865 1350 Zwischen diesen zwei Jahreszahlen liegt eine
144 1283 1032 1353 Ihr fünfzigster Geburtstag gefeiert wurde
1045 1306 1944 1378 Werke, die Antoine und Lugne=Poe gespielt
1955 1322 2867 1410 in ihren Tiesen zernichtete Welt. Ist es aber
147 1326 1034 1400 zugeschworen, der unübersehbaren Flut von
1052 1361 1950 1426 haben und die ins Französische übersetzten
134 1394 1038 1463 literarischen Würdigungen und Zeitungs¬
1951 1382 2867 1444 möglich, nicht stets daran zu denken, daß der
1055 1411 1945 1480 Novellen bereiten. Er weiß nicht wie nahe
1966 1432 2872 1506 Kataklysmus niemals jene Welt treffen konnte,
143 1429 1033 1499 artikeln (falls wir gemeinsam Ihren 60.
1061 1455 1947 1527 wir uns ihm fühlen; wie ungemein ich und
1966 1476 2873 1544 in der Menschen sich gegenseitig ehren, und immer
144 1477 1040 1544 erleben wurden) kein Blatt hinzuzufügen.
1051 1498 1943 1565 meine Freunde diese seine so synthetische,
1969 1521 2870 1601 inniger schätzen werden, über die weiten Strecken
147 1526 1037 1595 Ich bin gegen Bilanzierungen: wenn es
1058 1573 1952 1622 so konzentrierte, wissende und seltsam inten¬
1969 1566 2883 1645 hinweg, die von Verbrechen, Niedrigkeit, Un¬
135 1569 1044 1637 um das Werk eines lebendigen schöpferi¬
1058 1605 1947 1674 sive Kunst lieben. Diese Kunst, die jedem
1963 1615 2876 1697 wissenheit und Häßlichkeit ausgerodet werden?
140 1623 1045 1703 schen Geistes geht. Dies durch mein
1069 1651 1954 1718 Pathos feind ist, und das Höchstmaß von
1962 1676 2883 1749 Muß man deshalb nicht trotz alledem einer großen
144 1669 1044 1739 Schweigen an dem sakramentalen Feuille¬
1053 1699 1952 1782 seelischer Bewegung durch ein Mindestmaß
1972 1716 2884 1787 Hoffnung leben? Dem Tag entgegen, da endlich
137 1731 1045 1800 tontag der Schnitzler=Feier zu dokumen¬
1066 1759 1561 1824 von Aufwand erringt.
1973 1774 2889 1835 aus diesen Tiefen solcher Stimmen weitschallender
144 1773 1051 1839 tieren, war meine Absicht. Daß ich aber
1159 1790 1957 1869 „Was zu lernen not tut", so schrieb
1969 1818 2821 1896 Ruf nicht mehr in der Wüste verhallen wird.
146 1819 1049 1884 berufen sein werde, in anderer schönerer
1057 1846 1967 1916 Marie Leneru in ihrem Tagebuch, „ist:
2387 1864 2849 1937 Leon Balzagette.
141 1862 1039 1942 und erhebenderer Art Ihnen als Gratu¬
1068 1892 1971 1968 Alles zu sagen — durch Ungesagtes. Auch
146 1920 1048 1981 lant nahen zu dürfen, dies ist mir beson¬
1060 1943 1959 2022 die Prosa verlangt nach Pausen — wie die
153 1975 661 2055 dere Ehre und Freude.
2106 1963 2615 2049 Paris, 8. Mai 1922.
1069 1996 1971 2065 Musik. Wie leicht ist es uns, durch unsere
233 2005 1030 2086 Als ich nach dem „friedlosen“
2113 2020 2888 2089 Nous saluons affectueusement en
1065 2041 1966 2103 Worterfahrenheit, jedem Gedanken sein
146 2056 1047 2148 Friedensschluß zum erstenmale in Paris
2014 2076 2878 2149 Arthur Schnitzler, a la fois un grand
1072 2088 1973 2155 Kleid zu wählen und ihm künstlerischen
148 2106 1057 2191 meine Freunde wiedersah; als ich dann
2034 2119 2887 2189 et profond ecrivain, et de ces trop
1064 2139 1973 2220 Ausdruck zu geben. Aber die wirkliche große
155 2164 1064 2234 durch jene stille Auslese, die Gleichgesinnte
2032 2164 2883 2239 rares et d’autant precieux esprits euro¬
1081 2189 1969 2273 Form wird nur durch Auslassen bestimmt.
151 2210 1052 2285 geheimnisvoll zueinanderführt, neue Men¬
2031 2227 2902 2293 péens, sur les-quels peut s’appuyer la
1066 2237 1976 2316 Hütet Euch alles auszusprechen; und dem
154 2261 1058 2333 schen den alten Freunden zugesellen konnte,
2037 2264 2814 2335 fraternité intellectuelle des peuples.
1079 2279 1969 2358 Leben allzu große Beredsamkeit zu geben.
2624 2304 2894 2381 Georges
144 2325 1056 2408 deren Herzen haßlos, deren Geist Welt¬
1070 2326 2555 2406 Ichsterbel, niemals werden diese Worte [Charles Vildrac.
2267 2360 2587 2431 Duhamel.
152 2367 1058 2435 geist geblieben war alle blutigen Jahre der
1073 2388 1984 2461 so erschütternd wirken, wie der letzte
152 2414 1056 2490 Trennung hindurch; da war Ihr Name,
2045 2406 2895 2474 (Wir grüßen auf das herzlichste in Artur
1088 2432 1968 2522 Seufzer. Befreit die Literatur von Ge¬
151 2460 1070 2520 verehrter Freund, einer der ersten, der mir
1997 2462 2907 2523 Schnitzler, sowohl den großen tiefen Künstler, als
1081 2484 1377 2570 schwätzigkeit.“
1992 2500 2898 2581 auch einen der allzu seltenen und umso kostbareren
166 2514 1062 2577 heimatlich in der Fremde erklang. Und
1172 2516 1980 2592 Marie Leneru preist hier, was in
1990 2552 2898 2627 europäischen Geister, auf die die intelektuelle
169 2546 1063 2628 anders erklang als vordem. Mit einer Art
1087 2578 1974 2643 Schnitzlers Kunst Erfüllung findet. Seine
1996 2604 2776 2685 Verbrüderung der Völker sich stützen kann.
163 2598 1070 2668 von liebender Zugehörigkeit wurde er von
1085 2637 1976 2698 Werke besitzen jene Reinheit der Masse,
168 2647 1057 2718 Dichtern, von Theaterautoren und von
2074 2655 2601 2731 Paris, den 12. Mai 1922.
1073 2676 1985 2753 jene Oekonomie des Materials, jene Har¬
2198 2672 2856 2772 Charles Vildrac, George Duhamel.)
159 2702 1063 2764 den Jungen ausgesprochen. Was an
1081 2723 1986 2787 monie der Linien, die an eine edle Vase
169 2740 1064 2832 wissender Güte, an weiter Menschlichkeit,
1088 2774 1988 2851 gemahnen. Denn: seine Art ist es, ein
158 2794 1072 2859 an Schicksalhaften und Rätselvollen in
1080 2819 1989 2891 Problem so klar zu fassen und so vollkom¬
2287 2804 2569 2900 „Stasa.
170 2838 1064 2916 Ihren Werken zu einem Weltbild aus Wirk¬
1079 2842 1997 2954 men zu Handlung, zu Gestaltung werden
2071 2863 2895 2943 Anläßlich der Eröffnung einer eigenen Geld¬
172 2894 1071 2980 lichkeit und Traum gewoben sich eint: das
2006 2918 2903 2985 stube im Parterre des Zentralpalastes wird auf
1087 2921 1983 3002 zu lassen, daß sie sich alsogleich dem Leben
174 2945 1068 3015 empfinden alle Gestalter und Denker des
2000 2959 2905 3024 die äußerst günstigen Konditionen (10 bis 12pro¬
1089 2968 1982 3044 ebenso scharf einprägt, wie in dem Auge
174 2987 1069 3071 nach Wahrhaftigkeit strebenden Frankreichs,
1999 2995 2905 3067 zentige Verzinsung) des auch für Nichtmitglieder
1095 3017 1993 3088 die reine Form eines Gegenstandes haftet.
1993 3027 2912 3095 zugänglichen Spareinlagenverkehres sowie auf
176 3038 1081 3117 als die Melodie ihrer eigenen Seelenheit.
2000 3068 2925 3143 den neu eingeführten Konto=Korrent= und Scheck¬
1093 3066 1984 3149 Diese in gewissem Sinn nemotechnische
178 3087 1081 3155 Und deshalb, lieber Freund, bin ich kaum
2002 3121 2549 3195 verkehr aufmerksam gemacht.
1087 3110 1985 3203 Kunst — ist nichts anderes als die Kunst
181 3133 1070 3217 überrascht gewesen, als mir das ehrende
1093 3163 1996 3226 der Primitiven, um welche heute die jungen
184 3189 1082 3267 Vertrauen wurde, Ihnen die beifolgenden
1104 3214 1994 3291 Dichter so sehr ringen. Schnitzler besitzt
2012 3186 2920 3293 Das permanenie Tagesgespräch
185 3232 1074 3307 an meine Adresse für Sie eingelangten
1103 3260 1985 3332 sie von Natur aus. Und doch ist sein Herz,
2002 3266 2918 3343 von Wien bildet das sehenswerte, aus lauter
188 3279 1085 3361 Glückwünsche übermitteln zu dürfen. Sie
2012 3303 2917 3377 Artraktionen bestehende Eröffnungsprogramm im
1093 3311 1993 3391 ist Geist mit allen Kompliziertheiten des
184 3333 1077 3423 werden, das weiß ich, Ihrem Herzen wert
2016 3365 2924 3411 Sommer=Tanzpalast „Maxim“, der ein
1099 3359 2000 3437 modernen Menschen belastet. Ich kenne
2009 3390 2919 3444 Clou des Vergnügungsparkes im Prater ist. Der
181 3397 514 3466 und teuer sein.
1102 3407 1995 3486 keinen subtileren Beobachter heimlichster
2015 3423 2931 3498 allgemein beliebte Leiter des populären „Ma¬
405 3427 873 3503 In Verehrung Ihre
1112 3455 1999 3528 Rätsel der Seele. Keinen tiefer dringen¬
2019 3460 2953 3534 xim“ im Prater, Direktor Arthur Weiß..
506 3464 1046 3560 Berta Zuckerkandl.
2020 3500 2932 3568 hat für sein Etablissement den graßen Zug und
1105 3503 2003 3576 den Psychologen. Schnitzler ist klar in
2009 3524 2927 3610 demnach den Zuspruch. Der glänzende Erfolg ist
1108 3549 2002 3627 seiner Tiefe. Er ist einfach in seiner Selt¬
2023 3574 2938 3651 diesem jungen. ebenso fähigen als strebsamen
220 3574 1051 3682 Madame Zuckerkandl, pour Artur
1116 3604 2002 3686 samkeit. Fügt noch den Reiz seiner Wesens¬
2022 3617 2637 3705 Direktor herzlichst zu vergönnen.
464 3645 806 3734 Schnitzler.
1117 3651 2000 3740 art hinzu in der Bewegtheit und Geist so
647 3699 1053 3767 Vienne, Autriche.
1119 3710 1493 3792 eng verwebt sind
2143 3716 2809 3820 Gerichtssaal.
1194 3721 2013 3809 Was wird Schnitzler von mir denken?
375 3752 894 3835 Telegramm aus Paris.
1107 3796 2009 3867 Schreibe ich dies nicht als wäre ich ein
321 3787 1094 3870 Je suis heureux a l’occasion de son
1116 3847 2014 3915 Kritiker? Ich habe es ja bereits gesagt.
241 3853 1089 3922 Soixantenaired’adresser a Artur Schnitzler
2016 3826 2929 3959 Die Juwelen der Frau
1120 3890 2013 3965 Bewunderung ist ein Gefühl, daß keine Be¬
229 3910 1089 3989 tous mes voenx confraternels et l’ex¬
1114 3943 2018 4023 schreibung verträgt. Man kann sie nur
236 3945 1099 4019 pression de notre admiration pour son
2342 3928 2628 4044 Pollak.
1118 3985 2021 4055 empfinden und bekennen. Daß ist alles.
239 3999 837 4085 oeuvre et pour sa Gloire.
2026 4016 2944 4099 Aufdeckung eines Schmuckdiebstahles nach sechs
1127 4034 2014 4105 Deshalb, verehrte Frau, sagen Sie, bitte,
332 4051 1100 4138 Robert de Flers de l’Academie
2380 4083 2555 4149 Jahren.
1117 4081 2014 4152 Artur Schnitzler ganz einfach, daß wir hier
239 4096 1100 4179 Française, Président de la Société des
2112 4106 2934 4191 Ein Schmuckdiebstahl in der Villa des be¬
1132 4119 2028 4204 viele sind, die ihn lieben und die in ihm
260 4156 720 4216 Anteurs dramatiques.
