3344 4352
1086 305 1529 405 box 39/3
217 310 1010 418 6oth Birthdar
449 1059 1496 1175 tleg V.
561 1264 1271 1372 urggit
629 1386 911 1529 2 *
1187 1581 1364 1648 PPieifer
396 1648 1342 1710 Zu Arthur Schnitelers 6o. Geburtstag hat die
326 1692 1345 1777 von Ludwig IIirschield fretlich geleitete Wiener
358 1750 1337 1804 Monatsschrift „Moderne Welt“ ein dem Dichter
356 1798 1338 1861 gewidmetes Heft erscheinen lassen, das durch seinen
358 1847 1343 1920 Bilderschmuck sowie durch die zahlreichen gchalt¬
353 1900 1335 1958 vollen Aufsätee den Rang einer gediegenen Fest¬
361 1956 1340 2012 schrift und noch in späteren Zeiten dokumen¬
367 1995 1337 2055 tarischen Werr für sich in Anspruch nehmen darf.
354 2050 1338 2121 In umfangreicheren Monographien setzen sich Jose)
351 2093 1339 2169 Körner und Richard Specht mit Schnitzler ausein¬
360 2149 1350 2216 ander. Körner betrachtet, wie schon der Titel seiner
355 2200 1344 2253 im Rahmen der Amalthea-Bücherei erschienenen
357 2247 1344 2298 Studie andentet, „Arthur Schnitzlers Gestalten und
365 2282 1362 2371 Probleme“, also nur das Kunstwerk mit Ausschluß
361 2341 1362 2406 des ihm zugrunde liegenden Erlebnisses. Er hat
355 2394 1358 2467 eine tüchtige und feinsinnige Arbeit geliefert. In
370 2459 1356 2499 den zahlreichen Journalaufsätzen ist seltener, als
363 2483 1370 2554 man meinen sollte, die Umwelt, aus der Schnitzler
365 2531 1371 2621 hervorgegangen ist und die er zeichnet, angedeutet
371 2591 1353 2663 worden. Sehnitzler ist als Menech und Schriftsteller
359 2645 1366 2715 ein Vertreter jenes altbürgerlichen Wiener Kultur¬
365 2691 1353 2761 judentums, das sich etwa durch zwei bis drei Ge¬
366 2712 1374 2800 nerationen die österreichische Vergangenheit und
360 2792 1360 2855 Uberlieferungen anzüchtete, mit den Machthabern
367 2832 1356 2906 des Tages paktierte, dadurch den Anspruch auf
371 2892 1359 2964 Gegenhabe erworben zu haben glaubte und es nicht
372 2929 1371 3015 verwinden kann, wenn es doch für nichts anderes 1
369 2997 1360 3062 genommen wird, als es ist. Niemand hat das tref¬
374 3040 1356 3095 fander formuliert als der Schnitzler gewiß nahe¬
374 3085 1374 3154 stehende, aber als Nichtjude eben hier schärfer!
365 3137 1365 3195 blickende Hermann Bahr. In einer abschlie Benden
362 3185 1361 3250 Studie über Schnitzler wird auch einmal die Kehr¬
379 3226 1368 3296 seite seiner Erfolge im Auslande gezeigt werden
364 3278 1367 3348 müssen. Gewiß hat A. F. Seligmann recht, daß es
374 3331 1366 3400 Schnitzler selbst im „Reigen“ nicht auf das Stoff¬
366 3380 1368 3438 liche, sondere auf das Formale angekommen ist,
373 3433 1369 3492 aber leider Oberwiegt immer und überall die Zahl
367 3483 1362 3540 derer, die künstlerische Werte nicht erfassen
378 3532 1364 3594 können, und so haben seine Schilderungen eines
378 3596 1366 3654 schmalen Ausschnittes der Wiener Gesellschaft,
380 3651 1360 3701 den man ohne Kenntnis der wahren Verhältnisse
378 3659 1376 3744 für deren Totalität hielt, Wien und Österreich im
370 3720 1406 3814 Bewußtsein dersittlichen Weit enendlichen Schndeny
377 3781 602 3858 zugefügt.
805 3868 939 3930 161
368 3869 715 3942 Beibl. XIV, 11
1607 744 2095 847 3. und 11. Bezirk gefaßt.
1833 866 2512 968 Ein jübischer Dichter.
1703 954 2734 1015 In ihrer Rezension der „Medardus“=Aufführung hat
1614 988 2739 1053 die „Reichspost“ angekündigt, daß auch die Christlichsozialen
1608 1045 2735 1127 den 60. Geburtstag Schnitzlers mitzufeiern — freilich in ihrer
1605 1089 2736 1155 Art — nicht versäumen dürfen. Schon am nächsten Tag hat
1610 1142 2747 1208 das Blatt sein Wort eingelöst und in seiner Abendausgabe
1610 1189 2742 1269 bildlich dargestellt, wie einige — Schweine dem Dichter mit
1618 1253 2742 1304 der Huldigung nahen: „Wir winden dir den Lorbeerkranz.“
1626 1284 2752 1358 Die Porträtähnlichkeit ist auf beiden Seinn sehr groß und
1625 1333 2750 1398 man muß zugeben, wenn die Stinkbombenwerfer und deren
1622 1385 2745 1449 klerikale Anstifter, auch dem Wesen Schnitzlers nich immer ge¬
1623 1430 2747 1496 recht zu werden verstanden — in der schönen Kunst der Selbst¬
1620 1503 2755 1547 erkenntais haben sie es dafür umso weitergebracht. In einem
1624 1518 2756 1597 Punkte haben die Antisemiten übrigens auch die Persönlichkeit
1620 1579 2754 1642 des Poeten richtig erfaßt. Ihre Behauptung, Schnitzler sei ein
1629 1627 2759 1708 spezifisch jüdischer Literat, wurde von dem Geburtskind selbst
1623 1704 2762 1746 unwiderleglich bestätigt. Der Gefeierte hat seinen Ehrentag
1622 1733 2760 1795 durch eine Millionenspende für wohltätige Zwecke begangen.
1619 1778 2764 1835 Man muß gestehen: diese Art, seine Feste zu feiern, ist spe¬
1623 1821 2755 1904 zifisch jüdisch. Keine Anstrudelungen — Schnitzler hat sich
1624 1900 2767 1945 ihnen durch eine Auslandreis entzogen — gaben dem Tag sein
1626 1925 2760 1995 Gepräge und bei der Festgabe, die auf einem Geburtstagstische
1619 1975 2768 2054 nun einnal nicht fehlen darf, figuriert der Dichter nicht als
1620 2030 2755 2097 Empfänger, sondern als Spender. Das ist jüdisch im edelsten
1624 2073 2755 2141 Sinne. An den Spenden partipizieren solche Organisationen,
1627 2122 2767 2194 mit denen Schnitzler beruflich in Kontakt, wiet: ärztliche,
1629 2175 2759 2241 schriftstellerische und studentische. Was d zieren betrifft,
1630 2221 2759 2295 konstatieren wir mit besonderer Genugtuung, daß die Spende
1630 2271 2751 2332 der jüdischen und nicht der allgemeinen, lies: antisemti¬
1636 2323 2755 2396 schen Mensa zufloß. Wir nehmen dies als ein Verdienst unserer
1638 2369 2767 2433 aufklärenden Tätigkeit in Anspruch und hoffen es noch so weit
1635 2411 2763 2493 zu bringen, daß jüdische Spenden fortab immer nur das richtige
1643 2480 2769 2544 Ziel finden und so groteske Falschadressierungen, wie sie die
1637 2511 2778 2599 amerikan.ischen Judengelder durch Frau Jeritza erfahren
1632 2558 2771 2633 ha#en, in Hinkunft ganz vermieden werden — selbst auf die
1648 2635 2775 2691 Gefahr hin, daß die Antisemiten jüdischen Jubilaren keine
1635 2673 2149 2750 Lorbeerkränze mehr winden.
1644 2777 2771 2859 Hilfsaktion zugunsten der hungernden
1901 2843 2515 2927 Juden in Rußland.
1697 2898 2769 2971 Die Israelitische Allianz zu Wien, 2 Bez., Un¬
1635 2970 2771 3025 tere Donaustraße 33, hat eine Hilfsaktion für die hungernden
1639 3006 2774 3077 Juden eingeleitet und sich mit einem Betrug von 1,500.000 K.
1647 3056 2781 3123 an die Spitze einer Sammlung in Oesterreich und in den
1648 3105 2776 3177 Sukzessionsstaaten gestellt. Es ist eine Sendung ron Lebens¬
1646 3168 2777 3237 mittelpaketen in großem Umfange (jedes 10 Dollar¬
1652 3218 2776 3282 Paket stellt sich jetzt leider auf zirka 100.000 K.) und die Er¬
1654 3255 2774 3327 richtung von Küchen ud Fürsorgewerken in ver¬
1654 3302 2774 3379 schiedenen Städten der Ukraine in Aussicht genommen, wobei
1647 3352 2789 3430 die Allianz mit anderen großen jüdischen Hilfskomitees in
1652 3399 2778 3469 Westeuropa in engem Kontakt steht. Hochherzige Zuwendungen
1642 3457 2798 3518 für das Rettungswerk werden durch das Postsparkassenkonto
1607 3502 2786 3598 1 der Allianz 8152 oder durch den Wiener Bankverein
