<?xml version="1.0" encoding="UTF-8" standalone="yes"?>
<PcGts xmlns="http://schema.primaresearch.org/PAGE/gts/pagecontent/2013-07-15" xmlns:xsi="http://www.w3.org/2001/XMLSchema-instance" xsi:schemaLocation="http://schema.primaresearch.org/PAGE/gts/pagecontent/2013-07-15 http://schema.primaresearch.org/PAGE/gts/pagecontent/2013-07-15/pagecontent.xsd">
    <Metadata>
        <Creator>prov=University of Rostock/Institute of Mathematics/CITlab/Gundram Leifert/gundram.leifert@uni-rostock.de:name=ONB_Newseye_GT_M1+(htr_id=10810)::::v=2.4.2
prov=University of Rostock/Institute of Mathematics/CITlab/Tobias Gruening/tobias.gruening@uni-rostock.de:name=de.uros.citlab.module.baseline2polygon.B2PSeamMultiOriented:v=2.4.2
prov=University of Rostock/Institute of Mathematics/CITlab/Tobias Gruening/tobias.gruening@uni-rostock.de:name=/mnt/transkribus/LA/DEA/URO/LA_news_onb_att.pb:de.uros.citlab.segmentation.CITlab_LA_ML:v=2.4.2
Transkribus</Creator>
        <Created>2019-10-07T20:31:37.956+02:00</Created>
        <LastChange>2019-10-09T07:29:46.310+02:00</LastChange>
        <TranskribusMetadata docId="224438" pageId="9575621" pageNr="107" tsid="16627120" status="IN_PROGRESS" userId="40391" imgUrl="https://files.transkribus.eu/Get?id=UHFLRLPBZXPIKNGBBRKLTEKM&amp;fileType=view" xmlUrl="https://files.transkribus.eu/Get?id=HZNIFAGPPWPJEJHXNIYIZBYV" imageId="6207117"/>
    </Metadata>
    <Page imageFilename="224438_0107.jpeg" imageWidth="3344" imageHeight="4256">
        <ReadingOrder>
            <OrderedGroup id="ro_1711442677995" caption="Regions reading order">
                <RegionRefIndexed index="0" regionRef="r1"/>
                <RegionRefIndexed index="1" regionRef="r2"/>
            </OrderedGroup>
        </ReadingOrder>
        <TextRegion orientation="0.0" id="r1" custom="readingOrder {index:0;}">
            <Coords points="235,309 235,3417 3271,3417 3271,309"/>
            <TextLine id="r1l1" custom="readingOrder {index:0;}">
                <Coords points="223,385 824,379 1072,324 1487,352 1555,305 1128,265 978,327 795,274 221,315"/>
                <Baseline points="235,354 300,356 365,357 431,358 496,358 562,357 627,356 692,354 758,352 823,350 889,348 954,345 1019,343 1085,341 1150,338 1216,336 1281,334 1346,332 1412,331 1477,330 1543,329"/>
                <TextEquiv>
                    <Unicode>6oth Birthdag box 39/3</Unicode>
                </TextEquiv>
            </TextLine>
            <TextLine id="r1l2" custom="readingOrder {index:1;}">
                <Coords points="431,1429 568,1409 797,1436 905,1413 1298,1430 1299,1346 1167,1378 1083,1355 1025,1384 612,1350 432,1367"/>
                <Baseline points="444,1401 486,1403 528,1403 570,1404 612,1405 654,1406 696,1406 739,1407 781,1407 823,1408 865,1408 907,1409 949,1409 991,1409 1034,1410 1076,1410 1118,1410 1160,1411 1202,1411 1244,1412 1287,1412"/>
                <TextEquiv>
                    <Unicode>— Aeutieien WacP.r</Unicode>
                </TextEquiv>
            </TextLine>
            <TextLine id="r1l3" custom="readingOrder {index:2;}">
                <Coords points="362,1506 1245,1518 1352,1546 1353,1484 362,1477"/>
                <Baseline points="374,1511 422,1510 470,1510 518,1511 567,1511 615,1512 663,1513 712,1514 760,1515 808,1516 857,1517 905,1518 953,1519 1001,1520 1050,1521 1098,1521 1146,1521 1195,1521 1243,1521 1291,1520 1340,1519"/>
                <TextEquiv>
                    <Unicode>ein Mensch und schon darum auch Kämpfer, vor</Unicode>
                </TextEquiv>
            </TextLine>
            <TextLine id="r1l4" custom="readingOrder {index:3;}">
                <Coords points="365,1562 1347,1579 1347,1538 1249,1520 366,1519"/>
                <Baseline points="377,1557 424,1557 472,1557 520,1557 568,1558 616,1559 664,1560 712,1561 760,1562 808,1563 856,1564 903,1565 951,1565 999,1566 1047,1566 1095,1566 1143,1566 1191,1565 1239,1564 1287,1563 1335,1561"/>
                <TextEquiv>
                    <Unicode>dem wir uns, am Beginn seines siebten Jahr¬</Unicode>
                </TextEquiv>
            </TextLine>
            <TextLine id="r1l5" custom="readingOrder {index:4;}">
                <Coords points="376,1610 980,1613 980,1572 930,1557 856,1575 377,1565"/>
                <Baseline points="388,1599 417,1599 446,1599 475,1600 504,1600 533,1601 562,1601 591,1602 620,1603 649,1604 678,1605 707,1605 736,1606 765,1606 794,1607 823,1607 852,1607 881,1607 910,1606 939,1606 968,1605"/>
                <TextEquiv>
                    <Unicode>zehnts, heute dankbar neigen.</Unicode>
                </TextEquiv>
            </TextLine>
            <TextLine id="r1l6" custom="readingOrder {index:5;}">
                <Coords points="422,1654 1152,1682 1315,1675 1354,1639 1235,1594 1148,1619 423,1623"/>
                <Baseline points="433,1648 478,1649 523,1650 569,1651 614,1652 660,1653 705,1654 750,1655 796,1656 841,1657 887,1658 932,1658 977,1659 1023,1660 1068,1660 1114,1661 1159,1661 1204,1661 1250,1661 1295,1661 1341,1661"/>
                <TextEquiv>
                    <Unicode>Ein besonderer Dank gilt noch dem aufrechten</Unicode>
                </TextEquiv>
            </TextLine>
            <TextLine id="r1l7" custom="readingOrder {index:6;}">
                <Coords points="366,1702 1345,1705 1302,1664 366,1654"/>
                <Baseline points="378,1695 425,1696 473,1696 521,1697 569,1698 616,1698 664,1699 712,1700 760,1700 807,1701 855,1702 903,1702 951,1702 998,1703 1046,1703 1094,1703 1142,1703 1189,1702 1237,1702 1285,1701 1333,1700"/>
                <TextEquiv>
                    <Unicode>Mann, dem unermüdlich Teilnehmenden. Schnitz¬</Unicode>
                </TextEquiv>
            </TextLine>
            <TextLine id="r1l8" custom="readingOrder {index:7;}">
                <Coords points="375,1748 1227,1761 1349,1741 1350,1717 375,1710"/>
                <Baseline points="387,1740 434,1740 482,1741 529,1741 577,1742 624,1743 672,1744 719,1744 767,1745 814,1746 862,1747 910,1748 957,1748 1005,1749 1052,1749 1100,1748 1147,1748 1195,1747 1242,1746 1290,1744 1338,1742"/>
                <TextEquiv>
                    <Unicode>ler ist — Kenner seines Werkes müssen es wissen —</Unicode>
                </TextEquiv>
            </TextLine>
            <TextLine id="r1l9" custom="readingOrder {index:8;}">
                <Coords points="375,1789 1344,1803 1344,1750 1304,1747 375,1748"/>
                <Baseline points="387,1785 434,1785 481,1786 528,1787 576,1787 623,1788 670,1789 718,1790 765,1791 812,1792 860,1792 907,1793 954,1793 1001,1794 1049,1794 1096,1793 1143,1793 1191,1792 1238,1791 1285,1790 1333,1788"/>
                <TextEquiv>
                    <Unicode>durch und durch Musiker, und so wenig er im</Unicode>
                </TextEquiv>
            </TextLine>
            <TextLine id="r1l10" custom="readingOrder {index:9;}">
                <Coords points="369,1838 1338,1850 1331,1797 369,1792"/>
                <Baseline points="381,1830 428,1830 475,1830 522,1831 570,1831 617,1831 664,1831 711,1832 759,1832 806,1832 853,1833 900,1833 948,1834 995,1834 1042,1834 1089,1834 1137,1834 1184,1834 1231,1834 1278,1834 1326,1834"/>
                <TextEquiv>
                    <Unicode>Schauspiel fehlt, wenn sich Jüngere regen, so wenig</Unicode>
                </TextEquiv>
            </TextLine>
            <TextLine id="r1l11" custom="readingOrder {index:10;}">
                <Coords points="372,1870 504,1892 1339,1872 1311,1834 372,1839"/>
                <Baseline points="385,1873 432,1873 479,1873 526,1873 573,1873 620,1874 667,1874 714,1874 761,1875 808,1875 856,1876 903,1876 950,1876 997,1876 1044,1876 1091,1876 1138,1876 1185,1875 1232,1874 1279,1873 1327,1872"/>
                <TextEquiv>
                    <Unicode>versagt er seine Gegenwart den Taten und Ver¬</Unicode>
                </TextEquiv>
            </TextLine>
            <TextLine id="r1l12" custom="readingOrder {index:11;}">
                <Coords points="368,1926 1282,1936 1344,1926 1344,1878 368,1883"/>
                <Baseline points="380,1918 427,1918 475,1917 522,1917 570,1918 618,1918 665,1918 713,1918 760,1918 808,1919 856,1919 903,1919 951,1919 998,1920 1046,1920 1094,1920 1141,1920 1189,1920 1236,1920 1284,1919 1332,1919"/>
                <TextEquiv>
                    <Unicode>suchen auch der jüngsten und umstrittensten Musik.</Unicode>
                </TextEquiv>
            </TextLine>
            <TextLine id="r1l13" custom="readingOrder {index:12;}">
                <Coords points="1349,1915 3280,1971 3281,1906 3176,1888 1350,1857"/>
                <Baseline points="1362,1932 1457,1932 1552,1932 1647,1933 1743,1935 1838,1936 1933,1938 2029,1941 2124,1943 2219,1945 2315,1948 2410,1950 2505,1952 2600,1954 2696,1955 2791,1956 2886,1957 2982,1956 3077,1955 3172,1953 3268,1950"/>
                <TextEquiv>
                    <Unicode>tige in der Untertommission vertreiene Mächts es Lloyd George, der sich in der unangelich.seß</Unicode>
                </TextEquiv>
            </TextLine>
            <TextLine id="r1l14" custom="readingOrder {index:13;}">
                <Coords points="380,1966 1335,1972 1309,1927 380,1928"/>
                <Baseline points="392,1959 438,1960 485,1961 531,1961 578,1962 624,1963 671,1963 717,1963 764,1963 810,1963 857,1963 904,1963 950,1962 997,1962 1043,1962 1090,1962 1136,1962 1183,1962 1229,1962 1276,1963 1323,1963"/>
                <TextEquiv>
                    <Unicode>Sein Urteil ist ehrlich und gerade; seine Worte sind</Unicode>
                </TextEquiv>
            </TextLine>
            <TextLine id="r1l15" custom="readingOrder {index:14;}">
                <Coords points="1341,1986 3055,2015 3280,2004 3281,1947 1342,1910"/>
                <Baseline points="1354,1976 1449,1975 1545,1975 1641,1976 1736,1977 1832,1979 1928,1981 2023,1984 2119,1986 2215,1989 2311,1991 2406,1993 2502,1996 2598,1997 2693,1999 2789,1999 2885,2000 2980,1999 3076,1998 3172,1996 3268,1993"/>
                <TextEquiv>
                    <Unicode>fei, die schon einen Friedensvertrag mit Ruß= Nottoendigkeit befindet, seine Zugeständnisse so</Unicode>
                </TextEquiv>
            </TextLine>
            <TextLine id="r1l16" custom="readingOrder {index:15;}">
                <Coords points="372,2009 487,2023 511,2009 556,2022 628,2011 698,2029 748,2010 784,2030 827,2011 827,1983 749,1967 373,1966"/>
                <Baseline points="384,2001 409,2002 434,2003 459,2003 485,2004 510,2005 535,2006 561,2006 586,2006 611,2007 636,2007 662,2007 687,2008 712,2008 738,2008 763,2008 788,2007 814,2007"/>
                <TextEquiv>
                    <Unicode>Gut, das man behält.</Unicode>
                </TextEquiv>
            </TextLine>
            <TextLine id="r1l17" custom="readingOrder {index:16;}">
                <Coords points="1340,2012 2804,2062 3277,2004 1340,1983"/>
                <Baseline points="1351,2020 1446,2020 1542,2020 1637,2021 1733,2023 1829,2024 1924,2027 2020,2029 2115,2031 2211,2034 2307,2036 2402,2039 2498,2040 2593,2042 2689,2043 2785,2044 2880,2044 2976,2043 3071,2042 3167,2040 3263,2036"/>
                <TextEquiv>
                    <Unicode>land geschlossen habe. Dennoch hätte Polen sich, sorgfältig als möglich zu umkleiden. Mit ge¬</Unicode>
                </TextEquiv>
            </TextLine>
            <TextLine id="r1l18" custom="readingOrder {index:17;}">
                <Coords points="421,2045 519,2072 1338,2075 1338,2027 1130,2031 965,1991 852,2024 422,2011"/>
                <Baseline points="434,2051 478,2053 523,2055 567,2056 612,2058 657,2059 701,2059 746,2060 790,2060 835,2060 880,2061 924,2060 969,2060 1013,2060 1058,2060 1103,2060 1147,2060 1192,2060 1236,2060 1281,2061 1326,2061"/>
                <TextEquiv>
                    <Unicode>Entsprechend der großen Verbreitung seiner</Unicode>
                </TextEquiv>
            </TextLine>
            <TextLine id="r1l19" custom="readingOrder {index:18;}">
                <Coords points="1352,2063 2228,2080 2298,2077 2299,2036 1353,2025"/>
                <Baseline points="1365,2061 1411,2061 1457,2061 1503,2062 1549,2062 1595,2063 1641,2064 1687,2065 1733,2066 1779,2067 1825,2068 1871,2069 1917,2069 1963,2070 2009,2071 2055,2071 2101,2071 2147,2072 2193,2071 2239,2071 2285,2070"/>
                <TextEquiv>
                    <Unicode>an den Beratungen über das russische Problem</Unicode>
                </TextEquiv>
            </TextLine>
            <TextLine id="r1l20" custom="readingOrder {index:19;}">
                <Coords points="2313,2102 3156,2075 3223,2097 3280,2072 3280,2029 2801,2063 2770,2040 2313,2052"/>
                <Baseline points="2324,2089 2371,2088 2418,2087 2465,2086 2512,2086 2560,2085 2607,2085 2654,2085 2701,2085 2748,2085 2796,2085 2843,2085 2890,2085 2937,2085 2984,2085 3032,2084 3079,2084 3126,2083 3173,2082 3220,2081 3268,2079"/>
                <TextEquiv>
                    <Unicode>wohnter Geschicklichkeit erledigte er die Auf¬</Unicode>
                </TextEquiv>
            </TextLine>
            <TextLine id="r1l21" custom="readingOrder {index:20;}">
                <Coords points="368,2104 1335,2103 1335,2068 1192,2060 368,2063"/>
                <Baseline points="379,2098 426,2099 473,2100 520,2101 568,2102 615,2102 662,2103 709,2104 757,2104 804,2104 851,2104 898,2105 946,2105 993,2105 1040,2104 1087,2104 1135,2104 1182,2104 1229,2104 1276,2104 1324,2103"/>
                <TextEquiv>
                    <Unicode>Werke in allen Ländern und Sprachen ist über</Unicode>
                </TextEquiv>
            </TextLine>
            <TextLine id="r1l22" custom="readingOrder {index:21;}">
                <Coords points="1353,2114 2294,2111 2294,2077 2261,2072 1354,2063"/>
                <Baseline points="1365,2102 1410,2103 1456,2104 1502,2105 1548,2106 1594,2107 1640,2107 1686,2108 1732,2109 1778,2110 1824,2110 1869,2111 1915,2111 1961,2112 2007,2112 2053,2112 2099,2113 2145,2113 2191,2113 2237,2113 2283,2113"/>
                <TextEquiv>
                    <Unicode>beteiligt, um an der allgemeinen Arbeit mit¬</Unicode>
                </TextEquiv>
            </TextLine>
            <TextLine id="r1l23" custom="readingOrder {index:22;}">
                <Coords points="2309,2143 3228,2141 3261,2133 3261,2081 2309,2107"/>
                <Baseline points="2321,2132 2367,2132 2413,2131 2460,2131 2506,2130 2553,2130 2599,2129 2646,2129 2692,2128 2739,2127 2785,2127 2831,2126 2878,2126 2924,2126 2971,2125 3017,2125 3064,2125 3110,2126 3157,2126 3203,2127 3250,2128"/>
                <TextEquiv>
                    <Unicode>gabe, den ersten Schritt zu einer Verständigung</Unicode>
                </TextEquiv>
            </TextLine>
            <TextLine id="r1l24" custom="readingOrder {index:23;}">
                <Coords points="378,2156 1336,2156 1336,2113 1290,2108 378,2108"/>
                <Baseline points="389,2142 435,2143 482,2144 529,2146 576,2146 622,2147 669,2147 716,2148 763,2148 809,2148 856,2148 903,2148 950,2148 996,2148 1043,2148 1090,2148 1137,2148 1183,2148 1230,2148 1277,2148 1324,2148"/>
                <TextEquiv>
                    <Unicode>Schnitzter viel geschrieben worden. Zum Gedenktag</Unicode>
                </TextEquiv>
            </TextLine>
            <TextLine id="r1l25" custom="readingOrder {index:24;}">
                <Coords points="1354,2153 2294,2167 2295,2112 1354,2112"/>
                <Baseline points="1366,2148 1411,2148 1457,2148 1503,2147 1549,2147 1595,2148 1641,2148 1686,2148 1732,2149 1778,2150 1824,2150 1870,2151 1916,2152 1962,2152 2007,2153 2053,2154 2099,2154 2145,2154 2191,2154 2237,2154 2283,2154"/>
                <TextEquiv>
                    <Unicode>zuhelfen. Die Grenze zwischen Rußland und</Unicode>
                </TextEquiv>
            </TextLine>
            <TextLine id="r1l26" custom="readingOrder {index:25;}">
                <Coords points="2308,2187 2951,2165 3275,2190 3275,2142 2307,2144"/>
                <Baseline points="2319,2175 2366,2175 2413,2174 2460,2174 2507,2173 2554,2173 2601,2172 2649,2172 2696,2171 2743,2171 2790,2171 2837,2170 2884,2170 2931,2170 2979,2170 3026,2170 3073,2170 3120,2170 3167,2171 3214,2172 3262,2173"/>
                <TextEquiv>
                    <Unicode>zu tun, indem er, als wenn das eigentlich ganz</Unicode>
                </TextEquiv>
            </TextLine>
            <TextLine id="r1l27" custom="readingOrder {index:26;}">
                <Coords points="378,2201 1330,2203 1330,2155 377,2163"/>
                <Baseline points="389,2189 435,2190 481,2191 528,2191 574,2191 621,2191 667,2191 714,2191 760,2191 807,2191 853,2191 899,2191 946,2190 992,2190 1039,2190 1085,2189 1132,2189 1178,2189 1225,2188 1271,2188 1318,2188"/>
                <TextEquiv>
                    <Unicode>empfehle ich ein ausgezeichnetes Buch des Prager</Unicode>
                </TextEquiv>
            </TextLine>
            <TextLine id="r1l28" custom="readingOrder {index:27;}">
                <Coords points="1353,2204 2253,2212 2293,2201 2294,2162 1353,2154"/>
                <Baseline points="1364,2192 1409,2191 1455,2191 1501,2191 1547,2191 1593,2191 1639,2191 1685,2192 1731,2193 1777,2193 1823,2194 1868,2195 1914,2196 1960,2196 2006,2197 2052,2197 2098,2197 2144,2197 2190,2197 2236,2196 2282,2196"/>
                <TextEquiv>
                    <Unicode>Polen sei durch den Vertrag von Riga fest¬</Unicode>
                </TextEquiv>
            </TextLine>
            <TextLine id="r1l29" custom="readingOrder {index:28;}">
                <Coords points="2315,2220 3031,2235 3271,2207 3223,2174 2952,2165 2315,2184"/>
                <Baseline points="2327,2215 2373,2215 2420,2215 2466,2215 2513,2215 2559,2215 2606,2215 2652,2216 2699,2216 2745,2216 2792,2216 2839,2216 2885,2216 2932,2216 2978,2215 3025,2215 3071,2214 3118,2213 3164,2212 3211,2211 3258,2209"/>
                <TextEquiv>
                    <Unicode>nebensächlich wäre, auf die Bestellung der Rus¬</Unicode>
                </TextEquiv>
            </TextLine>
            <TextLine id="r1l30" custom="readingOrder {index:29;}">
                <Coords points="368,2228 1335,2232 1335,2201 997,2185 368,2197"/>
                <Baseline points="381,2232 428,2233 475,2233 522,2234 569,2234 616,2234 663,2234 711,2234 758,2234 805,2233 852,2233 899,2233 946,2232 993,2232 1041,2232 1088,2232 1135,2232 1182,2233 1229,2233 1276,2234 1324,2235"/>
                <TextEquiv>
                    <Unicode>Germanisten Josef Körner: „Arthur Schnitz¬</Unicode>
                </TextEquiv>
            </TextLine>
            <TextLine id="r1l31" custom="readingOrder {index:30;}">
                <Coords points="1350,2239 2298,2260 2279,2198 1351,2200"/>
                <Baseline points="1362,2234 1408,2233 1454,2233 1500,2233 1546,2233 1593,2233 1639,2233 1685,2234 1731,2235 1777,2235 1824,2236 1870,2237 1916,2237 1962,2238 2008,2238 2055,2238 2101,2238 2147,2238 2193,2238 2239,2238 2286,2237"/>
                <TextEquiv>
                    <Unicode>gelegt, aber Polen sei am Friedenspakt dennoch</Unicode>
                </TextEquiv>
            </TextLine>
            <TextLine id="r1l32" custom="readingOrder {index:31;}">
                <Coords points="2308,2264 3227,2270 3270,2256 3270,2205 3036,2233 2308,2223"/>
                <Baseline points="2319,2257 2368,2258 2417,2259 2467,2259 2516,2260 2566,2260 2615,2260 2664,2260 2714,2260 2763,2260 2813,2259 2862,2259 2912,2258 2961,2258 3010,2258 3060,2257 3109,2257 3159,2256 3208,2256 3258,2256"/>
                <TextEquiv>
                    <Unicode>senkommission durch die Konferenz verzichtete.</Unicode>
                </TextEquiv>
            </TextLine>
            <TextLine id="r1l33" custom="readingOrder {index:32;}">
                <Coords points="377,2286 1292,2291 1339,2282 1340,2244 377,2238"/>
                <Baseline points="390,2275 436,2275 483,2276 530,2276 577,2276 624,2276 671,2276 718,2276 765,2276 812,2276 859,2276 905,2276 952,2276 999,2276 1046,2276 1093,2276 1140,2276 1187,2276 1234,2276 1281,2276 1328,2276"/>
                <TextEquiv>
                    <Unicode>lers Gestalten und Probleme“ (im Amal¬</Unicode>
                </TextEquiv>
            </TextLine>
            <TextLine id="r1l34" custom="readingOrder {index:33;}">
                <Coords points="1341,2275 2301,2300 2301,2250 2249,2242 1342,2239"/>
                <Baseline points="1352,2273 1398,2274 1445,2274 1492,2275 1539,2275 1586,2276 1633,2276 1680,2277 1727,2277 1774,2278 1821,2279 1867,2279 1914,2280 1961,2281 2008,2281 2055,2282 2102,2282 2149,2282 2196,2282 2243,2283 2290,2283"/>
                <TextEquiv>
                    <Unicode>lebhaft interessiert. Jaspar (Belgien) wünscht,</Unicode>
                </TextEquiv>
            </TextLine>
            <TextLine id="r1l35" custom="readingOrder {index:34;}">
                <Coords points="2314,2308 3262,2313 3262,2267 3236,2263 2314,2268"/>
                <Baseline points="2326,2303 2372,2302 2418,2302 2464,2301 2510,2301 2557,2301 2603,2301 2649,2301 2695,2301 2741,2301 2788,2302 2834,2302 2880,2302 2926,2302 2972,2302 3019,2301 3065,2301 3111,2300 3157,2299 3203,2298 3250,2297"/>
                <TextEquiv>
                    <Unicode>Nun geht zwar die Kommission aus der Kon¬</Unicode>
                </TextEquiv>
            </TextLine>
            <TextLine id="r1l36" custom="readingOrder {index:35;}">
                <Coords points="375,2317 1266,2338 1340,2318 1340,2280 375,2286"/>
                <Baseline points="388,2319 435,2320 482,2320 529,2321 576,2321 623,2322 670,2322 717,2322 764,2322 811,2322 858,2322 905,2322 952,2321 999,2321 1046,2321 1093,2320 1140,2320 1187,2320 1234,2320 1281,2320 1328,2320"/>
                <TextEquiv>
                    <Unicode>thea=Verlag), in dem ich vieles, was ich mir über</Unicode>
                </TextEquiv>
            </TextLine>
            <TextLine id="r1l37" custom="readingOrder {index:36;}">
                <Coords points="1340,2316 2302,2344 2302,2294 2240,2287 1340,2285"/>
                <Baseline points="1352,2318 1398,2319 1445,2319 1492,2320 1539,2321 1586,2321 1633,2322 1680,2322 1727,2322 1774,2322 1821,2323 1867,2323 1914,2323 1961,2323 2008,2323 2055,2323 2102,2324 2149,2324 2196,2325 2243,2325 2290,2326"/>
                <TextEquiv>
                    <Unicode>daß man sich in Genua bald einige. Er hoffe,</Unicode>
                </TextEquiv>
            </TextLine>
            <TextLine id="r1l38" custom="readingOrder {index:37;}">
                <Coords points="2309,2351 3260,2365 3260,2313 3178,2303 2309,2308"/>
                <Baseline points="2322,2346 2368,2345 2414,2344 2460,2344 2507,2344 2553,2344 2599,2344 2646,2345 2692,2345 2738,2345 2785,2346 2831,2346 2877,2347 2923,2347 2970,2347 3016,2347 3062,2347 3109,2346 3155,2346 3201,2345 3248,2343"/>
                <TextEquiv>
                    <Unicode>ferenz in Genua hervor. Aber sie ist nicht jene</Unicode>
                </TextEquiv>
            </TextLine>
            <TextLine id="r1l39" custom="readingOrder {index:38;}">
                <Coords points="365,2370 1325,2368 1301,2325 365,2320"/>
                <Baseline points="377,2362 423,2363 470,2364 517,2364 564,2365 611,2365 658,2365 704,2365 751,2365 798,2365 845,2365 892,2364 939,2364 986,2364 1032,2364 1079,2364 1126,2364 1173,2364 1220,2364 1267,2365 1314,2365"/>
                <TextEquiv>
                    <Unicode>das Work des Dichters zurechtgelegt hatte, in treff¬</Unicode>
                </TextEquiv>
            </TextLine>
            <TextLine id="r1l40" custom="readingOrder {index:39;}">
                <Coords points="1346,2368 2301,2371 2292,2330 1346,2324"/>
                <Baseline points="1357,2361 1403,2362 1450,2362 1496,2363 1543,2363 1589,2364 1636,2364 1682,2365 1729,2365 1775,2366 1822,2366 1869,2367 1915,2367 1962,2367 2008,2368 2055,2368 2101,2368 2148,2369 2194,2369 2241,2369 2288,2369"/>
                <TextEquiv>
                    <Unicode>daß niemand in Belgien ein Hindernis sehe,</Unicode>
                </TextEquiv>
            </TextLine>
            <TextLine id="r1l41" custom="readingOrder {index:40;}">
                <Coords points="2311,2405 3266,2406 3252,2351 2311,2347"/>
                <Baseline points="2322,2384 2368,2386 2415,2387 2461,2388 2508,2388 2555,2389 2601,2389 2648,2390 2694,2390 2741,2390 2788,2390 2834,2390 2881,2390 2927,2390 2974,2389 3021,2389 3067,2389 3114,2388 3160,2388 3207,2388 3254,2388"/>
                <TextEquiv>
                    <Unicode>selbstverständliche Fortsetzung der Konferenz,</Unicode>
                </TextEquiv>
            </TextLine>
            <TextLine id="r1l42" custom="readingOrder {index:41;}">
                <Coords points="376,2413 1329,2420 1312,2367 376,2372"/>
                <Baseline points="387,2408 433,2408 480,2408 526,2407 573,2407 619,2407 666,2407 712,2407 759,2406 805,2406 852,2406 898,2406 945,2406 991,2406 1038,2406 1084,2407 1131,2407 1177,2407 1224,2408 1270,2408 1317,2409"/>
                <TextEquiv>
                    <Unicode>licher, nirgends störender Systematik vereinigt</Unicode>
                </TextEquiv>
            </TextLine>
            <TextLine id="r1l43" custom="readingOrder {index:42;}">
                <Coords points="1340,2414 2291,2424 2291,2379 2260,2374 1341,2366"/>
                <Baseline points="1353,2405 1399,2405 1445,2405 1492,2405 1538,2406 1584,2406 1631,2407 1677,2408 1723,2408 1770,2410 1816,2410 1862,2411 1909,2412 1955,2412 2001,2412 2048,2412 2094,2411 2140,2410 2187,2409 2233,2407 2280,2405"/>
                <TextEquiv>
                    <Unicode>das die Lösung der Frage hintanhalte. Er</Unicode>
                </TextEquiv>
            </TextLine>
            <TextLine id="r1l44" custom="readingOrder {index:43;}">
                <Coords points="2310,2435 3265,2446 3248,2391 2310,2396"/>
                <Baseline points="2323,2431 2369,2431 2416,2431 2462,2431 2509,2431 2555,2431 2602,2431 2648,2431 2695,2432 2741,2432 2788,2432 2835,2432 2881,2432 2928,2432 2974,2432 3021,2432 3067,2431 3114,2431 3160,2430 3207,2429 3254,2428"/>
                <TextEquiv>
                    <Unicode>als die sie jene hinzustellen belieben. die ge¬</Unicode>
                </TextEquiv>
            </TextLine>
            <TextLine id="r1l45" custom="readingOrder {index:44;}">
                <Coords points="368,2462 1326,2461 1326,2421 1240,2413 368,2418"/>
                <Baseline points="381,2451 427,2450 474,2450 520,2449 567,2449 614,2449 660,2449 707,2449 753,2449 800,2449 847,2450 893,2450 940,2450 986,2450 1033,2451 1080,2451 1126,2451 1173,2451 1219,2451 1266,2451 1313,2451"/>
                <TextEquiv>
                    <Unicode>fand. Was sonst angekündigt wurde, so das Schnitz¬</Unicode>
                </TextEquiv>
            </TextLine>
            <TextLine id="r1l46" custom="readingOrder {index:45;}">
                <Coords points="1350,2451 2305,2460 2305,2426 2193,2408 1350,2413"/>
                <Baseline points="1362,2445 1408,2446 1455,2446 1501,2446 1548,2447 1594,2448 1641,2449 1687,2449 1734,2450 1780,2451 1827,2452 1873,2452 1920,2453 1966,2454 2013,2454 2059,2454 2106,2454 2152,2453 2199,2452 2245,2451 2292,2449"/>
                <TextEquiv>
                    <Unicode>müsse Schanzer recht geben, daß fünf Verhand¬</Unicode>
                </TextEquiv>
            </TextLine>
            <TextLine id="r1l47" custom="readingOrder {index:46;}">
                <Coords points="2307,2480 3243,2491 3267,2428 2307,2442"/>
                <Baseline points="2319,2475 2365,2475 2412,2476 2459,2476 2506,2477 2553,2477 2600,2477 2646,2478 2693,2478 2740,2478 2787,2477 2834,2477 2881,2477 2928,2477 2974,2477 3021,2476 3068,2476 3115,2475 3162,2474 3209,2474 3256,2473"/>
                <TextEquiv>
                    <Unicode>zwungen sind, aus innerpolitischen Gründen an</Unicode>
                </TextEquiv>
            </TextLine>
            <TextLine id="r1l48" custom="readingOrder {index:47;}">
                <Coords points="373,2491 1331,2493 1307,2457 373,2462"/>
                <Baseline points="386,2493 432,2493 479,2492 526,2492 572,2492 619,2492 666,2492 712,2492 759,2492 806,2492 853,2492 899,2493 946,2493 993,2493 1039,2493 1086,2494 1133,2494 1179,2494 1226,2494 1273,2495 1320,2495"/>
                <TextEquiv>
                    <Unicode>ler=Heft der „Neuen Rundschau“ und das Gedenk¬</Unicode>
                </TextEquiv>
            </TextLine>
            <TextLine id="r1l49" custom="readingOrder {index:48;}">
                <Coords points="1341,2504 2293,2512 2294,2452 2064,2474 1341,2453"/>
                <Baseline points="1352,2489 1398,2490 1445,2490 1491,2491 1538,2491 1584,2492 1631,2492 1677,2492 1724,2493 1770,2493 1817,2494 1863,2494 1910,2494 1956,2495 2003,2495 2049,2495 2096,2496 2142,2496 2189,2497 2235,2497 2282,2498"/>
                <TextEquiv>
                    <Unicode>lungswochen in Genua keine lange Zeit seien;</Unicode>
                </TextEquiv>
            </TextLine>
            <TextLine id="r1l50" custom="readingOrder {index:49;}">
                <Coords points="2302,2524 3152,2552 3271,2504 3271,2478 2302,2486"/>
                <Baseline points="2314,2520 2361,2519 2408,2518 2455,2517 2503,2517 2550,2517 2597,2517 2645,2517 2692,2518 2739,2518 2787,2519 2834,2519 2881,2520 2928,2520 2976,2520 3023,2520 3070,2519 3118,2518 3165,2517 3212,2515 3260,2513"/>
                <TextEquiv>
                    <Unicode>der Version eines erfolgreichen Abschlusses fest¬</Unicode>
                </TextEquiv>
            </TextLine>
            <TextLine id="r1l51" custom="readingOrder {index:50;}">
                <Coords points="1336,2544 2301,2549 2301,2501 1337,2498"/>
                <Baseline points="1348,2531 1395,2531 1442,2532 1489,2533 1536,2534 1583,2534 1630,2535 1677,2535 1724,2536 1771,2537 1819,2537 1866,2538 1913,2538 1960,2539 2007,2539 2054,2539 2101,2539 2148,2540 2195,2540 2242,2540 2290,2539"/>
                <TextEquiv>
                    <Unicode>aber es gebe Mächte, die Furcht hätten, noch in</Unicode>
                </TextEquiv>
            </TextLine>
            <TextLine id="r1l52" custom="readingOrder {index:51;}">
                <Coords points="373,2552 1336,2545 1290,2502 374,2494"/>
                <Baseline points="386,2537 432,2536 479,2536 526,2536 573,2536 620,2536 667,2536 714,2537 761,2538 808,2538 855,2539 901,2539 948,2540 995,2541 1042,2541 1089,2541 1136,2541 1183,2540 1230,2540 1277,2539 1324,2537"/>
                <TextEquiv>
                    <Unicode>werk des Verlags S. Fischer, von Schnitzlers Ju¬</Unicode>
                </TextEquiv>
            </TextLine>
            <TextLine id="r1l53" custom="readingOrder {index:52;}">
                <Coords points="2304,2580 2325,2589 2337,2582 2368,2586 2390,2569 2438,2581 2454,2571 2478,2583 2509,2578 2509,2533 2406,2521 2303,2529"/>
                <Baseline points="2315,2565 2341,2562 2367,2560 2393,2559 2419,2559 2445,2560 2471,2561 2497,2563"/>
                <TextEquiv>
                    <Unicode>zuhalten.</Unicode>
                </TextEquiv>
            </TextLine>
            <TextLine id="r1l54" custom="readingOrder {index:53;}">
                <Coords points="368,2584 717,2585 760,2612 1330,2597 1311,2544 368,2536"/>
                <Baseline points="379,2582 426,2581 473,2580 520,2580 567,2580 614,2580 661,2580 708,2581 755,2581 802,2582 849,2582 896,2583 943,2584 990,2584 1037,2584 1084,2584 1131,2584 1178,2583 1225,2582 1272,2581 1319,2579"/>
                <TextEquiv>
                    <Unicode>gendfreund Richard Specht verfaßt, hat mich leider</Unicode>
                </TextEquiv>
            </TextLine>
            <TextLine id="r1l55" custom="readingOrder {index:54;}">
                <Coords points="1348,2582 2298,2599 2299,2547 1348,2544"/>
                <Baseline points="1360,2578 1406,2577 1452,2577 1498,2578 1545,2578 1591,2578 1637,2579 1684,2580 1730,2581 1776,2581 1823,2582 1869,2583 1915,2583 1961,2584 2008,2584 2054,2584 2100,2584 2147,2584 2193,2583 2239,2582 2286,2581"/>
                <TextEquiv>
                    <Unicode>Genua zu bleiben, ohne daß sichtbare Fort¬</Unicode>
                </TextEquiv>
            </TextLine>
            <TextLine id="r1l56" custom="readingOrder {index:55;}">
                <Coords points="2487,2621 2521,2640 2590,2618 2619,2640 2727,2647 2844,2626 2949,2650 3079,2630 3079,2580 2971,2587 2897,2561 2803,2590 2744,2568 2665,2585 2487,2575"/>
                <Baseline points="2499,2623 2527,2623 2555,2623 2584,2624 2612,2624 2641,2624 2669,2624 2697,2624 2726,2625 2754,2625 2783,2625 2811,2625 2839,2625 2868,2625 2896,2624 2925,2624 2953,2624 2981,2624 3010,2623 3038,2623 3067,2622"/>
                <TextEquiv>
                    <Unicode>Der Vatikan und Rußland.</Unicode>
                </TextEquiv>
            </TextLine>
            <TextLine id="r1l57" custom="readingOrder {index:56;}">
                <Coords points="1343,2632 2306,2619 2306,2592 2232,2587 1344,2584"/>
                <Baseline points="1355,2621 1404,2621 1453,2622 1503,2622 1552,2622 1602,2623 1651,2623 1700,2624 1750,2624 1799,2625 1849,2625 1898,2626 1948,2626 1997,2626 2046,2626 2096,2627 2145,2626 2195,2626 2244,2626 2294,2625"/>
                <TextEquiv>
                    <Unicode>schritte gemacht würden. Er sei überzeugt da¬</Unicode>
                </TextEquiv>
            </TextLine>
            <TextLine id="r1l58" custom="readingOrder {index:57;}">
                <Coords points="370,2644 397,2656 488,2657 497,2647 509,2657 557,2633 641,2645 655,2631 691,2641 758,2624 758,2591 730,2588 392,2594 371,2584"/>
                <Baseline points="383,2622 408,2623 434,2623 460,2624 486,2624 512,2624 538,2625 564,2625 589,2625 615,2625 641,2625 667,2625 693,2624 719,2624 745,2623"/>
                <TextEquiv>
                    <Unicode>noch nicht erreicht.</Unicode>
                </TextEquiv>
            </TextLine>
            <TextLine id="r1l59" custom="readingOrder {index:58;}">
                <Coords points="1346,2668 2306,2678 2280,2630 1346,2629"/>
                <Baseline points="1359,2664 1405,2665 1452,2666 1499,2666 1546,2667 1593,2667 1639,2668 1686,2669 1733,2669 1780,2670 1827,2670 1873,2671 1920,2671 1967,2671 2014,2671 2061,2671 2107,2671 2154,2671 2201,2670 2248,2669 2295,2668"/>
                <TextEquiv>
                    <Unicode>von, daß die Mächte ihre Arbeit fortsetzen</Unicode>
                </TextEquiv>
            </TextLine>
            <TextLine id="r1l60" custom="readingOrder {index:59;}">
                <Coords points="2371,2690 3245,2704 3283,2690 3284,2627 2889,2652 2841,2628 2800,2659 2372,2633"/>
                <Baseline points="2383,2682 2427,2682 2471,2683 2516,2683 2560,2683 2605,2684 2649,2684 2693,2684 2738,2685 2782,2685 2827,2685 2871,2685 2915,2685 2960,2686 3004,2686 3049,2686 3093,2686 3137,2686 3182,2686 3226,2686 3271,2686"/>
                <TextEquiv>
                    <Unicode>Genua, 13. Mai. pt Als Antwort auf das</Unicode>
                </TextEquiv>
            </TextLine>
            <TextLine id="r1l61" custom="readingOrder {index:60;}">
                <Coords points="1346,2708 2265,2724 2292,2686 1346,2670"/>
                <Baseline points="1358,2703 1404,2704 1450,2705 1496,2706 1542,2707 1588,2708 1634,2709 1680,2710 1726,2711 1772,2711 1818,2712 1864,2713 1910,2713 1956,2713 2002,2713 2048,2713 2094,2713 2140,2713 2186,2712 2232,2711 2279,2710"/>
                <TextEquiv>
                    <Unicode>müssen, denn niemand wolle dafür verantwort¬</Unicode>
                </TextEquiv>
            </TextLine>
            <TextLine id="r1l62" custom="readingOrder {index:61;}">
                <Coords points="2315,2736 3196,2743 3275,2719 3275,2693 3162,2683 2519,2700 2315,2674"/>
                <Baseline points="2326,2727 2372,2728 2419,2728 2466,2728 2513,2728 2560,2729 2607,2729 2654,2730 2701,2730 2748,2730 2795,2730 2841,2731 2888,2731 2935,2730 2982,2730 3029,2730 3076,2729 3123,2729 3170,2728 3217,2726 3264,2725"/>
                <TextEquiv>
                    <Unicode>Memorial des Papstes teilte die russische Dele¬</Unicode>
                </TextEquiv>
            </TextLine>
            <TextLine id="r1l63" custom="readingOrder {index:62;}">
                <Coords points="430,2740 1313,2759 1333,2702 1258,2678 1108,2713 787,2683 430,2711"/>
                <Baseline points="443,2741 486,2741 530,2741 574,2742 618,2742 662,2743 706,2743 749,2743 793,2744 837,2744 881,2744 925,2744 969,2745 1013,2745 1056,2745 1100,2744 1144,2744 1188,2744 1232,2743 1276,2743 1320,2742"/>
                <TextEquiv>
                    <Unicode>k. „Die Neue Rundschau“, mit der sich</Unicode>
                </TextEquiv>
            </TextLine>
            <TextLine id="r1l64" custom="readingOrder {index:63;}">
                <Coords points="1339,2756 2105,2760 2143,2785 2304,2762 2304,2721 2232,2716 1340,2710"/>
                <Baseline points="1352,2749 1401,2749 1450,2749 1500,2749 1549,2749 1599,2750 1648,2750 1697,2751 1747,2752 1796,2753 1846,2753 1895,2754 1945,2755 1994,2755 2043,2756 2093,2756 2142,2756 2192,2755 2241,2755 2291,2754"/>
                <TextEquiv>
                    <Unicode>lich sein, etwas abzubrechen, was so gut be¬</Unicode>
                </TextEquiv>
            </TextLine>
            <TextLine id="r1l65" custom="readingOrder {index:64;}">
                <Coords points="2310,2781 3268,2774 3239,2731 3131,2726 2310,2736"/>
                <Baseline points="2323,2771 2369,2771 2416,2772 2462,2772 2509,2772 2556,2773 2602,2773 2649,2773 2696,2773 2742,2774 2789,2774 2836,2774 2882,2774 2929,2773 2976,2773 3022,2773 3069,2773 3116,2772 3162,2771 3209,2771 3256,2770"/>
                <TextEquiv>
                    <Unicode>gation der Agentur „Stefani“ die einschlägigen</Unicode>
                </TextEquiv>
            </TextLine>
            <TextLine id="r1l66" custom="readingOrder {index:65;}">
                <Coords points="380,2801 1311,2796 1330,2753 380,2754"/>
                <Baseline points="392,2786 438,2786 484,2786 530,2786 577,2787 623,2787 669,2787 716,2788 762,2788 808,2788 855,2789 901,2789 947,2789 993,2789 1040,2789 1086,2789 1132,2788 1179,2788 1225,2787 1271,2787 1318,2786"/>
                <TextEquiv>
                    <Unicode>Schnitzler immer verbunden fühlte, ehrt den Mei¬</Unicode>
                </TextEquiv>
            </TextLine>
            <TextLine id="r1l67" custom="readingOrder {index:66;}">
                <Coords points="1348,2815 1377,2822 1405,2801 1415,2808 1427,2798 1456,2798 1463,2806 1501,2794 1523,2808 1621,2806 1642,2801 1643,2761 1585,2763 1547,2746 1528,2758 1348,2755"/>
                <Baseline points="1361,2792 1388,2791 1415,2791 1442,2791 1469,2791 1496,2791 1523,2792 1550,2792 1577,2792 1604,2792 1631,2791"/>
                <TextEquiv>
                    <Unicode>gonnen habe.</Unicode>
                </TextEquiv>
            </TextLine>
            <TextLine id="r1l68" custom="readingOrder {index:67;}">
                <Coords points="2310,2810 3280,2824 3280,2771 2310,2782"/>
                <Baseline points="2322,2816 2369,2815 2416,2814 2463,2814 2511,2814 2558,2813 2605,2813 2653,2814 2700,2814 2747,2814 2795,2814 2842,2815 2889,2815 2936,2815 2984,2815 3031,2815 3078,2815 3126,2814 3173,2813 3220,2812 3268,2811"/>
                <TextEquiv>
                    <Unicode>Gesetzesvorlagen der Sovietregierung über die</Unicode>
                </TextEquiv>
            </TextLine>
            <TextLine id="r1l69" custom="readingOrder {index:68;}">
                <Coords points="376,2848 1300,2845 1341,2835 1341,2795 376,2807"/>
                <Baseline points="389,2832 436,2833 483,2833 530,2833 577,2833 624,2833 671,2833 718,2833 765,2833 812,2833 859,2833 906,2833 953,2833 1000,2833 1047,2833 1094,2832 1141,2832 1188,2831 1235,2831 1282,2830 1330,2829"/>
                <TextEquiv>
                    <Unicode>ster durch verehrende Schreiben verschiedener Dich¬</Unicode>
                </TextEquiv>
            </TextLine>
            <TextLine id="r1l70" custom="readingOrder {index:69;}">
                <Coords points="1404,2836 2268,2857 2299,2848 2300,2790 1962,2788 1897,2814 1823,2784 1404,2798"/>
                <Baseline points="1417,2835 1460,2836 1504,2836 1547,2838 1591,2839 1634,2839 1678,2840 1721,2841 1765,2841 1808,2842 1852,2842 1896,2843 1939,2843 1983,2843 2026,2843 2070,2843 2113,2843 2157,2843 2200,2842 2244,2842 2288,2841"/>
                <TextEquiv>
                    <Unicode>Schanzer war sehr zufrieden mit dem</Unicode>
                </TextEquiv>
            </TextLine>
            <TextLine id="r1l71" custom="readingOrder {index:70;}">
                <Coords points="2304,2862 3262,2870 3262,2823 3180,2811 2594,2833 2304,2805"/>
                <Baseline points="2317,2856 2363,2856 2410,2857 2456,2857 2503,2857 2550,2857 2596,2857 2643,2857 2689,2856 2736,2856 2783,2856 2829,2856 2876,2856 2922,2856 2969,2855 3016,2855 3062,2855 3109,2856 3155,2856 3202,2856 3249,2857"/>
                <TextEquiv>
                    <Unicode>Trennung von Kirche und Staat mit.</Unicode>
                </TextEquiv>
            </TextLine>
            <TextLine id="r1l72" custom="readingOrder {index:71;}">
                <Coords points="367,2874 1325,2888 1325,2837 367,2834"/>
                <Baseline points="380,2874 426,2875 473,2876 520,2877 566,2877 613,2878 660,2878 706,2878 753,2879 800,2879 847,2879 893,2878 940,2878 987,2878 1033,2878 1080,2877 1127,2876 1173,2876 1220,2875 1267,2874 1314,2874"/>
                <TextEquiv>
                    <Unicode>ter; Hermann Bahr grüßt ihn als den Dramatiker,</Unicode>
                </TextEquiv>
            </TextLine>
            <TextLine id="r1l73" custom="readingOrder {index:72;}">
                <Coords points="1350,2885 2296,2894 2296,2850 1351,2830"/>
                <Baseline points="1361,2878 1407,2879 1453,2880 1499,2881 1545,2883 1591,2884 1637,2885 1684,2886 1730,2887 1776,2887 1822,2888 1868,2888 1914,2889 1960,2889 2007,2889 2053,2889 2099,2888 2145,2888 2191,2887 2237,2886 2284,2884"/>
                <TextEquiv>
                    <Unicode>Erfolge der Unterredung zwischen Lloyd George</Unicode>
                </TextEquiv>
            </TextLine>
            <TextLine id="r1l74" custom="readingOrder {index:73;}">
                <Coords points="2309,2899 3262,2900 3262,2864 3154,2855 2309,2861"/>
                <Baseline points="2320,2898 2366,2898 2413,2897 2459,2897 2506,2897 2552,2897 2599,2897 2645,2897 2692,2898 2738,2898 2785,2898 2831,2898 2878,2898 2924,2899 2971,2899 3017,2899 3064,2899 3110,2898 3157,2898 3203,2897 3250,2897"/>
                <TextEquiv>
                    <Unicode>Dieses Dekret sichere vollkommen die Gewissens¬</Unicode>
                </TextEquiv>
            </TextLine>
            <TextLine id="r1l75" custom="readingOrder {index:74;}">
                <Coords points="373,2931 1331,2923 1331,2887 1276,2880 373,2871"/>
                <Baseline points="385,2919 431,2919 478,2920 524,2921 571,2921 618,2921 664,2921 711,2921 758,2921 804,2920 851,2920 898,2919 944,2919 991,2919 1038,2918 1084,2918 1131,2918 1178,2918 1224,2918 1271,2918 1318,2919"/>
                <TextEquiv>
                    <Unicode>der den letzten Reiz des verschimmernden Wien</Unicode>
                </TextEquiv>
            </TextLine>
            <TextLine id="r1l76" custom="readingOrder {index:75;}">
                <Coords points="1343,2932 2047,2924 2178,2951 2300,2940 2301,2888 1642,2907 1343,2884"/>
                <Baseline points="1354,2923 1400,2924 1447,2925 1494,2926 1540,2927 1587,2928 1634,2929 1680,2930 1727,2931 1774,2931 1821,2932 1867,2932 1914,2932 1961,2932 2007,2932 2054,2932 2101,2931 2147,2931 2194,2930 2241,2929 2288,2927"/>
                <TextEquiv>
                    <Unicode>und Barthou. Italien habe schon einen Han¬</Unicode>
                </TextEquiv>
            </TextLine>
            <TextLine id="r1l77" custom="readingOrder {index:76;}">
                <Coords points="2304,2944 3262,2941 3262,2914 3204,2902 2304,2901"/>
                <Baseline points="2316,2940 2362,2939 2409,2939 2456,2939 2502,2939 2549,2939 2596,2939 2642,2940 2689,2940 2736,2940 2783,2940 2829,2941 2876,2941 2923,2941 2969,2941 3016,2941 3063,2940 3109,2940 3156,2940 3203,2939 3250,2938"/>
                <TextEquiv>
                    <Unicode>freiheit und die freie Ausübung des Kultus so¬</Unicode>
                </TextEquiv>
            </TextLine>
            <TextLine id="r1l78" custom="readingOrder {index:77;}">
                <Coords points="375,2962 1326,2967 1325,2926 1218,2919 375,2931"/>
                <Baseline points="388,2964 434,2963 480,2963 526,2963 573,2963 619,2962 665,2962 711,2962 758,2962 804,2962 850,2962 896,2962 943,2962 989,2962 1035,2962 1081,2961 1128,2961 1174,2961 1220,2961 1266,2960 1313,2960"/>
                <TextEquiv>
                    <Unicode>mit zarter Hand gefaßt, der Dichter der Agonie</Unicode>
                </TextEquiv>
            </TextLine>
            <TextLine id="r1l79" custom="readingOrder {index:78;}">
                <Coords points="1344,2972 2300,2983 2300,2930 1345,2932"/>
                <Baseline points="1356,2966 1402,2967 1449,2967 1495,2969 1542,2970 1589,2971 1635,2972 1682,2973 1728,2974 1775,2975 1822,2975 1868,2976 1915,2976 1961,2977 2008,2977 2055,2976 2101,2976 2148,2975 2194,2974 2241,2972 2288,2970"/>
                <TextEquiv>
                    <Unicode>delsvertrag mit Rußland, der zwar noch nicht</Unicode>
                </TextEquiv>
            </TextLine>
            <TextLine id="r1l80" custom="readingOrder {index:79;}">
                <Coords points="2302,2980 3269,3000 3269,2928 2302,2947"/>
                <Baseline points="2314,2979 2361,2980 2408,2981 2455,2982 2502,2982 2549,2982 2596,2983 2644,2983 2691,2983 2738,2983 2785,2983 2832,2982 2879,2982 2926,2982 2974,2982 3021,2982 3068,2982 3115,2982 3162,2982 3209,2982 3257,2982"/>
                <TextEquiv>
                    <Unicode>wie die Benötzung der bestehenden Kirchen und</Unicode>
                </TextEquiv>
            </TextLine>
            <TextLine id="r1l81" custom="readingOrder {index:80;}">
                <Coords points="371,3011 1336,3015 1335,2972 1180,2960 371,2966"/>
                <Baseline points="382,3008 429,3007 476,3006 523,3005 570,3005 617,3005 664,3004 711,3004 758,3004 805,3004 852,3004 899,3005 946,3005 993,3005 1040,3005 1087,3005 1134,3005 1181,3005 1228,3006 1275,3005 1323,3005"/>
                <TextEquiv>
                    <Unicode>der Kaiserstadt. Gerhart Hauptmann rühmt an</Unicode>
                </TextEquiv>
            </TextLine>
            <TextLine id="r1l82" custom="readingOrder {index:81;}">
                <Coords points="1348,3019 2013,3032 2150,3006 2274,3031 2294,2981 1348,2973"/>
                <Baseline points="1361,3010 1407,3010 1453,3011 1499,3012 1545,3013 1591,3013 1637,3014 1683,3015 1729,3016 1775,3017 1821,3017 1867,3018 1913,3018 1959,3018 2005,3018 2051,3018 2097,3017 2143,3016 2189,3015 2235,3013 2282,3011"/>
                <TextEquiv>
                    <Unicode>unterzeichnet sei, aber hoffentlich bald unter¬</Unicode>
                </TextEquiv>
            </TextLine>
            <TextLine id="r1l83" custom="readingOrder {index:82;}">
                <Coords points="2312,3026 3260,3029 3260,2990 3165,2985 2313,2988"/>
                <Baseline points="2325,3022 2371,3023 2417,3023 2463,3024 2509,3025 2556,3025 2602,3025 2648,3025 2694,3026 2740,3026 2787,3026 2833,3026 2879,3026 2925,3026 2971,3025 3018,3025 3064,3025 3110,3025 3156,3025 3202,3026 3249,3026"/>
                <TextEquiv>
                    <Unicode>Gegenständen zu. In dem Antwortschreiben</Unicode>
                </TextEquiv>
            </TextLine>
            <TextLine id="r1l84" custom="readingOrder {index:83;}">
                <Coords points="366,3055 1338,3050 1337,3016 1115,3003 366,3007"/>
                <Baseline points="378,3049 425,3050 472,3051 520,3051 567,3051 615,3051 662,3051 709,3051 757,3050 804,3050 852,3049 899,3049 946,3048 994,3047 1041,3047 1089,3047 1136,3047 1183,3047 1231,3047 1278,3047 1326,3048"/>
                <TextEquiv>
                    <Unicode>dem Oesterreicher, was ihm nicht gegeben ist:</Unicode>
                </TextEquiv>
            </TextLine>
            <TextLine id="r1l85" custom="readingOrder {index:84;}">
                <Coords points="1350,3063 2293,3068 2293,3023 2152,3007 1350,3017"/>
                <Baseline points="1362,3054 1407,3054 1453,3054 1499,3054 1545,3054 1591,3054 1637,3055 1683,3055 1729,3056 1775,3057 1821,3057 1866,3058 1912,3058 1958,3059 2004,3059 2050,3059 2096,3060 2142,3060 2188,3059 2234,3059 2280,3059"/>
                <TextEquiv>
                    <Unicode>zeichnet werde. Er halte es für sehr wichtig,</Unicode>
                </TextEquiv>
            </TextLine>
            <TextLine id="r1l86" custom="readingOrder {index:85;}">
                <Coords points="2313,3071 3278,3082 3278,3027 2313,3028"/>
                <Baseline points="2326,3069 2373,3068 2420,3068 2467,3068 2514,3068 2561,3069 2608,3069 2655,3069 2702,3069 2749,3069 2796,3069 2843,3069 2890,3069 2937,3069 2984,3069 3031,3069 3078,3069 3125,3068 3172,3067 3219,3066 3266,3066"/>
                <TextEquiv>
                    <Unicode>heißt es: „Ohne zu prüfen, in welchem Maße</Unicode>
                </TextEquiv>
            </TextLine>
            <TextLine id="r1l87" custom="readingOrder {index:86;}">
                <Coords points="376,3099 1314,3106 1338,3053 375,3063"/>
                <Baseline points="387,3096 433,3096 480,3095 527,3095 574,3095 621,3094 668,3094 715,3094 762,3094 809,3094 856,3093 902,3093 949,3093 996,3093 1043,3093 1090,3093 1137,3093 1184,3093 1231,3093 1278,3093 1325,3094"/>
                <TextEquiv>
                    <Unicode>Grazie. Alfred Kerr verweist in fünf Zeilen auf</Unicode>
                </TextEquiv>
            </TextLine>
            <TextLine id="r1l88" custom="readingOrder {index:87;}">
                <Coords points="1339,3098 2297,3114 2297,3064 1340,3062"/>
                <Baseline points="1351,3098 1397,3098 1444,3098 1490,3099 1537,3099 1584,3099 1630,3100 1677,3100 1724,3101 1770,3101 1817,3102 1864,3102 1910,3102 1957,3102 2004,3102 2050,3102 2097,3102 2144,3102 2190,3101 2237,3101 2284,3100"/>
                <TextEquiv>
                    <Unicode>das Datum und den Ort für die Zusammen¬</Unicode>
                </TextEquiv>
            </TextLine>
            <TextLine id="r1l89" custom="readingOrder {index:88;}">
                <Coords points="2313,3122 3273,3111 3273,3079 3120,3063 2313,3071"/>
                <Baseline points="2326,3110 2372,3111 2419,3111 2466,3111 2512,3111 2559,3111 2606,3111 2652,3111 2699,3111 2746,3111 2793,3111 2839,3111 2886,3110 2933,3110 2979,3110 3026,3110 3073,3109 3119,3108 3166,3108 3213,3107 3260,3106"/>
                <TextEquiv>
                    <Unicode>sich Rußland eine Innenpolitik in religiöser Be¬</Unicode>
                </TextEquiv>
            </TextLine>
            <TextLine id="r1l90" custom="readingOrder {index:89;}">
                <Coords points="373,3137 1326,3146 1304,3101 373,3096"/>
                <Baseline points="384,3140 430,3140 477,3139 523,3139 570,3139 616,3139 663,3138 709,3138 756,3138 802,3138 849,3138 895,3137 942,3137 988,3137 1035,3137 1081,3137 1128,3137 1174,3137 1221,3137 1267,3138 1314,3138"/>
                <TextEquiv>
                    <Unicode>seine kritischen Werke, Band und Seitenzahl genau</Unicode>
                </TextEquiv>
            </TextLine>
            <TextLine id="r1l91" custom="readingOrder {index:90;}">
                <Coords points="1342,3148 2211,3159 2302,3142 2303,3114 1343,3100"/>
                <Baseline points="1354,3142 1400,3141 1447,3141 1494,3141 1541,3141 1588,3141 1634,3141 1681,3142 1728,3142 1775,3143 1822,3143 1868,3144 1915,3144 1962,3145 2009,3145 2056,3146 2102,3146 2149,3146 2196,3146 2243,3146 2290,3145"/>
                <TextEquiv>
                    <Unicode>kunft der Expertenkommission festzusetzen. Man</Unicode>
                </TextEquiv>
            </TextLine>
            <TextLine id="r1l92" custom="readingOrder {index:91;}">
                <Coords points="2305,3161 3236,3163 3269,3153 3269,3110 2304,3118"/>
                <Baseline points="2317,3154 2364,3155 2411,3155 2458,3155 2505,3155 2552,3155 2599,3155 2646,3155 2693,3155 2740,3155 2787,3155 2834,3155 2881,3155 2928,3155 2975,3155 3022,3155 3069,3155 3116,3155 3163,3154 3210,3154 3258,3154"/>
                <TextEquiv>
                    <Unicode>ziehung aufzwingen lassen kann, muß darauf</Unicode>
                </TextEquiv>
            </TextLine>
            <TextLine id="r1l93" custom="readingOrder {index:92;}">
                <Coords points="365,3191 1330,3187 1330,3149 1207,3135 365,3148"/>
                <Baseline points="377,3183 424,3183 471,3183 518,3182 565,3182 612,3182 659,3182 706,3182 753,3181 800,3181 847,3181 894,3181 941,3180 988,3180 1035,3180 1082,3179 1129,3179 1176,3178 1223,3178 1270,3177 1317,3177"/>
                <TextEquiv>
                    <Unicode>vermerkend — wie ein Professor. Thomas Mann</Unicode>
                </TextEquiv>
            </TextLine>
            <TextLine id="r1l94" custom="readingOrder {index:93;}">
                <Coords points="1350,3191 2102,3183 2221,3207 2303,3189 2303,3143 1350,3148"/>
                <Baseline points="1361,3182 1407,3183 1454,3184 1500,3185 1547,3185 1593,3186 1640,3187 1686,3187 1733,3188 1779,3188 1826,3188 1873,3189 1919,3189 1966,3189 2012,3189 2059,3189 2105,3189 2152,3188 2198,3188 2245,3187 2292,3186"/>
                <TextEquiv>
                    <Unicode>müsse das sofort tun. Man müsse die Kommis¬</Unicode>
                </TextEquiv>
            </TextLine>
            <TextLine id="r1l95" custom="readingOrder {index:94;}">
                <Coords points="2313,3198 3223,3207 3266,3200 3266,3155 2313,3159"/>
                <Baseline points="2325,3193 2371,3193 2417,3194 2464,3194 2510,3195 2557,3195 2603,3196 2650,3197 2696,3197 2743,3198 2789,3198 2835,3199 2882,3199 2928,3199 2975,3199 3021,3199 3068,3199 3114,3198 3161,3197 3207,3196 3254,3195"/>
                <TextEquiv>
                    <Unicode>hingewiesen werden, daß das Memorial des</Unicode>
                </TextEquiv>
            </TextLine>
            <TextLine id="r1l96" custom="readingOrder {index:95;}">
                <Coords points="375,3232 1335,3237 1335,3184 375,3184"/>
                <Baseline points="387,3224 433,3224 480,3224 527,3225 574,3225 621,3225 668,3225 714,3225 761,3225 808,3225 855,3224 902,3224 949,3224 996,3223 1042,3223 1089,3222 1136,3222 1183,3221 1230,3221 1277,3220 1324,3220"/>
                <TextEquiv>
                    <Unicode>prägt das hübsche Wort, Schnitzler habe „erotischen</Unicode>
                </TextEquiv>
            </TextLine>
            <TextLine id="r1l97" custom="readingOrder {index:96;}">
                <Coords points="2307,3245 3272,3240 3272,3206 3157,3191 2307,3197"/>
                <Baseline points="2318,3235 2365,3235 2412,3235 2459,3235 2506,3236 2553,3236 2600,3236 2647,3237 2694,3237 2741,3238 2789,3238 2836,3238 2883,3239 2930,3239 2977,3239 3024,3239 3071,3239 3118,3238 3165,3238 3212,3237 3260,3236"/>
                <TextEquiv>
                    <Unicode>Papstes eine ungenügende Kenntnis der bolsche¬</Unicode>
                </TextEquiv>
            </TextLine>
            <TextLine id="r1l98" custom="readingOrder {index:97;}">
                <Coords points="375,3276 1325,3282 1325,3236 1287,3229 375,3231"/>
                <Baseline points="386,3265 432,3267 478,3267 525,3268 571,3268 618,3268 664,3268 710,3268 757,3268 803,3268 850,3267 896,3267 942,3267 989,3266 1035,3266 1082,3266 1128,3266 1174,3266 1221,3266 1267,3266 1314,3267"/>
                <TextEquiv>
                    <Unicode>Ernft“; auf den ersten Blick verblüfft das Wort,</Unicode>
                </TextEquiv>
            </TextLine>
            <TextLine id="r1l99" custom="readingOrder {index:98;}">
                <Coords points="1344,3279 2302,3286 2302,3240 2204,3228 1344,3234"/>
                <Baseline points="1357,3273 1403,3273 1450,3274 1496,3274 1543,3274 1590,3275 1636,3275 1683,3275 1730,3275 1776,3275 1823,3275 1870,3275 1916,3275 1963,3275 2010,3275 2056,3275 2103,3275 2150,3275 2196,3275 2243,3275 2290,3276"/>
                <TextEquiv>
                    <Unicode>glaubt auch, daß es nötig sei, für die Arbeiten</Unicode>
                </TextEquiv>
            </TextLine>
            <TextLine id="r1l100" custom="readingOrder {index:99;}">
                <Coords points="2301,3286 3261,3293 3246,3241 2301,3248"/>
                <Baseline points="2314,3281 2360,3280 2407,3280 2454,3280 2500,3280 2547,3279 2594,3279 2640,3279 2687,3279 2734,3279 2781,3279 2827,3279 2874,3279 2921,3279 2967,3279 3014,3279 3061,3279 3107,3278 3154,3278 3201,3278 3248,3277"/>
                <TextEquiv>
                    <Unicode>wistischen Gesetzgebung verrät. Die erwähnten</Unicode>
                </TextEquiv>
            </TextLine>
            <TextLine id="r1l101" custom="readingOrder {index:100;}">
                <Coords points="373,3316 1335,3320 1335,3274 1297,3272 373,3273"/>
                <Baseline points="386,3310 432,3310 479,3309 526,3309 573,3308 620,3308 667,3309 714,3309 761,3309 808,3309 855,3310 901,3310 948,3310 995,3310 1042,3311 1089,3311 1136,3311 1183,3310 1230,3310 1277,3309 1324,3309"/>
                <TextEquiv>
                    <Unicode>nachher stimmt es nachdenklich. Eine Gesamtwürdi¬</Unicode>
                </TextEquiv>
            </TextLine>
            <TextLine id="r1l102" custom="readingOrder {index:101;}">
                <Coords points="1339,3315 2306,3328 2306,3285 2110,3272 1339,3277"/>
                <Baseline points="1351,3315 1398,3315 1445,3315 1492,3316 1539,3316 1586,3316 1633,3316 1681,3316 1728,3317 1775,3317 1822,3317 1869,3317 1916,3317 1963,3317 2011,3317 2058,3317 2105,3318 2152,3318 2199,3318 2246,3318 2294,3318"/>
                <TextEquiv>
                    <Unicode>der Kommission einen Zeitraum festzusetzen,</Unicode>
                </TextEquiv>
            </TextLine>
            <TextLine id="r1l103" custom="readingOrder {index:102;}">
                <Coords points="2309,3329 3269,3319 3182,3283 2309,3286"/>
                <Baseline points="2320,3322 2366,3322 2413,3322 2460,3323 2507,3323 2554,3323 2600,3323 2647,3323 2694,3323 2741,3323 2788,3323 2834,3323 2881,3323 2928,3323 2975,3322 3022,3322 3068,3322 3115,3321 3162,3320 3209,3320 3256,3319"/>
                <TextEquiv>
                    <Unicode>Fragen sind in der Tat bereits in voller Klar¬</Unicode>
                </TextEquiv>
            </TextLine>
            <TextLine id="r1l104" custom="readingOrder {index:103;}">
                <Coords points="373,3359 1132,3359 1216,3383 1335,3357 1335,3319 1307,3316 373,3318"/>
                <Baseline points="384,3356 433,3356 482,3355 532,3355 581,3354 631,3354 680,3354 729,3353 779,3353 828,3353 878,3353 927,3353 977,3353 1026,3353 1075,3354 1125,3354 1174,3355 1224,3356 1273,3357 1323,3358"/>
                <TextEquiv>
                    <Unicode>gung gibt Richard Specht, von dem ein Buch über</Unicode>
                </TextEquiv>
            </TextLine>
            <TextLine id="r1l105" custom="readingOrder {index:104;}">
                <Coords points="1338,3373 3220,3393 3266,3334 1339,3313"/>
                <Baseline points="1351,3363 1446,3362 1541,3361 1636,3361 1731,3361 1826,3361 1921,3361 2016,3362 2111,3362 2206,3363 2302,3364 2397,3364 2492,3365 2587,3366 2682,3366 2777,3367 2872,3367 2967,3367 3062,3366 3157,3365 3253,3364"/>
                <TextEquiv>
                    <Unicode>zweil man nicht von den Mächten verlangen heit entschieden im Dekret vom 23. Januar 1918</Unicode>
                </TextEquiv>
            </TextLine>
            <TextLine id="r1l106" custom="readingOrder {index:105;}">
                <Coords points="374,3427 462,3436 539,3409 682,3434 795,3409 845,3432 893,3410 1022,3431 1089,3394 1089,3363 373,3358"/>
                <Baseline points="386,3404 420,3404 455,3404 489,3404 524,3403 558,3403 593,3403 627,3402 662,3402 696,3401 731,3401 766,3401 800,3400 835,3400 869,3400 904,3399 938,3399 973,3399 1007,3399 1042,3399 1077,3399"/>
                <TextEquiv>
                    <Unicode>Schnitzler demnächst zu erwarten ist.</Unicode>
                </TextEquiv>
            </TextLine>
            <TextLine id="r1l107" custom="readingOrder {index:106;}">
                <Coords points="1323,3434 3166,3419 3140,3366 1323,3362"/>
                <Baseline points="1334,3406 1425,3406 1516,3405 1607,3405 1698,3405 1789,3405 1880,3406 1971,3406 2062,3406 2153,3406 2244,3406 2335,3406 2426,3407 2517,3407 2608,3407 2699,3407 2790,3407 2881,3407 2972,3407 3063,3406 3154,3406"/>
                <TextEquiv>
                    <Unicode>lkönne, daß sie auf so lange Zeit auf das Recht über die Trennung von Kirche und Staat.“</Unicode>
                </TextEquiv>
            </TextLine>
            <TextEquiv>
                <Unicode>6oth Birthdag box 39/3
— Aeutieien WacP.r
ein Mensch und schon darum auch Kämpfer, vor
dem wir uns, am Beginn seines siebten Jahr¬
zehnts, heute dankbar neigen.
Ein besonderer Dank gilt noch dem aufrechten
Mann, dem unermüdlich Teilnehmenden. Schnitz¬
ler ist — Kenner seines Werkes müssen es wissen —
durch und durch Musiker, und so wenig er im
Schauspiel fehlt, wenn sich Jüngere regen, so wenig
versagt er seine Gegenwart den Taten und Ver¬
suchen auch der jüngsten und umstrittensten Musik.
tige in der Untertommission vertreiene Mächts es Lloyd George, der sich in der unangelich.seß
Sein Urteil ist ehrlich und gerade; seine Worte sind
fei, die schon einen Friedensvertrag mit Ruß= Nottoendigkeit befindet, seine Zugeständnisse so
Gut, das man behält.
land geschlossen habe. Dennoch hätte Polen sich, sorgfältig als möglich zu umkleiden. Mit ge¬
Entsprechend der großen Verbreitung seiner
an den Beratungen über das russische Problem
wohnter Geschicklichkeit erledigte er die Auf¬
Werke in allen Ländern und Sprachen ist über
beteiligt, um an der allgemeinen Arbeit mit¬
gabe, den ersten Schritt zu einer Verständigung
Schnitzter viel geschrieben worden. Zum Gedenktag
zuhelfen. Die Grenze zwischen Rußland und
zu tun, indem er, als wenn das eigentlich ganz
empfehle ich ein ausgezeichnetes Buch des Prager
Polen sei durch den Vertrag von Riga fest¬
nebensächlich wäre, auf die Bestellung der Rus¬
Germanisten Josef Körner: „Arthur Schnitz¬
gelegt, aber Polen sei am Friedenspakt dennoch
senkommission durch die Konferenz verzichtete.
lers Gestalten und Probleme“ (im Amal¬
lebhaft interessiert. Jaspar (Belgien) wünscht,
Nun geht zwar die Kommission aus der Kon¬
thea=Verlag), in dem ich vieles, was ich mir über
daß man sich in Genua bald einige. Er hoffe,
ferenz in Genua hervor. Aber sie ist nicht jene
das Work des Dichters zurechtgelegt hatte, in treff¬
daß niemand in Belgien ein Hindernis sehe,
selbstverständliche Fortsetzung der Konferenz,
licher, nirgends störender Systematik vereinigt
das die Lösung der Frage hintanhalte. Er
als die sie jene hinzustellen belieben. die ge¬
fand. Was sonst angekündigt wurde, so das Schnitz¬
müsse Schanzer recht geben, daß fünf Verhand¬
zwungen sind, aus innerpolitischen Gründen an
ler=Heft der „Neuen Rundschau“ und das Gedenk¬
lungswochen in Genua keine lange Zeit seien;
der Version eines erfolgreichen Abschlusses fest¬
aber es gebe Mächte, die Furcht hätten, noch in
werk des Verlags S. Fischer, von Schnitzlers Ju¬
zuhalten.
gendfreund Richard Specht verfaßt, hat mich leider
Genua zu bleiben, ohne daß sichtbare Fort¬
Der Vatikan und Rußland.
schritte gemacht würden. Er sei überzeugt da¬
noch nicht erreicht.
von, daß die Mächte ihre Arbeit fortsetzen
Genua, 13. Mai. pt Als Antwort auf das
müssen, denn niemand wolle dafür verantwort¬
Memorial des Papstes teilte die russische Dele¬
k. „Die Neue Rundschau“, mit der sich
lich sein, etwas abzubrechen, was so gut be¬
gation der Agentur „Stefani“ die einschlägigen
Schnitzler immer verbunden fühlte, ehrt den Mei¬
gonnen habe.
Gesetzesvorlagen der Sovietregierung über die
ster durch verehrende Schreiben verschiedener Dich¬
Schanzer war sehr zufrieden mit dem
Trennung von Kirche und Staat mit.
ter; Hermann Bahr grüßt ihn als den Dramatiker,
Erfolge der Unterredung zwischen Lloyd George
Dieses Dekret sichere vollkommen die Gewissens¬
der den letzten Reiz des verschimmernden Wien
und Barthou. Italien habe schon einen Han¬
freiheit und die freie Ausübung des Kultus so¬
mit zarter Hand gefaßt, der Dichter der Agonie
delsvertrag mit Rußland, der zwar noch nicht
wie die Benötzung der bestehenden Kirchen und
der Kaiserstadt. Gerhart Hauptmann rühmt an
unterzeichnet sei, aber hoffentlich bald unter¬
Gegenständen zu. In dem Antwortschreiben
dem Oesterreicher, was ihm nicht gegeben ist:
zeichnet werde. Er halte es für sehr wichtig,
heißt es: „Ohne zu prüfen, in welchem Maße
Grazie. Alfred Kerr verweist in fünf Zeilen auf
das Datum und den Ort für die Zusammen¬
sich Rußland eine Innenpolitik in religiöser Be¬
seine kritischen Werke, Band und Seitenzahl genau
kunft der Expertenkommission festzusetzen. Man
ziehung aufzwingen lassen kann, muß darauf
vermerkend — wie ein Professor. Thomas Mann
müsse das sofort tun. Man müsse die Kommis¬
hingewiesen werden, daß das Memorial des
prägt das hübsche Wort, Schnitzler habe „erotischen
Papstes eine ungenügende Kenntnis der bolsche¬
Ernft“; auf den ersten Blick verblüfft das Wort,
glaubt auch, daß es nötig sei, für die Arbeiten
wistischen Gesetzgebung verrät. Die erwähnten
nachher stimmt es nachdenklich. Eine Gesamtwürdi¬
der Kommission einen Zeitraum festzusetzen,
Fragen sind in der Tat bereits in voller Klar¬
gung gibt Richard Specht, von dem ein Buch über
zweil man nicht von den Mächten verlangen heit entschieden im Dekret vom 23. Januar 1918
Schnitzler demnächst zu erwarten ist.
lkönne, daß sie auf so lange Zeit auf das Recht über die Trennung von Kirche und Staat.“</Unicode>
            </TextEquiv>
        </TextRegion>
        <TextRegion orientation="0.0" id="r2" custom="readingOrder {index:1;}">
            <Coords points="3281,2917 3281,3069 3315,3069 3315,2917"/>
            <TextLine id="r2l1" custom="readingOrder {index:0;}">
                <Coords points="3269,3027 3281,3026 3293,3035 3301,3034 3306,3039 3327,3040 3324,2982 3312,2983 3305,2988 3300,2984 3283,2985 3278,2980 3266,2981"/>
                <Baseline points="3281,3019 3315,3017"/>
                <TextEquiv>
                    <Unicode>b</Unicode>
                </TextEquiv>
            </TextLine>
            <TextEquiv>
                <Unicode>b</Unicode>
            </TextEquiv>
        </TextRegion>
    </Page>
</PcGts>
