3344 4320
1070 251 1549 360 box 39/3
209 272 990 379 6oth Birthdar
1391 1078 3305 1148 #ud uik. behn uusen um-Peinen flotten Anstrich gibt, eh#iso wie ien zu sehen. Die
173 1132 3304 1224 un das Tlochstausman 20 Wochen pro Jahr fassende Staatsaufträge Arbeitsmöglichkeiten die in verschiedenen, oft grellen Farben glatt gehalten, ni
1208 1316 2898 1433 Voml Büchermlarkt.
1095 1399 3295 1502 Wenn ich es heute lese, bewundere ich die hätte Unrecht widerfahren müssen. Aber zu fesseln versteht.
357 1448 949 1545 Büchereinlauf.
2894 1476 3293 1535 Werk einen ganz
1083 1462 2901 1555 Frechheit, aber auch das Temperament und einen nicht zu überschenden Beitrag zur Be¬
2900 1515 3298 1586 funden, der ihm d
2002 1521 2907 1598 urteilung des Dichters, eine erfreuliche Be¬
166 1498 1105 1592 Friedrich Wencker, Der Gefangene Fried¬
1092 1544 2001 1602 die Subjektivität des „Kritikers“, Diese an
2894 1564 3308 1646 Originalität verleiht
268 1583 1099 1644 richs des Großen, des Freiherrn von der
2002 1578 2900 1640 reicherung der an sich spärlichen Schnitzler¬
1094 1579 2007 1655 sich guten, weil ursprünglichen Eigenschaften
2891 1611 3305 1685 Reiche der Erotik
1989 1620 2906 1711 Literatur hat Körner mit seinem Büchlein ge¬
273 1627 1100 1685 Trenck merkwürdige Lebensgeschichte,
1093 1640 1998 1700 schleifen sich allmählich ab, und steckt man
2877 1658 3298 1732 Markus doch, was
2717 1672 2896 1753 A. S.
263 1664 1094 1748 Verlag Carl Reißner in Dresden (Opal¬
1992 1681 2179 1757 liefert.
1097 1689 1999 1757 einmal über ein Dezennium in der zünftigen
2897 1710 3300 1783 den muß, die Grenz
260 1717 511 1794 Bücherei)
1089 1737 2013 1795 Richtertätigkeit über Bühne und Buch eder
2910 1766 3177 1844 zu wahren.
182 1744 1106 1857 Marcel Dornier, Urax und Rezabell, Leben,
2001 1756 2567 1853 Habsburger unter sich.
1101 1783 2007 1856 schon gar Politik und Wirtschaft, so erinnert
266 1825 1098 1890 Lieben und Leiden, Verlag Streckeru
2092 1812 2915 1895 Freimütige Aufzeichnungen eines ehe¬
1103 1837 2015 1903 man sich nur mit Kummer der schönen Zeiten,
2911 1844 3213 1941 Diplomaten.
271 1874 840 1940 Schröder in Stuttgart.
2004 1854 2906 1937 maligen Erzherzogs von Leopold Wölfling.
1087 1864 2012 1961 da ausschließlich durch keine Erfahrung und
1998 1911 2923 1989 Erschienen im Verlage O. Goldschmidt-Ge¬
185 1893 1102 2006 Magdeleine Marx, Du, Roman, Im Rhein¬
2980 1907 3309 1990 Roman von Rof
1096 1930 2009 2008 Sachkenntnis getrübte Leidenschaft die Feder
1995 1959 2924 2040 brielli, Berlin-Wilmersdorf. Zweifelsohne eine
268 1978 851 2041 verlag, Basel und Leipzig.
2904 1969 3313 2050 im Dreimasken
1094 1987 1275 2068 lenkte.
200 1989 1120 2089 Lakob Schaffner, Fragen, Novellen, bei
2002 2004 2919 2080 der beachtenswertesten Literaturerscheinungen
2900 2019 3291 2092 Roman, der viele
1182 2009 2009 2089 Daß Schnitzler jetzt den Reigenkonflikt
274 2070 1114 2139 Edwin Runge, Verlagsbuchhhandlung in
2001 2067 2917 2132 der Letztzeit. Mag man nun republikanisch,
2909 2051 3307 2138 er sich ganz außen
1100 2082 2009 2141 in Permanenz erklären, daß er diese Auf¬
279 2115 755 2198 Berlin-Lichterfelde W.
2013 2099 2917 2183 mag man monarchistisch gesinnt sein, jeden
2906 2121 3305 2187 Saudek entnimmt ei
1106 2125 2011 2197 führungen unter vormärzlicher Polizeiassistenz
2010 2146 2926 2233 Menschen wird dieses Werk interessieren, das
2907 2156 3305 2244 den Handlung der
1088 2181 2012 2261 geschehen läßt, wird viele seiner eifrigsten
2012 2212 2921 2286 ohne Schönfärberei die Geschicke eines Kai¬
2907 2220 3313 2289 darin viele der Al
386 2135 1068 2292 Arthur Schnitzler. „N
1093 2220 2017 2303 Anhänger ernstlich befremden und den Ein¬
2015 2263 2923 2330 serhauses, unter dessen Regime Oesterreich
2904 2265 3291 2329 sonen mit Namen
279 2263 2018 2333 Herr Josef Körner, Verfasser und druck seiner Persönlichkeit verzerren. Aber
2907 2315 3310 2392 entdecken, was den
2017 2301 2922 2383 lange Jahre stand, in wahrem Lichte schil¬
1114 2330 2027 2395 Schnitzler bleibt doch immer Schnitzler, und
191 2328 1115 2400 Vorbereiter einer Reihe literarhistorischer
2010 2362 2923 2432 dert, das so manches Rätsel klärt, so man¬
2901 2359 3300 2431 Reiz verleiht. Ein
1111 2378 2009 2437 die bei allem Wohlwollen, bei aller Neigung
192 2384 1117 2462 Schriften und Ausgaben, hat im Amalthea¬
2010 2414 2915 2492 ches Gerede richtigstellt, das auch in vollem
2905 2403 3308 2483 Handschriftendeutun
1114 2431 2015 2495 für Gerechtigkeit mildnachsichtige, jedoch
195 2434 1115 2499 verlag, der sich so rasch und verdienter¬
2018 2463 2927 2527 Lichte die nicht beneidenswerten Positionen
2920 2465 3303 2531 mal für denjenigen,
1103 2461 2020 2533 stets nur nebensächliche Wertung, die Körner
190 2478 1118 2549 maßen einen führenden Platz auf dem Ver¬
2906 2519 3301 2580 nicht so überzeugt
2009 2513 2914 2574 der ehemaligen Erzherzoge zeigt und den
1114 2529 2019 2585 ihm angedeihen läßt, erscheint zumindest ver¬
191 2533 1111 2591 legermarkte zu sichern verstand, eine Studie
2917 2562 3320 2633 fühlbar macht, übe
2008 2566 2920 2625 Entschluß Leopold Wölflings ganz. begreiflich
1119 2573 2020 2636 früht. Leider laboriert das an sich sehr inter¬
189 2576 1125 2641 über Arthur Schnitzler veröffentlicht. Körner
2909 2610 3304 2676 leichte Stil hinwe
2016 2611 2925 2689 erscheinen läßt. Die ausgezeichnete packende
1112 2628 2016 2683 essante und von gründlichster Vertiefung in
189 2624 1113 2705 packt das Schnitzler-Motiv von einer neuen
2912 2653 3306 2727 nicht nur seine Mi
2019 2663 2913 2725 Schreibweise des Autors, die glänzende Schil¬
1115 2671 2024 2734 die Materie sowie die einschlägige Literatur
192 2676 1124 2746 Seite an: er beschäftigt sich mit den Ge¬
2916 2705 3310 2772 auch, und es gelin
2014 2706 2912 2769 derungsart lassen uns ein neues Werk der
1109 2721 2014 2779 zeugende Werkchen Körners auch an einer
199 2720 1127 2796 stalten und Problemen des größten zeitgenös¬
2908 2761 3311 2822 verschiedenen Typ
2021 2759 2915 2830 Feder Wölflings wünschenswert erscheinen,
1107 2766 2019 2847 Verschrobenheit und gesuchten Ofiginalität
202 2776 1126 2850 sischen Wiener Dichters, ist bemüht, mit Zu¬
2909 2803 3319 2881 volles und lesensw
2011 2809 2842 2886 welches Thema es auch behandeln mag!
1116 2820 2025 2885 des Stils, die sich schon in den Wertstellun¬
187 2814 1127 2882 hilfenahme der Psychoanalyse das poetische
1117 2873 2030 2937 gen und Wortbildungen der ersten Zeilen un¬
194 2870 1126 2949 Schaffen Schnitzlers aus der Tiefe psychischer
2014 2884 2625 2981 Das verlorene Paradies.
1109 2918 2014 2976 angenehm bemerkbar machen. Immerhin ent¬
188 2925 1120 2997 Erlebnisse heraus zu erklären. In puncto
3008 2871 3305 3018 dereriene
2103 2934 2923 3020 Ein Roman von Stephan Markus. Er¬
1109 2972 2025 3022 rollt Körner eine Fülle fesselnder Auffassun¬
662 2967 1119 3039 wie ich vorweg ge¬
202 2966 612 3048 Schnitzler bin ich
2911 2995 3259 3072 Leipziger Kurt
2014 2991 2927 3069 schienen im Thespis-Verlage, München.
1119 3008 2024 3080 gen, schafft er wertvolle Anregungen ohne
197 3025 1117 3076 stehe — wahrscheinlich voreingenommen,
2915 3041 3313 3111 das den Verfassen
2017 3054 2918 3113 Ein Buch der Liebe, der schwülsten Sinn¬
1114 3045 2015 3123 Zahl. Sein Wunsch, Schnitzler und das Schnitz¬
206 3073 1115 3129 denn mich belastet die Jugendsünde, als Neun¬
2913 3096 3312 3169 Könnens zeigt. Ist
2020 3104 2925 3166 lichkeit, das mit seiner spannenden Handlung,
1122 3109 2024 3171 lerische restlos zu erschöpfen, ist nicht in
209 3115 1118 3183 zehnjähriger ein Buch über ihn geschrieben
2910 3142 3308 3210 hafter Stilist, als
1593 3159 2923 3229 glücklicherweise, da seinen prächtig geschilderten Personen, der
197 3165 1121 3232 zu haben, meines Wissens übrigens das erste,
1113 3163 1607 3236 Erfüllung gegangen —
213 3183 3321 3303 das über Arthur Schnitzler erschienen ist,andernfalls dem Dichter oder seinem Werke wundervollen Sprache bis zur letzten Seite bekannt, dessen lit
