3344 4320
1994 187 2329 248 —.—.—
1507 247 1951 341 box 36/3
283 243 1353 340 Panphlets offprints
1189 1014 1977 1085 ARTHUR SCHNITZLER
2215 1016 2353 1101 595
816 1121 2343 1199 she leaves behind the veil which betrays her secret. Her
807 1195 2351 1267 own brother Francesco deals her death-blow, and the duke,
807 1260 2346 1331 who is haunted by the beauty of Filippo's verse in praise
801 1323 2347 1396 of Teresina, orders Beatrice and the poet to be buried
799 1388 2339 1454 together. Beatrice is to be honoured among women,
799 1441 2335 1528 because Filippo has loved and died for her. The spirit of
802 1499 2340 1573 the Renaissance is condensed in this piece, just as the
800 1563 2344 1623 spirit of the Revolution is crowded into the Grüne Kataau.
805 1623 2334 1702 Technically speaking, it has qualities of the most recent
802 1700 2346 1762 movement in drama. Like writers so diverse as Verhaeren
795 1751 2344 1813 and Thomas Hardy, Schnitzler is sensible of the dynamic
802 1810 2346 1868 force of the crowd—witness the street scene in Act II,
807 1867 2326 1922 or the banquet scene in Act IV—and his minute observa¬
807 1937 2332 2003 tion includes the perception of mystical elements. This
795 1990 2333 2071 combination of the obvious and the latent is, of course,
801 2058 2333 2108 the essence of drama, and it justifies Schnitzler’s claim to
791 2120 2344 2168 high rank. His Beatrice, in this like Dante’s, stands for
803 2181 2344 2254 the Heart’s Desire, only she is the embodiment of an
798 2245 2346 2327 #irdische Glück. Superficially a poor girl whom a ducal
794 2308 2338 2362 marriage must necessarily dazzle, she typifies also that
801 2374 2325 2444 mysterious female element which men have sometimes
791 2445 2327 2504 confounded with the spirit of evil itself. In her inhuman
802 2494 2330 2565 callousness she scems to symbolise too the indifference of
791 2546 2327 2613 Fortune, presenting the cup of Happiness only to with¬
799 2616 2338 2690 draw it from the lips of tantalised mortals. But the poet
803 2677 2342 2737 Filippo shines through the piece with an even more dazzling
792 2738 2333 2800 light than Beatrice herself. The duke sends for him to
795 2811 2333 2884 grace his court, and, tyrant though he is, acknowledges a
797 2867 2327 2937 poet’s right to refuse a prince; the Florentine courtesans,
803 2927 2331 3000 Isabella and Lucrezia, come to Bologna to seek him;
794 3006 2324 3067 Andrea, the brother of Teresina, accepts his strange con¬
791 3043 2333 3125 fession of vileness, yet does himself, rather than Filippo,
798 3112 2338 3174 to death; and Beatrice returns, like moth to candle, though
798 3178 1937 3236 he has put her away with cruel contempt.
882 3240 2339 3315 Beautiful and curious as Der Schleier der Beatrice is in
792 3301 2338 3391 many passages, and full as it is of that haunting sense of the
2910 4096 3206 4194 eaer u
