3344 4320
1865 189 2373 267 —
1155 273 1202 329 n
1477 255 1931 349 box 36/3
259 253 1322 363 Pamphlets Offpri###s
1065 1041 1852 1138 ARTHUR SCHNITZLER
2095 1056 2232 1140 591
681 1154 2235 1217 There is, however, an obstacle between them. She has
687 1231 2237 1308 written a novel as well as a published volume of poems
687 1288 2214 1352 containing the gem“ An deinem Halse hang ich, trunken,
680 1351 2237 1433 both of which works are based upon a former intrigue with
679 1432 2224 1495 a certain Gilbert. Clement is shocked by such poetry from
674 1480 2222 1554 a lady who has, presumably, no experience of unseemly
673 1535 2213 1596 emotions, and insists, without reading it, upon the suppres¬
679 1601 2225 1682 sion of the novel. Margarethe is in despair, but finding
681 1670 2227 1750 that Gilbert has actually forestalled her by bodily transferring
681 1722 2229 1774 their correspondence, of which each, unknown to the
681 1778 2221 1845 other, had carefully retained copies, to the pages of his
678 1847 2221 1912 own novel, she thrusts her work into the flames as a
683 1906 1829 1984 triumphant proof of her love to Clement.
767 1968 2209 2059 In 1800 Schnitzler produced his masterpiece, Der
667 2048 2219 2106 grüne Katadu, described by him as a“ Groteske,' a word
673 2103 2225 2177 for which “ farce' is an inadequate equivalent. It is a
669 2154 2215 2230 lightly written onc-act play. Already discovered in France,
686 2221 2205 2287 it may, perhaps, according to the usual law of such pro¬
672 2287 2214 2348 gressions, dawn upon the English consciousness in another
681 2354 2225 2428 decade. So far Schnitzler has done nothing better, nor so
680 2417 2227 2487 good. It stands out in his work as a classic, much as Praro
680 2467 2218 2519 stands out from the drama of Beaumarchais. The period is
681 2534 2217 2596 that of the French Revolution, on the eve of the fall of
674 2592 2210 2677 the Bastille. Prospère, the host of the Green Cockatoo,
660 2658 2218 2713 formerly the director of a suburban theatre, has had the idea
675 2725 2221 2797 of attracting custom to his inn by theatrical performances
674 2783 2218 2848 of a novel kind. He, Prospero, the magician who works
675 2843 2202 2923 the puppets, plays himself the part of a revolutionary,
670 2904 2214 2963 and insults to their faces the aristocrats who form his
675 2967 2211 3021 audience. The rest of his company have carte ölanche to
677 3029 2202 3107 improvise the parts of robbers, murderers, incendiaries or
670 3088 2208 3147 what they will; the point of their performances lying in
677 3143 2210 3210 the fact that the actors themselves are really half in carnest
670 3214 2210 3284 in the parts they assume. Prospère himself is a Jacobin,
672 3272 2202 3330 and his insults, though spoken apparently in jest, are meant.
672 3328 2222 3398 To this motley crew comes one day a real murderer, Grain,
