3344 4320
2054 170 2340 245 —.—
377 241 423 297 I
1480 224 1929 325 box 36/3
139 230 1316 340 1. Panphlets offprints
916 1088 1051 1154 590
1281 1072 2091 1165 THE NEW QUARTERLY
918 1184 2450 1286 of modern ideas, without enough feeling and fibre to carry
923 1266 2444 1323 them out, and catastrophe is inevitable. After a heart¬
921 1330 2454 1403 rending appeal, Fanny dismisses him from her life. She
919 1374 2448 1457 has been thrust further into the mire from which he might
907 1447 2453 1503 have lifted her, and if she becomes a mere“ Dirne?’ the
915 1510 2457 1565 fault will lie with him.“ am tired,'' she says, “of
911 1572 2450 1647 imploring your mercy like a sinner, and crawling on my
911 1627 2435 1716 knees to a man who is no whit better than I am myself.?)
910 1700 2449 1762 The irony of the situation in which a man demands a
903 1769 2450 1844 record to which he makes no pretence himself is forcibly
912 1807 1282 1892 brought out.
993 1879 2439 1966 In this piece, if anywhere, Schnitzler lies open to
905 1946 2452 2012 the charge sometimes made against him, that his plays
901 2013 2449 2064 are only novels in dialogue. But what, after all, is drama
905 2070 2441 2139 if it is not character displayed in talk? The talk is
898 2127 2433 2216 at any rate true to life, and here it centres dramatically
904 2189 2437 2248 round the question of a theatrical engagement offered to
903 2249 2442 2338 Fanny in St. Petersburg: will she, or will she not, sign
902 2326 2438 2400 the contract? The question is only settled on her final
902 2375 2438 2458 rupture with Fedor.“ Das Märchen der Gefallenen, in
907 2435 2438 2503 spite of Denner’s talk, like other ancient legends, has
898 2503 2439 2578 proved itself in the course of the story a still vital force
896 2562 2431 2613 in the lives of men and women; but the author is con¬
895 2627 2439 2690 tent to relate facts, leaving us to moralise or not, as we
904 2683 1108 2767 please.
996 2749 2438 2834 Literatur, one of the brilliant one-act plays collected
902 2814 2423 2871 under the title Lebendige Stunden, treats farcically one
898 2878 2438 2927 element in the situation which has so tragic an issue in
902 2943 2437 3018 the case of Fanny Theren, namely, the peculiar failings
907 2999 2436 3062 of such characters as Denner’s. It is a satire on the
902 3055 2421 3120 insincerities of the literary temperament. Margarethe, a
896 3124 2425 3181 lady who has utilised her past as literary copy, abandons
895 3186 2423 3242 art for marriage with a man of some social position. After
902 3254 2430 3329 experimenting both in matrimony (her marriage is not
889 3317 2437 3389 serlous) and in less permanent connections, the aristocratic
893 3378 2428 3436 bearing of Graf Clement inspires her first genuine passion.
2520 4144 2574 4181 —
2591 4125 2635 4177 —
2712 4121 2860 4181 E
