3344 4320
2009 175 2328 241 ——
1504 239 1968 334 box 36/3
192 232 1352 349 1. Pamphlets offprints
1321 1008 2122 1107 THE NEW QUARTERLY
951 1033 1080 1106 594
941 1136 2482 1208 means to tell Weihgast what a poor deceived creature he
941 1192 2466 1253 had been: that Weihgast’s wife was his“ Geliebte.
955 1256 2490 1341 * But I was poor and she was a coward, and so she
952 1313 2485 1390 remained with you and played you false! It was more
1724 1379 2498 1446 Yet, when Weihgast himself
949 1387 1652 1471 convenient for all of us !
944 1439 2490 1511 appears, nothing of all this is said. Instead, the successful
960 1519 2483 1585 writer, partly to cover the embarrassment of seeing his
954 1574 2480 1636 old friend in such poor case, partly from irrepressible
951 1629 2497 1696 egoism, pours out his own grievances. He confesses he
953 1686 2503 1769 is outshone and even despised by the young generation of
957 1751 2487 1820 writers; he would forego that calling, at any rate, if he
965 1823 2497 1891 werc to begin again. So Rademacher sces himself revenged
967 1898 2484 1944 without effort of his own, but in the presence of death he
958 1946 2492 2015 finds no sweetness in revenge. Weihgast’s wife is her
953 2015 2499 2075 husband’s best friend and only comfort; ves—it is better
954 2074 2504 2138 he should be left in credulous happiness. There are several
962 2139 2498 2201 possible interpretations of this piece. It is open to us to
965 2185 2492 2253 believe that the love story is itself part of Rademacher’s
958 2258 2496 2326 Grossenwahn; for, as in the Grüne Kakadu, the staginess
952 2309 2494 2378 of much that passes for deep emotion, and the difficulty,
952 2380 2496 2448 even for the person himself, of distinguishing what is
952 2448 2505 2514 sincere in his own feelings from what is fictitious, is the
959 2501 1660 2584 main theme of the play.
1056 2539 2483 2641 A verse - drama with historical setting, Der Schleier
963 2630 2501 2698 der Beatrice (1oor), which has not, I believe, been acted,
965 2687 2487 2753 is in every respect Schnitzler’s most ambitious attempt.
973 2741 2500 2816 The beauty of Beatrice, the daughter of poor Bolognese
955 2811 2495 2884 parents, causes the poct Filippo Loschi to forsake his
958 2867 2506 2937 betrothed, Teresina, brings another lover to his death, and
967 2948 2488 3003 induces Duke Bentivoglio to make her his wife. The duke
962 2999 2502 3060 celebrates his wedding on the last night before a crucial
957 3066 2486 3134 combat with Cesar Borgia, at a feast to which the only
956 3131 2500 3193 passport for women is their beauty. Beatrice steals from
963 3174 2504 3250 this festival to visit Filippo. But though she has resolved
954 3237 2512 3308 to die with him that night, she finds that life is, after all,
953 3302 2510 3373 more desirable, and flying in terror from her dead lover,
