3344 4320
2027 163 2319 239 —
1477 228 1948 316 box 36/3
243 223 1330 333 Pamphlets offprints
1177 1029 1971 1132 ARTHUR SCHNITZLER
2206 1048 2343 1124 589
802 1166 2340 1232 is transmuted by Viennese grace and good nature. In
806 1206 2351 1300 Dar Vermächtmir, Toni Weber has borne an illegitimate
811 1283 2342 1349 child to Hugo Losatti, the son of well-to-do professional
808 1347 2334 1413 parents. On his deathbed he commends her and the
801 1402 2345 1489 little boy to the care of his family, and the testament
813 1463 2343 1537 (Das Vermächtnis) is faithfully observed until the child
799 1535 2352 1595 also dies. Then Toni, who has been received by the
800 1596 2345 1677 different members of the family with varying degrees of
810 1657 2341 1722 cordiality, finding herself excluded, disappears from their
804 1721 2346 1773 midst—perhaps to take her own life. The fine shades of
812 1797 2346 1867 character, of real or pretended enlightenment and sympathy,
805 1843 2336 1907 are delicately drawn, particularly in Hugo’s father, Pro¬
810 1894 2340 1980 fessor Adolf Losatti. He poses as a political and social
805 1958 2338 2038 pioneer, but he is narrow and timid at heart. He is
806 2031 2349 2093 satisfied that his son should be as other young men in
802 2107 2347 2172 relation to women; he gushes, posturing and blustering
803 2145 2336 2221 in the family circle, over Toni and her child; but, like
801 2219 2326 2287 the others, he too breathes a sigh of relief when the en¬
798 2279 2347 2357 cumbrance is removed. The subject of Dar Märchen is
798 2362 2331 2423 a variation on this theme in different social surroundings.
811 2402 2331 2456 The literary and artistic milen is cleverly indicated at Frau
815 2460 2327 2533 Theren’s  At Home,' where all the characters meet.
796 2524 2327 2584 Her daughter Fanny is ready to abandon the stage, in
797 2592 2334 2670 spite of increasing success as an actress, for the sake of
801 2650 2344 2732 Fedor Denner, an author of repute. In her presence he
801 2713 2338 2778 pours scorn upon the“ fiction of fallen women (Da.r
803 2789 2334 2854 Märchen der Gefalienen), and Fanny, who has tripped
800 2836 2335 2903 in her time, accepts his words at their face value. He
804 2910 2335 2966 will, she thinks, surely forgive 4er past. She visits his
807 2963 2329 3023 rooms, and after extorting from her a full confession, he
806 3019 2328 3081 does indeed forgive her—for the moment. We conclude
807 3092 2343 3160 that he becomes her lover. But her facile devotion
801 3153 2344 3224 revolts him. His attitude is not so much due to moral
806 3209 2343 3261 disapproval or conventional prejudice or jealousy, as to a
811 3272 2332 3330 timid distaste for Fanny’s coarser, or, if you will, franker
798 3326 2347 3415 and more vigorous, temperament. He is the literary man
