3344 4256
184 2753 302 2822 eitung
197 2847 315 2902 Haupt¬
183 2928 328 2989 lbe, die
191 2958 337 3017 selbst
198 3002 321 3052 kungs-
173 3039 315 3092 in der
175 3075 324 3127 brachte
184 3120 321 3177 wusste
170 3196 331 3253 ). Herr
156 3240 327 3293 Ehat ein
154 3282 327 3337 sfähiges
158 3316 335 3372 e, allen
163 3361 331 3412 an hin¬
144 3389 329 3449 en rich¬
154 3437 330 3485 ereden¬
160 3477 340 3537 erisiren,
146 3512 327 3566 terstützt
157 3557 332 3603 ges war
144 3590 337 3640 nn Bahr
152 3632 332 3685 Humors.
149 3669 330 3722 itator in
147 3710 325 3762 ctischen
158 3749 327 3792 sein be¬
138 3788 321 3832 #lie Vor¬
153 3823 336 3886 fanden,
191 95 335 150 rnehmer
182 138 346 195 ifall, der
174 181 341 237 lem ein¬
171 218 352 267 luss des
184 257 344 314 reichlich
175 298 336 348 ird hier,
184 334 347 387 eten ist.
178 378 291 432 sein.
185 456 299 528 noch
184 585 340 645 0). Der
186 629 349 684 bis auf
184 673 345 726 altungen
176 716 353 763 üsse ein
183 749 331 798 n zu er¬
177 788 335 840 ersamm¬
184 824 350 881 rühmend
175 868 346 917 ser Stille
176 906 343 959 einander
216 947 356 992 seines
180 981 345 1035 ung ent¬
211 1020 341 1073 unter¬
200 1059 354 1108 Leben,
184 1088 348 1148 rt, jeder
184 1139 348 1186 die an¬
216 1175 356 1234 nhielt
199 1214 357 1268 us dem
205 1255 335 1306 ng der
216 1297 346 1344 iess in
215 1332 340 1384 iefsten
232 1373 346 1423 h die
265 1416 329 1460 nen
684 84 1461 140 Pferd“ schildert, ist eine Figur, wie sie
1472 91 2260 126 Hörer in den Bann ungetheiltester Aufmerk¬
2454 101 2836 157 „Jung-Wien.“
681 119 1462 178 lebenswahrer und ergreifender kaum gedacht
1479 127 2257 168 samkeit zwingt. Dabei ist seine weiche und
2262 131 3050 198 Vortrag, gehalten im Schiller-Vereine
682 163 1468 217 werden kann. Die Wiedergabe dieses Typus
1485 165 2247 213 schöne Stimme nicht etwa übermässig kräftig.
2257 171 3054 252 am 5. März 1900 vom Recitator Marceil
679 195 1463 253 eines Unglücklichen gelang Herrn Salzer ganz
1471 207 2255 249 aber die Gestaltungskraft ist eine so ausser¬
2497 218 2844 278 Salzer aus Wien.
684 241 1458 300 vorzüglich. Wenn Herr Marcell Salzer in
1471 245 2251 288 ordentliche, dass er die feinste Nuance für
2335 244 3059 312 Triester Zeitung C. 3. 1000). Für die
676 273 1465 331 Greifswald einen grossen Erfolg errang, so
1475 278 2242 329 das Verständniss plastisch heraus krystallisirt.
2256 267 3065 353 Deutschen Triests, denen es naturgemäss
671 318 1463 363 hat er das gewiss einmal dem reichhaltigen
1470 319 2247 382 Herr Salzer hat hier einen ausserordentlichen
2256 334 3057 396 schwer fällt, den litterarischen Bewegungen
1480 354 1773 407 Erfolg errungen,
681 357 1454 405 und geschmackvollen Programm, dann aber
2258 375 3064 430 unseres Volkes zu folgen, ist es um So
674 394 1461 448 zum andern seiner feinsinnigen Auffassung
1545 387 2253 450 Teplitz-Schönauer Anzeiger (O. 4. 08).
2261 411 3054 474 werthvoller, von berufener Seite über das
673 436 1465 486 und lebendigen mit sich fortreissenden Vor¬
1583 435 2245 484 Herr Salzer verfügt einerseits über
2257 443 3051 509 berichtet zu werden, was in einem litte¬
670 468 1466 524 tragsweise zu danken, die durch ein schön
1475 466 2251 516 eine vollendete Technik im Vortrage, die von
2260 485 3060 548 rarischen Brennpunkte unter der jüngeren
675 506 1452 568 klingendes und ausserordentlich anpassungs¬
1477 517 2239 560 einem sehr sympathischen Organ unterstützt
2260 525 3062 573 Dichtergeneration vorgeht und nach Ausdruck
666 550 1244 601 fähiges Organ unterstützt wird.
1466 550 2237 594 wird und hat andererseits durch die geist¬
2262 566 3056 622 ringt. Einen solchen Bericht gab in ausser¬
1480 590 2239 637 volle Art seines Vortrags, wie durch die
755 586 1461 649 Strassburg i. E.: Elsässer Journal und
2261 605 3063 667 ordentlich gelungener und fesselnder Weise
1470 627 2246 676 interessante Einführung in denselben, den
666 625 1451 684 Niederrheinischer Kurier (Journal d'Alsace
2259 644 3063 704 der rühmlichst bekannte Retitator Marcell
1472 662 2246 725 Beweis erbracht, dass wir es mit einem
672 670 1462 729 et Ceurrier du Bas-Rhin). (Strassburg i. E.,
2262 680 3048 731 Salzer in einem Vortrage, den er gestern
1464 700 2248 751 Manne von hoher Intelligenz zu thun haben,
665 715 1460 769 (22. 12. 96). Marcell Salzer trat gestern
2266 721 3043 785 Abend für die Mitglieder des Schiller¬
1475 744 2246 787 der in der Auffassung der dichterischen Pro¬
668 744 1452 812 Abend vor einem kunstsinnigen Publikum auf.
2258 754 2505 799 Vereins hielt.
1473 780 2240 837 ducte, der von ihm warm verehrten Junig¬
668 780 1456 843 U. a. Hohen Herrschaften hatte sich auch
2332 779 3058 855 Was man unter „Jung-Wien“ versteht,
1469 815 2236 868 Wiener einen scharfen Blick und in der
666 827 1460 878 Se. Durchlaucht der kaiserliche Statthalter
2254 823 3048 889 ist eine Gruppe von Dichtern, die in der
1475 849 2244 915 Wiedergabe der verschiedenen Stimmungen
660 866 1449 919 Furst Hohenlohe-Langenburg und Ge¬
2248 867 3054 929 letzten Zeit auf dem Boden der Kaiserstadt
1463 899 2142 948 ein ausserordentliches Talent verräth.
663 903 1454 956 mahlin eingefunden, den begabten jungen
2250 919 3050 968 erwachsen ist und deren Mittelpunkt der
1546 924 2247 986 „Freiheit“ (Teplitz, 15.2. 98). Recitation
659 941 1457 988 Sprecher zu hören. Der erste Theil der Vor¬
2262 951 3055 1006 vielseitige Hermann Bahr, der „prablematische
1471 963 2035 1015 Hauptmann’s „Die Weber“. —
2100 970 2244 1020 Haupt¬
663 976 1454 1035 lesung bestand aus„Oesterreichisch-deutschen“
2255 986 3064 1046 Dichter“, wie er sich selbst einmal genannt
1469 1006 2239 1053 mann's Werke werden nie ihren nachhaltigen
658 1016 1454 1083 Dichtungen, der zweite Theil aus „Reichs¬
2256 1024 3065 1081 hat, bildet. In den Werken Aller spiegelt sich
1464 1044 2244 1096 Eindruck verfehlen, sie sprechen für sich selbst.
668 1049 1054 1110 deutschen“ Werken.
2249 1067 3057 1119 die Herkunft von der sinnlich heiteren,
1456 1085 2236 1126 Doch zum wirklichen Verständniss, zur lebens¬
744 1086 1417 1154 Herr Salzer versteht zu lesen!
2250 1102 3053 1152 lebenslustigen Kaiserstadt wieder, wenn auch
1459 1120 2243 1173 wahren Darstellung ist uns Hauptmann’s
752 1127 1458 1187 In jedem Moment weiss er Ton und
2259 1141 3059 1200 bei einzelnen die Lebenslust von einer starken
1467 1160 2234 1208 Meisterwerk erst durch die Recitation Marcell
655 1176 1444 1233 Ausdruck zutreffend zu zeichnen. Die Wärme
2256 1179 3056 1241 Dosis von Melancholie durchsetzt ist.
1469 1201 2244 1249 Salzer’s gebracht worden. Mit lebhaftem
655 1213 1447 1267 seiner Begeisterung, die Feinheit seines
2261 1223 3065 1280 Charakteristisch ist für alle die Vertiefung
1471 1238 2237 1285 Temperament vereinigt Salzer eine ungeheure
649 1254 1456 1308 Fühlens überträgt er auf den Zuhörer, dazu
2250 1264 3054 1319 in die Ereignisse des täglichen Lebens, die
1473 1277 2242 1336 Feinheit des Empfindens. Jede Person, jede
666 1289 1454 1347 ein kräftiges modulationsfähiges Organ, ge¬
2256 1310 3066 1358 auch den unscheinbarsten Vorgängen einen
1463 1316 2234 1368 Figur wird dem Zuhörer bis ins kleinste
666 1334 1450 1384 wandte Formen, das sind in der Hauptsache
2253 1338 3063 1400 poetischen Zauber abzugewinnen weiss, die
1472 1352 2244 1391 Detail ausgemalt vorgeführt. Plastisch wunder¬
657 1376 1449 1436 die Vorzüge, die den jungen Künstler aus¬
2248 1383 3060 1432 treffliche Kleinmalerei, die echt wienerische
1457 1391 2233 1438 bar dargestellt sahen wir die gesellschaftlich
651 1401 872 1454 zeichnen.
2261 1417 3053 1462 Sprache mit ihrem lebensvollen Ausdrucke
1460 1427 2236 1476 enterbten Gestalten eine nach der anderen
746 1442 1456 1490 Von ganz hervorragendem Talente zeugte
2256 1459 3046 1514 und der oft wirksamen dialectischen Färbung;
1468 1470 2242 1526 an unserem Geiste vorüberziehen. Aus jeder
658 1482 1452 1541 auch die vorgetragene Scene Gerhart Haupt¬
2253 1492 3048 1552 das Gemisch von eleganter und salopper
1467 1505 2242 1563 Figur scheint uns ein Hauch entgegen zu
656 1521 1446 1578 mann's: „Die versunkene Glocke“ Fein
2255 1530 3054 1589 Form, der Humor, der unter Thränen lächelt.
1468 1547 2236 1594 wehen; an jeder Person scheint uns ein Puls¬
658 1566 1456 1612 nuancirt — bis ins kleinste Detail ausgeführt
2327 1577 3052 1619 Wenn die einzelnen Vortragsstücke das
1471 1583 2242 1647 schlag wahrnehmbar, als Wahrzeichen des
726 1606 1451 1651 wurde eine Novellette von Sudermann:
2242 1617 3064 1671 allgemeine Interesse des Publikums erregten,
1456 1619 1935 1671 Lebens, der Leibhaftigkeit.
655 1643 1453 1688 „La donna é mobile“. Zum Schlusse brachte
2244 1662 3058 1705 dürfen wir nicht verschweigen, dass ein nicht
1531 1654 2243 1714 Teplitzer Zeitung (20. 12. 08). (Vor¬
658 1684 1452 1731 Marcell Salzer drei Dichtungen von Alberta
2244 1694 3050 1739 unbedeutender Theil des Verdienstes auch
1455 1679 2230 1751 lesung der „Jugend“ von Max Halbe.)
662 1728 1441 1782 v. Puttkamer: „Nero weint“, „Zigeunerglück“
2254 1727 3058 1780 dem trefflichen Recitator zufällt. Marcell
1462 1735 2231 1784 Moderne Milieu- und Stimmungsbilder zu ver¬
645 1764 1449 1809 und „Wie ich sterben möchte“. Ob wohl
2254 1768 3060 1812 Salzer ist ein Meister der Vortragskunst nicht
1466 1780 2237 1834 mitteln, ist eine Aufgabe, deren die Reci¬
649 1796 1441 1850 die Anwesenheit der geschätzten Dichterin
2249 1808 3051 1869 blos dadurch, dass er alle äusseren Mitte“
1465 1817 2238 1869 tatoren in landläufigem Sinne, wie sie zu
649 1843 1451 1895 den Interpreten ihrer Muse begeisterte? Hier
2251 1847 3053 1891 derselben beherrscht und sie mit edlem
1464 1853 2232 1910 Dutzenden die deutschen Gauen durchziehen,
651 1880 1453 1926 besonders zeigte sich Marcell Salzer als
2245 1885 3041 1931 Maasse ohne Aufdringlichkeit und Effect¬
1464 1890 2239 1939 nicht fähig sind. Dazu bedarf es Künstler,
655 1911 1443 1963 Meister seiner Kunst. Wie lebendig verstand
2256 1923 3052 1993 hascherei anwendet, sondern auch dadurch,
1463 1932 2228 1978 welche nicht blos die todten Worte mit mehr
645 1958 1453 2013 er es, den blutdürstigen Nero vor unser
2253 1961 3043 2012 dass er die Seele der Dichtungen wiederzu¬
1461 1970 2237 2022 oder weniger Stimmaufwand herunterlesen,
645 1982 1433 2041 geistiges Auge zu führen, wie wirksam¬
2247 1997 3045 2056 geben versteht, dass er in die innersten
1460 2010 2239 2063 sondern sensibler Naturen mit grosser Kunst¬
654 2030 1444 2096 rührend die muthige christliche Märtyrerin
2250 2041 3048 2081 Intuitionen derselben eindringt und die eigene
1465 2045 2236 2100 begeisterung, feinem Verständnisse und ge¬
647 2062 915 2118 zu zeichnen!
2250 2076 3050 2125 Wärme der Ueberzeugung von der Schönheit
1460 2083 2230 2140 waltiger Phantasie velche die Worte lebendig
733 2094 1437 2162 Reicher Beifall lohnte den talentvollen
2244 2121 2903 2171 derselben auf die Zuhörer überträgt.
1459 2122 2241 2169 zu gestalten, die zarten Stimmungen beinahe
642 2146 1446 2201 Künstler am Schlusse der Vorlesung, und
2316 2145 3039 2215 Dass daher sämmtliche Vortragsstücke
1454 2166 2244 2219 sichtbar zu krystallisiren vermögen. Ein
654 2187 1446 2233 wurde ihm von den anwesenden hohen Herr¬
2253 2181 3049 2251 das lebhafteste Interesse und die gespannteste
1459 2205 2228 2255 solch grosser Künstler, wie es vielleicht nur
653 2219 1447 2273 schaften auch persönlich für seine Dar¬
2243 2231 3047 2284 Theilnahme erregten, obwohl sich der Vor¬
1458 2242 2227 2287 wenige dieser Art giebt, ist Marcell Salzer.
649 2254 1437 2312 bietungen die verdiente Anerkennung aus¬
2240 2271 3034 2333 trag über die sonst im Schiller-Vereine üb¬
1460 2278 2226 2330 Abgesehen davon, dass er die einzelnen
652 2298 888 2353 gesprochen.
2244 2312 3048 2370 liche Zeit hinausdehnte, dass der Beifall sich
1449 2316 2233 2363 Figuren gut auseinander zu halten weiss
721 2324 1449 2401 Strassburger Neueste Nachrichten
2247 2349 3047 2390 immer mehr steigerte, braucht nach dem
1453 2361 2237 2416 und durch die Modulation der biegsamen
656 2383 1446 2435 (22. 12. 96). — — Herr Salzer hat das reich¬
2244 2389 3040 2459 Vorerwähnten eigentlich nicht besonders
1448 2390 2240 2452 Stimme allein schon zu charakterisiren ver¬
647 2416 1437 2469 lich gehalten, was uns die Urtheile in der
2233 2408 2721 2483 hervorgehoben zu werden.
1448 2433 2226 2484 steht, ist seine Recitation wirkliche Seelen¬
641 2464 1435 2514 österreichischen und der deutschen Presse
2316 2454 3039 2523 Wenn wir einige der wirksamsten Stücke
1459 2477 2233 2530 malerei. Es ist, wie schon bei früheren An¬
653 2503 1437 2555 von ihm versprachen. Er ist ein feinsinniger
2246 2504 3044 2565 auswählen wollten, so wären es im ersten
1455 2511 2224 2563 lässen hervorgehoben wurde, seine Phan¬
647 2534 1441 2594 Recitator, begabt mit einem sehr modulations¬
2242 2551 3042 2601 Theile die „Weihnachtseinkäufe“ aus dem
1446 2552 2231 2601 tasie, welche die Gestalten belebt und die
639 2569 1439 2643 fähigen, ausgiebigen Organ und einer tadel¬
2243 2585 3033 2635 „Anatol“ A. Schnitzler’s mit der prächtigen
1454 2588 2226 2636 heikelsten, intimsten und zartesten Situationen
636 2612 970 2667 losen Sprechart.
2245 2629 3037 2679 Gegenüberstellung der Weltdame und des
1442 2617 2228 2682 mit einem eigenthümlichen Stimmungszauber
721 2636 1413 2708 Strassburger Tageblatt (23. 12. 96).—
2238 2659 3036 2718 „süssen Mädels“ aus der Vorstadt und der
1446 2673 2232 2727 umgiebt. Was ihn so himmelhoch über viele
699 2689 1431 2741 Herr Salzer zählt unter den hier auf¬
2245 2705 3033 2741 feinen Pointe am Schlusse; die aus dem
1453 2710 2223 2758 seiner Vorgänger und Kunstgefährten erhebt,
638 2730 1433 2778 getretenen Recitatoren zu den besten. Sein
2245 2739 3025 2787 Innersten des Kindeslebens geschöpfte Kaffee¬
1452 2742 2230 2792 ist, dass er gerade das Unsagbare und Un¬
639 2765 1431 2826 Organ ist ausgiebig, der Vortrag lebendig
2247 2782 3039 2819 hausscene Peter Altenburg’s „Ein schweres
1454 2786 2221 2837 wägbare, das Duftige und den poetischen
644 2805 1428 2874 und mit vielem Geschick dem Motiv an¬
2240 2820 3042 2871 Herz“ und die köstliche Humoreske H. Bahr’s
1441 2826 2221 2878 Hauch, der in und auf der Dichtung lagert.
639 2842 819 2908 gepasst.
2244 2859 3018 2910 von der „schönen Frau“, die nicht ohne Be¬
1437 2866 2223 2907 so inniglich festhält und damit seine Zuhörer
716 2868 1336 2944 Stressburger Post (22. 12. 96).—
2241 2899 2678 2951 wunderung leben kann.
1437 2903 2229 2953 in den Bann schlägt; es ist, als ob ein
635 2916 1437 2975 Herr Salzer ist ein guter Recitator, da er
2314 2927 3023 2985 Im zweiten Theile gedenken wir vor
1448 2935 2218 2988 Fluidum von ihm ausströmen würde, dem
638 2965 1424 3012 durch dramatische Lebendigkeit des Vortrags,
2239 2976 3028 3030 Allem des packenden Sittenbildes Chr. Morgen¬
1448 2976 2219 3028 man Sich hlicht entziehen kann. Er recitirt
641 3003 1431 3044 durch scharfe Contrastirung und durch ge¬
2243 3011 3029 3076 stern's „Das Pferd“ mit seiner Mischung von
1447 3015 2220 3071 aber nicht nur mit dem Verstande, sondern
643 3037 1423 3094 schicktes Auseinaisierhalten der Personen
2237 3050 2877 3109 Humor und erschütterndem Ernste.
1447 3055 2217 3103 mit den Nerven, die sich in fortwährender
639 3083 1152 3130 fesselnd zu wirken vermag.
2300 3080 3039 3141 Herr M. Salzer hat sich die ungetheilte
1447 3089 2231 3145 Vibration befinden. Die Begeisterung, von
710 3116 1425 3182 Teplitzer Zeitung (13. 2. 93). (Vor¬
2230 3121 3030 3174 Anerkennung der Schiller-Vereinsmitglieder
1448 3130 2216 3183 der er selbst beseelt ist, überträgt er auf
637 3154 1425 3217 lesung „Die Weber“ von Gerhart Haupt¬
2228 3166 3022 3217 erworben und kann bei seinem Wieder¬
1447 3166 2224 3220 den Zuschauer. Kurzum er leistet das Gross¬
645 3205 1421 3252 mann.) Wir haben in Herrn Salzer einen
1447 3205 2220 3261 artigste und oft das, was bei der Darstellung
2235 3207 3034 3271 erscheinen der herzlichsten Aufnahme sicher
637 3230 1429 3289 Recitator kennen gelernt, der an die Be¬
2236 3244 2346 3301 sein.
1436 3249 2215 3301 auf der Bühne verborgen bleibt; er theilt die
643 3276 1425 3323 wältigung seiner Aufgabe mit grossem Ver¬
1447 3287 2225 3351 elektrische Situationsspannung der
2286 3261 3029 3337 Wien: Neue freie Presse (26. 10. 97). (Max
639 3317 1425 3365 ständniss herantritt und nicht durch ver¬
1442 3322 1647 3370 Scene mit.
2230 3323 3036 3368 Halbe's „Jugend“.) Herr Marcell Salzer weiss.
643 3353 1437 3402 schiedene Mätzchen, sondern durch packende
1507 3354 2212 3413 Teplitz-Schönauer Anzeiger (18. 12. 99).
2233 3367 3027 3423 von seinem Organ einen virtuosen Gebrauch
635 3390 1429 3446 Unmittelbarkeit seine Hörer hinreisst. Er hat
1445 3392 2214 3453 Marcell Salzer ist kein Declamator oder Reci¬
2227 3402 3027 3449 zu machen; aber mehr als durch die Stimme
632 3432 1430 3483 der Recitation neue Wege erschlossen. Wir
1444 3439 2213 3493 tator gewöhnlichen Schlages, der seine Dar¬
2230 3444 3022 3484 wusste er durch meisterhafte geistige Durch¬
638 3472 1420 3529 haben einen gleich vollendeten Recitator bis
1443 3477 2206 3523 bietungen lediglich auf äusseren Glanz ein¬
2231 3479 3021 3531 dringung des Stoffes seine Zuhörer in die
633 3508 1073 3572 jetzt noch nicht gehört.
1428 3513 2215 3578 richtet, er spricht nicht nur mit den Lippen,
2234 3525 3028 3569 volle Illusion zu versetzen und hinzureissen.
707 3542 1416 3612 Teplitzer Zeitung (8. 4. 98). (Vorlesung
1440 3558 2224 3605 sondern auch mit der Seele, und, was bei
2300 3557 3010 3612 Neues Wiener Tagblatt (26. 10. 97).
639 3589 1416 3632 von „Jung-Wien“ im Teplitzer Stadt¬
1440 3593 2214 3641 Halbe's „Jugend“ ganz besonders viel be¬
2746 3595 3011 3650 Der Vorlese¬
2227 3590 2752 3642 (Die freigegebene „Jugend“.)
625 3630 1426 3679 Theater.) Herr Marcell Salzer weiss in
1443 3638 2217 3683 deutet, mit dem Herzen; seine Recitation er¬
2230 3639 3009 3692 tisch thut dieselbe Wirkung, wie die welt¬
634 3671 1418 3718 seinem einzigen Vortrage jedwede Stimmung
1441 3670 2214 3723 freut nicht nur, sondern sie erwärmt auch
2224 3675 3028 3723 bedeutenden Bretter, wenn an ihm ein Mann
635 3698 1417 3754 festzuhalten und die Farbe dem Zuhörer zu
1443 3714 2210 3766 und vermag zu begeistern; die Gestalten, die
2223 3716 3017 3767 sitzt, wie dieser Marcell Salzer, der ein
638 3742 1422 3799 suggeriren. Die Modulation seiner Stimme
1439 3757 2212 3800 er sprechend anführt, sprechen nicht nur, sie
2231 3753 3013 3800 Orchester von Stimmungen und Empfindungen
626 3786 1426 3824 ist das Werkzeug seiner Phantasie, welche
1439 3786 2203 3839 leben und ziehen uns zu sich hinan. Es war
2219 3794 2962 3849 in seinem Vortrag zu entfesseln versteht.
630 3824 2222 3880 die Dichtung belebt, die geheimsten Stim- ein schöner, voller Erfolg, welchen Herr
2292 3828 3020 3893 Neues Wiener Tagblatt (16. 12. 97).
