3344 4384
827 265 1322 362 box 37/2
132 264 835 377 2. Guttings
1745 2292 1889 2390 1
1847 3308 1925 3403 4
2129 3671 2748 3770 RECITATIONS-TOURNEE
1116 3684 2057 3785 MARCELL SALZER.
658 3717 844 3800 WIEN
2171 3764 2715 3845 SI·PTEAIBER 1000 BIS
425 3770 1068 3862 II, BL.UMAUERGASSE 10.
2272 3813 2577 3873 APRII. 1001.
1251 3790 1915 3902 Kritiken.
1109 3889 2776 3979 (Seite 1 bis 16). — 2. England und Italien (Seite 16 bis 17). — 3. Schweiz (Seite 17 bis 21).
405 3906 1116 3981 1. Deutschland und Oesterreich-Ungarn
965 3944 2210 4040 1. Deutschland und Oesterreich-Ungarn.
460 4015 2607 4086 Aachen, Echo der Gegenwart (3. 0. 08). Volk ist, und weil dadurch an die Charakte- tation des Dramas „Johannes“.)
1191 4032 2783 4128 ristik durch Ton und Sprache die höchsten Auch bei der Recitation dieses Werkes be¬
419 4064 1198 4127 Recitation des Dramas „Die Weber“.)
1977 4111 2792 4159 währte der Künstler alle die Vorzüge, die
1192 4098 1990 4159 Anforderungen gestellt werden. Ihnen wurde
391 4114 1197 4170 Herr Marcell Salzer bewies gestern mit der
385 4161 2804 4203 ersten Probe seiner Vortragskunst, dass das HIerr Salzer in vollstem Maasse gerecht. wir schon am Donnerstag an ihm kennen
2625 4189 2723 4227 Seh
2473 4185 2558 4230 #tten
2307 4195 2427 4232 Jelernt
