3392 4320
878 244 1335 332 box 37/2
198 236 787 342 2. Cuttings
703 672 1499 744 Geltung zu bringen wusste, hat den Gästen
189 662 602 737 r noch recht oft das
703 727 1490 786 einen ausserordentlich genussreichen Abend
180 727 598 792 lzer in Mannheim zu
709 760 922 814 verschafft.
790 787 1494 859 Bayerische Verkehrsblätter (München,
176 782 590 854 rnal (25. 2. 98). Herr
698 844 1498 903 1000. No 1. Dem B.-V. München war es
184 844 587 899 nem gestrigen Meister¬
697 881 1497 936 gelungen, den auf einer Tournée durch Deutsch¬
178 885 594 943 len besten Recitatoren,
701 925 1486 975 land und die Schweiz befindlichen Recitator
174 921 598 976 aben, und wir können
706 952 1488 1006 Marcell Salzer aus Wien zu einem Recitations¬
180 961 604 1014 sdruck geben, dass es
705 1001 1503 1057 abend im B. V.-B.-V. zu gewinnen und war
187 1000 589 1054 ge, diesen geistig ganz
703 1038 1482 1095 zu letzterem für Samstag, den 16. December
190 1037 580 1105 bald wieder in Mann
706 1081 1485 1125 vorigen Jahres, Einladung in den Saal des
708 1108 1492 1170 Bayerischen Hofes ergangen. Herrn Marcell
175 1092 594 1175 Zeitung (13. 2. 1000).
698 1156 1485 1207 Salzer, dem ein bedeutender, und wie wir
180 1155 590 1215 bend des Herrn Marcell
703 1191 1492 1247 gesehen, wohlberechtigter Ruf in seiner Kunst
184 1199 597 1251 hiesigen Litterarisch¬
716 1237 1493 1285 voranging, gelang es, sich im Fluge die vollen
188 1240 599 1292 bot einen Kunstgenuss
705 1271 1493 1316 Sympathieen seiner Hörer zu gewinnen. Er
176 1265 595 1333 bhl. Herrn Salzer der
702 1310 1481 1366 verfügt über ein kräftiges, ungemein modu¬
191 1310 601 1377 konnte man füglich
701 1350 1489 1406 lationsfähiges Organ, das ihm in der plastischen
174 1334 589 1413 wartungen doch noch
700 1397 1487 1446 Ausgestaltung seines Vortrags willig folgte;
178 1394 593 1456 Das gemüthvolle Ge¬
692 1425 1490 1483 hierzu die ausgesprochene Meisterschaft in
180 1435 585 1490 hete, kraftvoll und im
691 1472 1491 1514 der Kunst intimsten Individualisirens und fein¬
192 1478 576 1528 zum Ausdruck ge¬
700 1498 1492 1562 empfundener Nuancirung, so haben wir das
188 1510 585 1572 ausgiebigen Stimm¬
695 1546 1487 1599 Facit, das bei allen Anwesenden zu einer
183 1550 590 1612 ich die allgemeinste
698 1588 1492 1631 Stimme des Lobes und der Anerkennung für
182 1588 583 1652 ichen Zuhörer. Herr
692 1620 1491 1673 den Künstler führte. Das Programm war
178 1627 587 1682 hVertreter der Mo¬
702 1654 1485 1714 sorgfältigst ausgewählt, es bot uns Perlen
194 1667 582 1726 der Auswahl seiner
697 1700 1488 1752 deutscher Dichtung, in deren Geist wir ein¬
172 1701 582 1773 fes Verständniss für
689 1729 1485 1783 geführt wurden, so dass uns kraft der Kunst
165 1747 590 1805 ieren deutschen Litte¬
691 1773 1486 1830 verständnissvollster Interpretation von des
178 1786 589 1845 omäne scheinen unter
690 1808 1478 1866 Dichters „Willen und Wollen“ wirkliche
171 1821 570 1873 igen, zum Theil mar¬
686 1849 1482 1912 Seelengemälde und Stimmungsbilder erstanden,
169 1869 573 1923 herrn von Liliencron's
693 1897 1485 1947 welche reichsten Genuss gewährten. Man
179 1903 580 1964 rreichbarer, Geist und
693 1934 1481 1977 wäre versucht, der einen oder anderen Dar¬
173 1944 569 2008 Estaltung wiedergiebt.
695 1972 1483 2024 bietung hieraus besondere Worte des Lobes
174 1984 573 2042 kern die Wiedergabe
689 2010 1484 2064 zu spenden; unter dem Eindrucke des Voll¬
169 2017 582 2083 ich’s „Orakel“ Wie
691 2055 1476 2101 genusses aber, den uns alle ohne Ausnahme
173 2050 569 2124 rr Salzer den Seelen¬
691 2084 1482 2148 bereiteten, möchte es wenig angebracht sein,
201 2102 567 2160 charakterisiren. So
688 2125 1475 2181 der persönlichen Auffassung des Bericht¬
177 2125 574 2196 Fagsmeister, der neben
693 2158 1479 2223 erstatters irgend welche Concession zu machen.
177 2182 567 2233 t den Widerstreit der
693 2195 1477 2259 Zu einem aber fühlt sich derselbe angeregt,
188 2215 574 2276 die innersten Tiefen
689 2240 1479 2300 was ihm zugleich als angenehmste Pflicht er¬
189 2272 230 2312 J.
251 2261 558 2317 Weitere Kunst¬
685 2279 1477 2339 scheint: zum Ausdruck vollster Anerkennung
178 2283 562 2356 reizende Humoreske
685 2322 1477 2376 für den Vortragenden und des herzlichsten
179 2336 565 2400 Bahr, „Das Gewitter“,
695 2356 1476 2418 Dankes für die uns von ihm bereiteten genuss¬
183 2381 571 2433 Lilieneron und „Das
685 2404 1478 2456 reichen Stunden. Dank auch dem Bezirks¬
175 2418 559 2470 des Wiener Lebens¬
691 2439 1475 2510 Verbande, der uns diesen Recitationsabend
172 2453 563 2516 rgenstern. Köstlich
678 2471 914 2525 verschaffte.
189 2496 569 2561 Charakteristik eines
775 2507 1470 2578 Neumünster'sche Zeitung (21. 2. 99).
186 2538 567 2593 s, der einst bessere
688 2552 1478 2617 Die Gelegenheit, in dem Wiener Marcell
185 2573 574 2633 den Gram im Fusel
689 2606 1474 2655 Salzer einen der vorzüglichsten Recitatoren
178 2611 570 2672 he Wanderung durch
692 2638 1483 2692 der Gegenwart kennen zu lernen, war von
176 2651 557 2704 jenem ernsten Humor
692 2670 1475 2731 einer grossen Zahl unserer Kunstfreunde be¬
186 2692 566 2752 die Thräne blinkt.
691 2714 1475 2766 nutzt worden. Sein tiefes Eindringen in den
183 2730 569 2790 durch seine Kunst
683 2760 1471 2801 Geist der von ihm gelesenen Werke, sowie
179 2773 565 2826 Naturtreue und so
692 2797 1462 2838 sein klangvolles, modulationsfähiges Organ
170 2812 559 2867 dern, dass alles ge¬
683 2829 1461 2879 ermöglichen eine geradezu künstlerische
181 2846 561 2904 hing, um bei Schluss
695 2866 1460 2921 Wiedergabe. Lautlose Stille herrschte im
183 2887 557 2950 erst nach einiger
691 2912 1467 2963 Saal. Manches thränenfeuchte Auge bewies
183 2920 571 2986 des eben Gehörten
686 2954 1465 3010 mehr, als der lauteste Beifall das vermocht,
175 2960 552 3022 eugungen den Dank
689 2985 1310 3045 wie tief ergriffen die Hörer waren.
171 3004 565 3060 nHerrn Salzer wohl
760 3017 1464 3089 Pfälzischer Kurier (Neustadt a. H.,
184 3044 562 3102 im nächsten Jahre
674 3073 1457 3125 5. 3. 98). Herr Marcell Salzer ist auf dem
178 3081 554 3140 al, da derselbe seine
677 3102 1438 3157 Gebiete der Recitation geradezu ein Genie.
171 3120 557 3183 Schobenen deutschen
754 3151 1466 3208 Neviges - Hardenberger Volks - Zeitung
186 3163 555 3223 vohl nicht das letzte
670 3192 1464 3240 (23. 1. 1900). Am Sonntag fand im „Patrio¬
677 3223 1463 3276 tischen Verein“ der Recitations-Vortrag des
164 3219 540 3303 Zeitung (30.10.07).
678 3262 1457 3315 Herrn Marcell Salzer aus Wien statt. Wir
175 3281 544 3334 ht zu charakterisiren
671 3311 1465 3364 haben in Herrn Salzer einen Recitator kennen
175 3323 554 3379 Pnart seiner Autoren
663 3349 1453 3397 gelernt, der an die Bewältigung seiner Auf¬
177 3359 540 3424 um zeigte sich für
674 3386 1460 3431 gabe mit grossem Verständniss herantritt
676 3425 1460 3475 und nicht durch verschiedene Mätzchen,
170 3409 545 3494 chrichten (23.12.090)
675 3454 1457 3511 sondern durch packende Unmittelbarkeit seine
167 3477 549 3533 stler in des Wortes
675 3498 1451 3547 Hörer hinreisst. Den Höhepunkt des Abends
173 3516 549 3573 nniges Verständniss
661 3532 1459 3589 bildete der Vortrag eines Wiener Sittenbildes
176 3556 546 3613 przügliches Charak¬
675 3575 1459 3621 „Das Pferd“ von Morgenstern, das in seiner
175 3597 545 3654 timme und Geberde,
664 3611 1447 3681 wunderbaren Mischung von Ernst und Humor
176 3635 549 3692 eise, unterstützt von
663 3658 1138 3695 an Fritz Reuter gemahnt.
175 3677 546 3734 äftigen Organ — das
749 3684 1443 3745 Nürnberg: Fränkischer Kurier (15.12.
280 3713 541 3766 Nntur diesen
658 3722 1443 3786 99). Der Bezirksverband Nürnberg des
162 3743 549 3808 und die ihm seine
661 3766 1445 3824 Bayerischen Verkehrs - Beamtenvereins hat
184 3786 550 3845 In der rührenden
669 3810 1453 3858 gestern im Hotel Adler seinen Mitgliedern
173 3827 545 3886 e „Orakel“ gab der
662 3845 1450 3900 einen sehr genussreichen Recitationsabend
170 3873 548 3927 ben tiefempfundener
658 3884 1446 3936 geboten, wofür Herr Marcell Salzer aus
167 3912 543 3967 verstand es, den
661 3927 1456 3979 Wien als Recitator gewonnen war. Herr
183 3943 547 4002 wahrhaftiges Leben
653 3956 1451 4017 Salzer trat gestern zum ersten Mal hier auf
159 3955 536 4042 der von ergreifender
664 4007 1442 4049 und führte sich mit gutem Erfolge ein, indem
160 4024 530 4083 P. effektvolle Wieder¬
659 4046 1437 4087 seinen Vorträgen der lebhafteste Beifall ge¬
174 4064 532 4125 encron's „Gewitter“
658 4075 1453 4132 spendet wurde. Der Vortragende, der fast
161 4101 540 4160 t“ bewiesen ferner
657 4120 1437 4179 frei aus dem Gedächtniss sprach, verfügt
175 4133 538 4191 ahre Beifallsstürme
659 4161 1442 4199 über ein angenehmes und sehr modulations¬
1502 677 3086 753 darbot, war ebenso von reichem Gemüth be- Imuss der Vortragende eine Kraft besitzen,
1505 733 2284 788 seelt, wie von reinem, unverfälschtem und
2293 748 3081 799 die von innen emporquillt und ins Herz der
1505 777 2286 833 köstlichem Humor durchweht. Es ist gewiss
2297 783 3073 830 Hörer dringt, und um die einzelnen Figuren
1514 813 2283 868 die Meinung Aller ausgedrückt, die gestern
2290 823 3082 872 plastisch zu gestalten, muss man es in der
1512 854 2271 906 so zahlreich anwesend waren, wenn wir den
2295 855 3072 916 Technik des Sprechens zu hoher Vollendung
1507 887 2274 949 Dank und die Anerkennung für den genuss¬
2286 903 3070 953 gebracht haben. Herr Salzer besitzt Alles,
1512 932 2281 997 reichen Abend ausklingen lassen in ein herz¬
2299 947 3084 993 was ihn zur Lösung seiner Aufgabe befähigt.
1504 965 2000 1020 liches: „Auf Wiedersehen!“
2279 973 3075 1034 Mit einfachen Mittein weiss er die Figuren
1574 1007 2277 1059 Pirmasenser Zeitung (19. 12. 99). Re¬
2287 1015 3087 1082 streng auseinander zu halten, weiss jeder
1505 1051 2279 1100 citation „Jugend“ von Max Halbe
2287 1062 3072 1109 einen charakteristischen Ton zu geben, so
1508 1085 2274 1130 durch Marcell Salzer. Mit der Vor¬
2285 1095 3083 1142 dass sie vor uns aufleben, und von innerei
1504 1123 2286 1174 führung von Halbe’s „Jugend“ hat sich die
2289 1136 3077 1181 Wärme beseelt, findet das gesprochene Wort
1500 1162 2272 1215 Leitung des „Kaufmännischen Vereins“ un¬
2293 1168 3089 1221 den Weg zum Herzen. Salzer ist ein¬
1506 1201 2274 1251 streitig ein Verdienst erworben. Das Stück
2300 1211 3078 1262 moderner Vorleser in des Wortes bester
1499 1240 2270 1306 hat sich seit seinem Entstehen — unserer
2294 1247 3088 1305 Bedeutung, es ist etwas Lebendiges, was
1500 1280 2268 1332 Auffassung nach sehr mit Unrecht — der
2288 1284 3084 1353 er uns durch einfache, schlichte Kunst ver¬
2287 1317 2442 1382 mittelt.
1503 1323 2275 1367 sorgsamen Aufmerksamkeit der Polizei zu er¬
1497 1343 2291 1398 freuen; eine Aufführung an der Mannheimer
2361 1341 3077 1418 Reichenbacher Nachrichten und An¬
1497 1397 2271 1443 Bühne noch vor wenigen Wochen brachte
2293 1390 3087 1464 zeiger (20. 11. 99). Ueber „zeitgenössische
1496 1433 2268 1484 bekanntlich in hohem Masse die Mucker und
2287 1446 3081 1498 deutsche Dichtkunst“, im Speciellen über
1495 1483 2277 1524 Frömmler in Harnisch — und weshalb? weil
2295 1476 3086 1536 „Jung-Wiener“ Humoristen, hielt am gestrigen
1500 1514 2266 1567 Halbe uns in einer Person des Dramas ein
2285 1528 3081 1574 Abend im grossen Saale des „Kaiserhof“
1495 1550 2274 1596 Exemplar eines Priesters, den Fanatiker, vor¬
2291 1559 3090 1606 hierselbst der rühmlichst bekannte Recitator
1500 1596 2275 1645 führt, der leider in neuerer Zeit keine seltene
2279 1600 3089 1652 Marcell Salzer aus Wien vor den Angehörigen
1501 1628 2275 1688 Erscheinung geworden ist. Vom hierar¬
2282 1639 3082 1693 und Gästen des hiesigen Handelswissen¬
1499 1676 2270 1730 chischen Standpunkte sind die gegen die
2285 1679 3085 1730 schaftlichen Vereins „Merkur“ und des Ge¬
1499 1701 2272 1761 bühnenmässige Darstellung eines solchen
2290 1706 3096 1753 werbevereins einen Vortragsabend ab, der
1499 1750 2273 1804 Charakters geltend gemachten Bedenken ja
2286 1751 3082 1804 den Hörern einige interessante Stunden be¬
1496 1782 2276 1838 leicht begreiflich. Von einer Wiederholung
2288 1792 3084 1846 reitete. Herr Salzer verstand es, seinem
1497 1826 2267 1874 der Fabel des Stückes glauben wir Abstand
2283 1829 3077 1876 Publikum durch seine Redekunst, die sich in
1493 1863 2270 1916 nehmen zu dürfen; dieselbe hat bereits in
2287 1869 3083 1919 gleicher Weise durch Lebendigkeit der Dar¬
1495 1904 2272 1963 der Presse mehr als hinreichend Würdigung
2287 1909 3096 1971 stellungskraft, wie klare und scharf nuancirte
1500 1942 2264 1995 gefunden. Die Wiedergabe durch Herrn
2285 1945 3074 1998 Sprache auszeichnete, die von ihm inter¬
1489 1986 2261 2027 Salzer muss, um einen abgedroschenen Aus¬
2279 1986 3085 2031 pretirten Litteraturwerke, gewissermassen zu
1489 2021 2276 2074 druck zu gebrauchen, als mustergiltig be¬
2278 2029 3080 2079 einer plastischen Handlung geformt, vor die
1499 2060 2270 2114 zeichnet werden. In seiner Darstellung traten
2284 2060 3084 2122 Seele zu stellen. So bot der Herr Vortragende
1489 2102 2275 2151 die sechs Hauptpersonen lebenswahr und
2283 2109 3077 2149 einige kleine Genrebilder von Detlev v. Lilien¬
1497 2137 2267 2189 lebenswarm vor das geistige Auge. So kam
2283 2144 3077 2194 cron, bunte, wechselvolle Kost, die durch
1496 2177 2271 2236 es, dass die allerdings nicht zahlreich er¬
2286 2180 3076 2226 theilweis allerliebste Darbietung sehr an¬
1495 2220 2264 2271 schienene Zuhörerschaft mit Spann# der
2283 2218 3076 2281 sprachen. Den Schluss des ersten Theiles
1491 2250 2271 2301 Handlung folgte und dass sie am Schlusse
2275 2263 3083 2302 machte Hermann Bahr’s Wiener Humoreske
1493 2293 2273 2344 ihrem Gefühl durch wärmsten Applaus Aus¬
2286 2298 3076 2352 „Die schöne Frau“ eine überaus gelungene
1492 2335 2269 2384 druck verlieh. Die Recitation eines Dramas
2279 2338 3081 2394 humorvolle Ehestandsklage voll köstlicher
1485 2366 2269 2417 ist ein schlechtes Surrogat für die bühnen¬
2273 2375 3077 2432 Drolerie, die Herr Salzer ungemein wirkungs¬
1491 2417 2257 2460 mässige Darstellung; wird sie uns aber in
2283 2414 3079 2462 voll zur Darstellung brachte. Seine Haupt¬
1492 2451 2266 2497 solch künstlerischer Verarbeitung des Stoffes
2275 2456 3071 2509 stärke liegt eben in den Wiener resp.
1473 2472 2265 2542 und mit solch eminentem technischen Können,
2270 2482 3078 2557 steierischen Dialectstücken, die ihm ganz
1494 2536 2256 2576 wie gestern Abend durch Herrn Salzer, ge¬
2274 2537 3077 2594 wunderbar gelangen. Herr Salzer erntete für
1492 2565 2255 2629 boten, so kann man sich auch mit dem
2279 2567 3071 2617 seine reizende Unterhaltung dankbarsten Bei¬
1481 2605 1945 2659 Surrogat zufrieden geben.
2267 2616 3067 2663 fall, der auch an dieser Stelle dem Arrangeur
1556 2632 2264 2694 Posener Zeitung (17. 2. 1900). Im
2273 2654 3077 2718 des gestrigen Abends, dem Verein „Merkur“,
1485 2655 2258 2736 Verein junger Kaufleute wurde am
2274 2686 2626 2740 ausgesprochen sei.
1480 2722 2268 2764 Freitag von Herrn Marcell Salzer aus Wien
2342 2708 3062 2786 Reichenberger Zeitung (12. 2. 98). Die
1488 2758 2257 2814 ein Recitationsabend gegeben. Herr Salzer,
2275 2756 3054 2830 Stärke des Salzer’schen Vortrags liegt ent¬
1483 2798 2263 2841 der uns noch durch seine im selben Verein
2269 2806 3050 2865 sprechend seiner ganzen Richtung in der In¬
1479 2839 2253 2892 zu Gehör gegebenen Recitationen in guter
2274 2842 3065 2899 timität der Tongebung und Rhythmik. Er¬
1478 2867 2252 2929 Erinnerung steht, ist von angenehmster per¬
2276 2881 3066 2928 braucht nicht weit auszuholen und ängstlich
1486 2919 2263 2966 sönlicher Erscheinung und verfügt über ein
2280 2922 3058 2976 vorzubereiten, um zu charakterisiren; eine
1485 2954 2260 3007 wohllautendes, eine umfangreiche Tonskala
2269 2959 3059 3019 fast unmerkliche Hebung und Senkung des
1479 2992 2257 3048 der menschlichen Stimme umfassendes Organ.
2271 2997 3056 3058 Tones, ein stärkerer Accent, eine Augenblicks¬
1474 3038 2257 3092 Was aber seine Darbietungen zu ganz her¬
2269 3040 3063 3103 pause, ein Darüberhuschen oder eine Dehnung.
1484 3070 2258 3111 vorragend künstlerischen macht, und wo¬
2272 3082 3045 3134 ein leises Vibriren der Stimme, ein klein auf¬
1470 3109 2251 3166 durch sich Herr Salzer sehr wesentlich von
2275 3122 3058 3176 gesetztes Licht oder ein Halbschatten auf
1480 3150 2250 3196 der Mehrzahl der jetzt bekannten Recitatoren
2264 3150 2740 3208 einem Worte, einer Silbe
2733 3161 2791 3205 —
2783 3160 3054 3214 und der ge¬
1475 3193 2256 3243 vortheilhaft unterscheidet, ist einerseits die
2271 3184 3051 3253 wünschte Effect ist da, der eigenartige Zug
1483 3224 2252 3290 Vermeidung aller ablenkenden theatralischen
2272 3230 3050 3279 tritt plastisch in Erscheinung. Die scheinbar
1477 3259 2244 3319 Posirungen, andererseits sein natürlicher
2258 3266 3043 3329 lose hingeworfene, dabei fein und prickelnd
1474 3305 2252 3356 Ausdruck des natürlich Empfundenen. Dem¬
2265 3312 3050 3368 pointirte Plauderei hat ja in Wien ihre Hei¬
1477 3346 2241 3386 gemäss ist die in pathetischer Sprache ver¬
2267 3352 3042 3405 math, deshalb trugen die originellen Cha¬
1475 3386 2245 3433 fasste Dichtung nicht der Gegenstand seiner
2255 3397 3051 3445 rakter- und Stimmungsbilder: Hermann
1469 3423 2251 3477 Darstellung, sondern mehr die ernste und
2260 3420 3058 3476 Bahr’s geistvolle Humoreske: „Die schöne
1475 3461 2245 3516 heitere Dichtung des „common lise“. Da
2263 3461 3051 3515 Frau“ und Chr. G. Morgenstern’s Wiener
1472 3504 2233 3550 aber leistet er Bedeutendes; und er weiss —
2254 3502 3042 3567 Sittenbild „Das Pferd“ mit ihrer der Wirk¬
1472 3535 2239 3584 so mit der kleinen Kindergeschichte von
2259 3542 3049 3600 lichkeit abgelauschten Genremalerei, sowie
1463 3576 2238 3630 Ernst von Wildenbruch — ebenso ernste, die
2254 3579 3048 3637 die volksthümlichen Gaben österreichischen
1469 3616 2245 3664 Herzen ergreifende, wie — so in den humo¬
2262 3616 3043 3683 Dialecthumors den stürmischsten Beifall davon.
1457 3661 2239 3704 ristischen Geschichten von Peter Rosegger
2255 3655 3055 3734 Herr Salzer entliess das Publikum in bester
2247 3692 2395 3751 Laune.
1467 3696 2253 3736 mit den Wiener „Strassenscenen“ — äusserst
1458 3732 2248 3780 heitere Stimmungen wiederzugeben und zu er¬
2314 3726 3055 3803 Remscheider Zeitung (7. 11. 00). Im
1467 3777 2235 3825 wecken. Die Zuhörer, die trotz des wenig ein¬
2254 3775 3047 3838 Bürgerverein trug am Sonntag Herr
1460 3804 2237 3865 ladenden Wetters zahlreich erschienen waren,
2249 3808 3053 3874 Marcell Salzer das dramatische Werk Gerhart
1459 3855 2241 3900 danikten dem Vortragenden für den künst¬
2256 3857 3048 3920 Hauptmann's „Die Weber“ vor, eine Leistung,
1460 3886 2112 3950 lerischen Genuss mit reichem Beifall.
2246 3894 3046 3947 die einen tüchtigen Recitator voraussetzt,
2254 3935 3046 3994 wenn sie befriedigen soll. Herr Salzer wusste
1522 3933 2228 4006 Przemysl (18. 3. 98). Militär-Wissen¬
2253 3977 3047 4030 das Stück so zum Vortrag zu bringen, dass
1469 3985 2169 4031 schaftlicher und Casino-Verein: — —
2251 4014 3047 4067 es seine Wirkung auf die Hörer nicht ver¬
1465 4023 2238 4083 haben mit Ihrem am 7. Februar 1898 in
2243 4051 3043 4110 fehlte. Das Nachtbild socialer Zustände, das
1455 4065 2228 4122 unserem Vereine gehaltenen Vortrage sich die
2250 4087 3056 4134 Hauptmann in den düstersten Farben malt,
1468 4102 2231 4171 volle und ungetheilte Zufriedenheit aller Zu¬
2243 4125 3041 4171 ist ja an sich schon geeignet, das Gemüth
1464 4140 1756 4191 hörer erworben.
2241 4166 2587 4201 mächtig zu ergreife
2723 4168 2848 4212 ortcal
