3392 4320
150 2945 300 2994 Wechsel¬
188 2985 299 3034 instler.
199 3024 284 3072 eiche
145 3061 223 3115 ich
142 3143 244 3189 uns
167 3180 253 3232 ervös
168 3220 285 3273 unsere
176 3261 238 3304 lie
179 3298 216 3340 Co
206 3298 244 3343 n
159 3916 219 3965 Dia
145 3957 251 4009 gleich
154 3998 315 4050 wurden.
150 4034 244 4084 der C
238 4039 325 4087 en
145 4073 309 4134 nen zum
871 203 1337 300 box 37/2
181 203 771 305 2. Cuttings
168 624 340 700 ass ihn
673 648 2241 714 Eindringen gestatten, wie es dem für sich itiefes Empfinden sind die Qualitäten, welche
235 684 328 732 aber
679 679 1455 732 Lesenden nicht möglich ist, zu besuchen, in
1467 701 2243 752 dem Herrn Vortragenden im Vereine mit
166 716 330 771 ebhaften
682 725 1456 771 den litterarisch gebildeten Kreisen als Ehren¬
1469 739 2258 792 einem kraftvollen, modulationsfähigen Organ
674 762 1455 816 pflicht erachtet wird. Salzer ist vornehmlich
1473 772 1965 823 einen vollen Erfolg sichern.
676 803 1467 853 Interpret der neuen Wiener Richtung mit
183 795 334 848 encron's
1540 810 2241 866 Dürkheimer Anzeiger (4. 11. 90). Herr
675 840 1447 883 ihrer Stimmungsmalerei, welche die ein¬
279 838 320 884 d,
1462 853 2238 905 Marcell Salzer erwies sich sowohl in den
670 878 1456 925 fachsten Vorgänge des Lebens in eigenartiger
1473 888 2243 937 classischen Schöpfungen von Goethe’s Genius
670 915 1456 965 Beleuchtung erscheinen lässt, aber in seiner
1471 931 2247 985 wie auch in moderner Dichtung, Poesie und
675 955 1458 998 litterarischen Feinfühligkeit weiss er auch
1464 966 2236 1010 Prosa als ein Meister der Vortragskunst. Wie
676 990 1454 1036 anders geartete Werke verständnissvoll zu
1471 1006 2241 1057 die ernsten Vorträge Salzer’s weihevollsten
672 1022 1448 1074 interpretiren, wovon die Vorträge aus Fontane
1472 1048 2240 1091 seelischen Eindruck hervorbrachten, so wirkte
679 1064 1444 1108 und Rosegger glänzendes Zeugniss ablegten.
1470 1089 2246 1131 der Künstler auch im humoristischen Theile
671 1099 1445 1153 Sehr interessant war der Schnitzler'sche
1472 1125 2235 1163 durchschlagend, so dass der gestrige Vor¬
666 1137 1451 1186 Dialog: „Weihnachtseinkäufe“ von dem
1469 1163 2239 1212 tragsabend des „Wissenschaftlichen
676 1160 1454 1228 Wiener selbst mit echt Wiener Lebhaftigkeit,
1467 1199 2245 1263 Vereins“ zu einem der amüsantesten zählt.
665 1218 1464 1258 Schalkhaftigkeit und Humor übermittelt. Die
671 1256 1457 1308 hohe Charakterisirungskunst des Vortragen¬
1652 1274 2051 1350 „Jung-Wien.“
667 1287 1461 1340 den trat besonders auch in der prächtigen
677 1338 1464 1380 Wiedergabe von Dichtungen von Liliencron
1532 1321 2250 1406 Düsseldorfer Zeitung (2. 2. 99). Wiener
668 1369 1444 1423 zu Tage, wovon das „Gewitter“ „Bruder
1461 1380 2245 1440 Luft durchwehte gestern Abend den
667 1393 1449 1451 Lüderlich“, „Betrunken“, „Die Musik kommt“
1471 1424 2249 1472 Heck'schen Hotelsaal, wo sich die Mit¬
673 1448 1455 1490 den Hörern unvergesslich bleiben werden; in
1467 1464 2234 1516 glieder und Freunde der „Freien litte¬
665 1478 1456 1539 der meisterhaften Interpretation dieser rea¬
1467 1503 2243 1552 rarischen Vereinigung“ versammelt hatten.
671 1525 1455 1573 listischen Stimmungsdichtung dürfte Salzer
1472 1539 2244 1588 um einen Wiener über Wiener Litteratur und
673 1557 1445 1608 kaum einen Rivalen haben. Der Künstler
1463 1581 2241 1637 in letzter Linie über Wien plaudern zu hören.
663 1603 1450 1646 fand hier wieder reichen und wohlverdienten
1459 1612 2233 1674 Alle die weltbekannten Typen, die der
671 1637 1456 1688 Beifall, und wir schliessen uns dem Wunsche,
1467 1653 2243 1698 schönen Donaustadt ihren Charakter ver¬
662 1678 1454 1726 ihn im nächsten Winter wieder hier zu sehen,
1465 1692 2239 1735 leihen, erschienen im Saal. Zuerst ein
671 1717 1458 1766 von Herzen an. Sein jetziges Auftreten hat
1462 1731 2240 1789 Wiener von Fleisch und Blut, Herr Marcell
669 1748 1451 1818 seinen Freundeskreis hier wesentlich er¬
1464 1763 2236 1812 Salzer, der als echter Oesterreicher die Prater¬
672 1789 842 1840 weitert.
1463 1809 2236 1862 stadt über Alles liebt, ihren Ruhm der Welt
747 1808 1442 1878 Darmstädter Tagblatt (28. 11. 96). Herr
1472 1853 2237 1896 verkündet und dem man bei seinen vielen
659 1864 1445 1923 Marcell Salzer ist ein feinsinniger Recitator,
1464 1887 2232 1929 liebenswürdigen Eigenschaften es gern nach¬
669 1909 1445 1950 dem neben einem lebendigen und temperament¬
1467 1918 2238 1974 sieht, wenn er den einen oder den anderen
662 1949 1456 2003 vollen, nach allen Regeln der Kunst ge¬
1460 1961 2231 2011 Wiener Poeten ein wenig überschätzt. Wir
670 1989 1442 2039 schulten Vortrage ein klangvolles und sehr
1459 1997 2233 2046 sahen sie vor uns, die Wiener Damen: „Die
662 2024 1425 2068 modulationsfähiges Organ zur Seite steht.
1460 2043 2232 2083 schöne Frau“ Hermann Bahr’s, die bewundert
739 2065 1454 2118 Neue Hessische Volksblätter (Darm¬
1455 2084 2243 2127 werden will, die chice und elegante Dame
672 2102 1446 2154 stadt, 28. 11. 96). Salzer ist ein so vor¬
1463 2118 2233 2175 der grossen Welt, und „Das süsse Mädel“
665 2144 1443 2187 züglicher Interpret der Dichterwerke, wie man
1459 2156 2235 2204 die Arthur Schnitzler in der Liebeleimanier
661 2180 1225 2232 ihn selten wieder finden wird.
1461 2196 2233 2244 vorführte, und das zarte, duftige Mädchen,
744 2208 1439 2266 Dresdner Nachrichten (3. 12.97). Nach¬
1457 2241 2235 2288 das der sensible Peter Altenburg gezeichnet
662 2259 1442 2304 dem der Verein „Dresdener Presse“ mit der
1464 2275 2248 2319 hat. Christian G. Morgenstern wartete mit
675 2295 1442 2353 Veranstaltung seiner litterarischen Abende ein
1471 2314 2231 2358 einigen „Wachmännern“, einer verfehlten
661 2325 1450 2379 löbliches Beispiel gegeben, fangen auch
1461 2353 2233 2403 Grossstadtexistenz und einem echten Fiaker
668 2370 1450 2418 andere hochangesehene hiesige Gesellschaften
1467 2391 2239 2432 auf, und Anton Lindner endlich sang ein
666 2402 1452 2459 an, der einseitigen Bevorzugung musikalischer
1464 2430 2236 2478 Loblied auf Wien, Donau und Prater. Nur
667 2446 1449 2487 Unterhaltung Valet zu sagen und neben dem
1468 2467 2239 2517 zwei Dichter, J. J. David und Huge von Hof¬
666 2481 1440 2528 Musiker auch dem Schriftsteller und Dichter
1462 2508 2242 2554 mannsthal, hielten sich gestern fern von
666 2524 1442 2561 zu seinem Rechte zu verhelfen. Die rheto¬
1465 2547 2233 2593 Wien und suchten, entkleidet von jedem
669 2555 1449 2614 rische Veranstaltung des „Neustädter Casino“
1456 2583 2239 2631 pikanten Reiz, allein als Dichter zu wirken
669 2594 1443 2651 war um so interessanter, als man nicht nur
1459 2622 2250 2677 und zu gefallen. Herr Marcell Salzer ist ein
660 2639 1453 2682 in dem Vortragenden, Herrn Marcell Salzer
1463 2664 2254 2713 trefflicher Vortragsmeister. Sein Organ ist
656 2666 1445 2728 aus Wien, die Bekanntschaft eines mit
1454 2700 2237 2741 klangvoll und sehr geschult. Er trifft mit
670 2710 1445 2757 schönen Mitteln und warmem Cefühl aus¬
1456 2732 2232 2780 den ersten Worten die Stimmung jeder Dich¬
665 2749 1450 2806 gestatteten Recitators machte, sondern auch
1457 2773 2241 2818 tung und überträgt sie auf sein“ Hörer.
661 2788 1450 2843 zugleich Gelegenheit hatte, Einblick zu
1455 2814 2225 2862 Dichtungen, wie die Gedichte von J. J. David,
668 2830 1447 2875 thun in das litterarische Schaffen der jungen
1448 2858 2236 2901 die Skizzen von Peter Altenberg und den
673 2869 1437 2917 Wiener Dichterschule. — — Einen wesent¬
1458 2888 2234 2941 Dialog von Arthur Schnitzler bringt er
659 2904 1444 2960 lichen Antheil am eindrucksvollen Erfolge
1463 2926 2233 2988 vollendet zum Vortrag. Eine eigenartige
659 2933 1449 2991 hatte die lebenswarme, fein nuancirte Vor¬
1464 2971 2227 3024 Stimmung lag während des Vortrags über
663 2980 1447 3041 tragskunst des Marcell Salzer. Den Schluss
1455 3008 2234 3061 dem Publikum: Im wohligen Gefühle der Ge¬
661 3022 1437 3084 der Vorträge bildete eine lange Reihe
1460 3042 2228 3095 borgenheit, des Unbetheiligtseins, liess man
659 3063 1437 3112 Rosegger’scher Dichtungen, denen eine vor¬
1462 3087 2225 3128 sich von der „gnädigen Frau“ erzählen, die
657 3103 1445 3145 zügliche Beherrschung des Dialectes und eine
1455 3124 2229 3174 für das „süsse Vorstadtmädel“ Blumen kauft,
656 3139 1443 3183 fein pointirte Dialogausgestaltung zu Hilfe
1453 3159 2223 3205 lachte man über die „schöne Frau“, die ohne
660 3179 1438 3239 kam, so dass eine zündende Wirkung nicht
1457 3204 2229 3243 Bewunderung nicht leben kann, vernahm man
661 3216 835 3262 ausblieb.
1459 3243 2225 3285 die verhaltenen Schmerzen eines Kindes und
740 3235 1435 3302 Dresdner Anzeiger (3. 12. 97). Herr
1452 3283 2232 3326 die unterdrückte Angst eines Vaters und
652 3286 1432 3348 Salzer verfügt über ein klangvolles, modu¬
1333 3326 1367 3356 17
1456 3313 2221 3360 und hörte auf die lallenden Laute eines
656 3331 1443 3385 lationsfähiges Organ, er spricht mit Wärme
1455 3357 2223 3398 Trunkenen, der den ganzen Vortrag mit einer
664 3372 1436 3417 und Innerlichkeit; er weiss zu fesseln, die
1455 3396 2223 3460 tief ernsten und tragischen Note ausklingen
662 3410 1432 3457 Hörer in die nöthige Stimmung zu zwingen.
1448 3434 1569 3487 liess.
658 3452 1444 3497 Für den Ernst wie für den Humor fand er
1514 3448 2219 3518 Düsseldorfer Volksblatt (3. 2. 90). Der
660 3487 1448 3528 die rechten Töne, mochten die Gaben in
1451 3505 2233 3557 am Mittwoch Abend im Festsaale des Hotels
652 3517 1433 3576 hochdeutscher oder in österreichischer Sprache
1456 3550 2228 3599 Heck von der „Fréien litterarischen Ver¬
659 3566 1433 3616 gehalten sein, erstere sprach er ebenso rein,
1457 3593 2229 3643 einigung“ veranstaltete Recitationsabend des
656 3603 1440 3665 wie aus seinem Munde unverfälscht die öster¬
1448 3626 2229 3680 Herrn Marcell Salzer aus Wien war ausser¬
660 3645 1177 3688 reichischen Idiome klangen.
1445 3666 2217 3717 gewöhnlich zahlreich besucht. Herr Salzer
1451 3705 2225 3743 schickte diesmal seinen Recitationen eine
734 3685 1435 3761 Dresdner Anzeiger (16. 11. 99). Ausser¬
1456 3741 2226 3798 geistreiche litterarische Randnote voran, in
648 3741 1433 3793 ordentlich fesselnd gestaltete sich der zweite
1448 3781 2217 3821 der er die geistigen Strömungen und Ent¬
651 3782 1437 3841 Vortragsabend der Dresdner Kaufmann¬
1451 3818 2221 3866 wickelungen des litterarischen „Jung-Wien“
656 3823 1424 3868 schaft im Neustädter Casino am Dienstag, zu
1448 3856 2228 3900 in fesselnder Weise schilderte und als das
644 3855 1434 3914 dem die Gesellschaft einen Recitator aus Wien,
1443 3896 2225 3936 gemeinsam Befruchtende die verklärende
648 3901 1426 3952 Herrn Marcell Salzer, gewonnen hatte. Herr
1459 3932 2225 3977 Wiener Sonne, die dort über guten und bösen
645 3950 1444 3996 Salzer rechtfertigte den ihm vorausgehenden
1454 3967 2218 4018 Schriftstellern leuchtet, durchscheinen liess
640 3983 1433 4026 guten Ruf im vollsten Maasse und zeigte
1453 4008 2225 4052 Daran schloss sich der Vortrag von Dich¬
656 4023 1430 4068 sein Verständniss für unsere Dichter und sein
1444 4042 2224 4100 tungen J. J. Davids, Peter Altenberg’s und
651 4053 1437 4111 vorzügliches Vortragstalert in hellstem Lichte.
1449 4087 2214 4133 der H. Bahr’schen Humoreske „Die schöne
642 4079 1432 4151 Obwohl Vorträge humorestischer Art meist
1454 4122 1540 4159 Frau
1600 4124 2213 4162 Die geistvolle so sehr versönliche
2253 644 3044 705 Lebensbild, das Hierr Salzer zur geistvollen
2265 703 3051 753 Sittenskizze zu machen weiss. Auch Hugo
2260 738 3044 780 v. Hofmannsthal’s und Lindner’s subtil ge¬
2259 774 3043 830 fühlte Dichtungen hinterliessen den gewollten
2253 816 3044 866 Eindruck. Jedenfalls haben wir in Herrn
2262 853 3046 901 Marcell Salzer einen geistvollen, reich und
2263 883 3052 939 feinfühlenden Recitator kennen gelernt, dessen
2255 936 3050 981 anmuthige Eigenart Jedem in angenehmster
2264 965 3044 1020 Erinnerung bleiben wird, dem er die zuweilen
2258 1016 3036 1070 scharfe aber brustreinigende Wiener Luft zu¬
2251 1046 2517 1105 gefächelt hat.
2329 1076 3036 1138 Düsseldorfer Volksblatt (27. 1. 99). Herr
2255 1121 3050 1180 Marcell Salzer darf als ein Meister edler,
2259 1159 3046 1218 klarer, durch prägnante Charakterisirungs¬
2258 1203 3047 1253 kunst hervorstechende Vortragskunst be¬
2247 1235 3052 1292 zeichnet werden. Auf einen Schlag tauchen
2243 1275 3046 1333 die Gestalten plastisch, gerundet, in charakte¬
2250 1320 3050 1364 ristischer Prägung und Färbung des Tones
2251 1359 3044 1409 vor uns auf und werden nun mit fesselnder
2256 1396 3046 1441 Lebendigkeit, Zug um Zug nach ihrer Art in
2259 1432 3049 1488 Augenblicksbildern festgehalten und seelisch
2261 1469 3052 1522 entwickelt. Dieses Festhalten und Aus¬
2256 1500 3045 1560 spinnen der Charaktere erzeugt ein behag¬
2261 1552 3054 1591 lich warmes Stimmungscolorit und zugleich
2259 1589 3045 1635 den Reiz unmittelbarer Anschauung und
2246 1625 3042 1676 Empfindung. Man ist bei Salzer immer
2256 1656 3042 1712 Augen- und Ohrenzeuge der geschilderten
2249 1698 3037 1754 Vorgänge, und da wir nichts lieber glauben,
2256 1744 3045 1791 als was wir selber sehen, hören und
2257 1775 3052 1835 empfinden, so ist die Wirkung seiner Reci¬
2257 1819 3045 1862 tation eine tiefinnerliche. Durch keinerlei
2255 1852 3041 1914 andere Mittel, als sein weiches, sehr Sym¬
2251 1897 3041 1944 pathisches Organ, die schattirungsreiche, dia¬
2251 1936 3049 1994 lectisch geschulte Vortragskunst und durch
2255 1974 3039 2015 seine ganz meisterhafte Art der Tonfärbung
2254 2011 3048 2068 und Nuancirung — dann und wann unter¬
2257 2047 3052 2103 stützt durch ein flüchtiges Hin und Her der
2251 2084 3050 2136 Gesichtsmuskeln — erzielt Herr Salzer be¬
2256 2125 3040 2176 deutende Wirkungen. Dass sich die Vor¬
2257 2168 3037 2221 träge wärmster Anerkennung und Aus¬
2252 2193 3046 2263 zeichnung erfreuen durften, braucht wohl
2255 2244 2832 2292 kaum erst versichert zu werden.
2319 2273 3035 2338 Bürger - Zeitung (Düsseldorf, 5. 2. 99).
2250 2318 3040 2375 Herr Marcell Salzer ist in der That ein fein¬
2254 2361 3047 2406 sinniger Recitator, dem neben einem lebendigen
2254 2400 3034 2445 temperamentvollen, nach allen Regeln der
2242 2437 3042 2486 Kunst geschulten Vortrage ein klangvolles,
2248 2476 3041 2523 modulationsfähiges Organ zur Seite steht; in
2255 2517 3043 2568 ihm dürfte die moderne Kunst ihren be¬
2250 2557 2858 2615 rufenen Recitator gefunden haben.
2318 2624 2968 2702 Moderne Humoresken.
2311 2677 3050 2751 General-Anzeiger für Düsseldorf und
2243 2720 3040 2786 Umgegend (29. 1. 90). Während sonst Re¬
2243 2769 3048 2829 citatoren nicht ohne einiges Pathos und Pose
2247 2810 3037 2865 auszukommen vermeinen, ist Salzer’s Vor¬
2247 2846 3032 2898 tragsweise von der unbedingtesten Natürlich¬
2247 2890 3029 2931 keit. Unterstützt von einem weichen, bieg¬
2250 2924 3034 2975 samen Organ, das in seiner Klangfarbe merk¬
2243 2964 3035 3012 würdige Achnlichkeit mit dem Josef Kainz'
2247 3004 3031 3050 hat, trägt er die betreffenden Schöpfungen in
2243 3049 3035 3095 einfachem liebenswürdigem Plauderton vor,
2242 3087 3029 3128 dabei ist die Charakteristik der einzelnen
2242 3120 3033 3176 Personen scharf durchgeführt, und ob Scherz
2247 3164 3027 3212 oder Ernst, stets weiss Salzer in eigenthüm¬
2241 3194 3034 3249 licher Weise zu erfreuen oder zu rühren.
2251 3236 3029 3292 Wie er die Liliencron'schen Gedichte: „Das
2246 3277 3022 3321 Gewitter“, „Bruder Lüderlich“ und „Be¬
2241 3312 3029 3357 trunken“ vortrug, das verdient wirklich con¬
2241 3353 3032 3405 genial genannt zu werden. Detlev v. Lilien¬
2240 3393 3031 3443 cron weiss selbst, dass es keinen besseren
2230 3433 3033 3489 Interpreten seiner Gedichte giebt, als Marcell
2246 3468 3028 3526 Salzer. Das Entzückendste seiner Dar¬
2240 3507 3024 3563 bietungen war übrigens der zweite Theil,
2247 3541 3027 3597 umfassend Rosegger: „Die Geschicht' vom
2242 3590 3030 3639 trutzigen Bauern“, worin er die verschiedenen
2238 3626 3027 3679 Bauernstimmen mit wunderbarer Feinheit
2232 3668 3029 3718 Scharakterisirte, die Wiener Humoreske: „Die
2246 3698 3036 3760 schone Frau“ von Hermann Bahr und „Das
2246 3741 3030 3784 Pferd“ von Chr. Morgenstern, die beiden
2242 3780 3038 3825 letzteren in Wiener Dialect, den Salzer als
2235 3818 3024 3858 geborener Wiener meisterhaft beherrscht.
2245 3856 3027 3906 Salzer ist ein vornehmer, feinsinniger Künstler,
2231 3898 3030 3943 der die Pointen nicht unterstreicht und jenes
2231 3927 3029 3993 Behagen hervorbringt, wie es eben nur ein
2232 3966 3021 4026 echter Humorist vermag. Dabei ist er
2234 4015 3027 4059 litterarisch hochgebildet und besitzt jenen
2240 4057 3012 4101 feinen Geschmack, der ihn zum berufenen Inter¬
2234 4097 3030 4148 preten der modernen Dichtung stempelt.
2563 4135 3011 4181 =Mlieen Salzer das lden!
