3344 4352
863 227 1312 310 box 37/2
176 227 829 325 2. Cuttings
467 690 1254 769 werden liess, einen gewaltigen Eindruck
473 738 649 792 machten.
554 768 1270 829 Wie eine Erlösung aus einem schweren
473 819 1247 872 Traum wirkte zum Schluss die Humoreske
478 864 1253 909 „Die schöne Frau“ von Hermann Bahr, die
465 895 1240 947 der Recitator mit all der Schalkhaftigkeit und
462 943 1256 992 guten Laune vortrug, die den Wienern, wenn
469 985 1245 1029 sie sich den Charakter durch die Politik
459 1014 1097 1062 nicht verderben lassen, eigen sind.
544 1055 1237 1104 Herr Salzer hätte die beinahe zwei
468 1098 1246 1141 Stunden dauernde Reihe von Vorträgen nicht
460 1124 1248 1188 besser abschliessen können, und wenn
467 1174 1242 1228 er, wie wir hoffen, nach Solothurn zurück¬
458 1214 1244 1258 kehrt, möge er uns wieder etwas so echt
457 1254 1246 1318 Wienerisches als Zugabe zu seinen ernsten
461 1281 915 1339 Darbietungen bescheeren.
540 1325 1242 1382 St. Gallen, Ostschweiz (13. 1. 99). Herr
472 1370 1242 1409 Marcell Salzer besitzt eine aussergewöhnliche
472 1409 1241 1451 Modulation der Stimme und grosse Voll¬
472 1451 1232 1493 endung in der Application auf seine Sujets
478 1491 1240 1539 verbunden mit köstlicher Mimik. Es liegt in
466 1524 1243 1579 ihm ein tief angelegter Humor, der oft ohne
463 1562 1195 1616 Präludien als richtiger Schalk hervortritt.
540 1605 1240 1646 Tageblatt der Stadt St. Gallen (20.0.99).
454 1641 1232 1695 Für Humor wie Tragik, für das stolze Pathos
450 1676 1239 1727 Schiller’scher Diction wie für die Gewalt
457 1716 1237 1772 elementarer Laute in einem „Pidder Lüng“,
455 1759 1238 1810 für Selbstironie und graciöses Spiel wie für
451 1792 1241 1843 die verhaltenen Töne der Schwermuth und
451 1837 1232 1876 Sehnsucht hat der Künstler ein Organ, und
449 1877 1233 1926 seine Seele ist einem feinen und zarten In¬
453 1907 1222 1959 strumente gleich, dem sich auch die ge¬
453 1950 1231 1995 heimsten Schwingungen des dichterischen
456 1983 1230 2053 Empfindens mittheilen. Es ist wie eine
446 2030 1231 2075 Offenbarung, wenn Salzer eine vielleicht un¬
456 2074 1237 2114 scheinbare Strophe aufblühen lässt, wie ein
456 2110 1233 2158 Aschenbrödel im Märchen — Alles glänzt
450 2149 1227 2191 und leuchtet und ist junger, süsser Schön¬
451 2177 1231 2232 heit voll. Nur reife Kunst vermag so mit¬
453 2229 1231 2276 zutheilen, nur eine geradezu dichterische
454 2261 1231 2318 Natur so zu empfangen, dass der Einsatz
456 2306 1222 2360 allen Fleisses sich derurt reich in der Wieder
442 2342 820 2397 gabe äussern kann.
523 2376 1235 2432 St. Galler Stadt-Anzeiger (29. 9. 99).
451 2426 1225 2468 Salzer’s Kunst hat nichts mit der süsslichen
454 2463 1225 2516 Lyrik der Romantik gemein; es ist ein
442 2502 1229 2560 ingendstarker Realismus mit dem kräftigen
451 2539 990 2593 Erdgeruch der modernen Zeit.
547 2581 1231 2622 Thun: Täglicher Anzeiger (27.2.1900).
496 2623 1223 2666 Als Glanznummer des Abends darf wohl
443 2652 1234 2712 Ernst von Wildenbruch's—HöVelle—„Das
447 2687 1234 2747 Orakel“ angeschen werden. Der Dichter
443 2739 1227 2780 fordert den Leser auf, einmal niederzu¬
449 2767 1221 2816 schreiben, was ihm im Laufe einer schlaf¬
443 2807 1224 2858 losen Nacht mit greifbarer Deutlichkeit vor
445 2848 1226 2908 die Scele tritt. Längstvergessene Bilder aus
452 2890 1224 2932 der Jugendzeit ziehen an seinem geistigen
451 2932 1233 2969 Auge vorüber, eine bunte Gallerie von dahin¬
455 2971 1225 3019 gegangenen und verschollenen Freunden und
448 3009 1217 3053 Bekannten und mit ihnen verknüpfter Er¬
449 3050 1217 3090 innerungen, Eindrücke und Begebenheiten be¬
445 3087 1219 3135 herrschen in unheimlicher Deutlichkeit sein
441 3130 1216 3183 Bewusstsein. Auch dem Dichter ist in einen
446 3172 1235 3213 schlaflosen Nacht eine solche Gestalt wieder
447 3211 1223 3260 erstanden. Die merkwürdige, die Lachlust
453 3249 1223 3288 und Bosheit der übermüthigen Knaben heraus¬
449 3286 1225 3327 fordernde Situation, in welcher er seinen ge¬
444 3320 1228 3377 quälten, verspotteten und heimwehkranken
451 3360 1224 3405 Kameraden „Mops“ zum letzten Male sicht
452 3401 1220 3449 und deren ernste Folgen lieferten dem Dichter
443 3443 1220 3488 den Stoff zu der ergreifenden Novelle. Wie
454 3483 1227 3539 oft begegnen wir in der Litteratur aller
455 3523 1223 3570 Völker (z. B Dickens, Alphonse Daudet u. a. m.)
446 3563 1232 3613 der pathetischen Gestalt des verstossenen,
441 3604 1228 3651 ausgelachten und unverstandenen Kindes,
445 3638 1229 3689 das seines tiefen Gemüthes wegen so schwer
444 3679 1223 3726 leiden muss und seinen Jammer Niemandem
438 3710 686 3766 klagen kann.
524 3747 1220 3807 Toggenburger Anzeiger, Wattwil (31.3.
442 3802 1227 3835 1000). — Es waren zwei Stunden seltensten
440 3832 1221 3884 Hochgenusses, die Marcell Salzer dem
440 3865 1222 3924 lauschenden Publikum mit seiner Kunst be¬
445 3918 1227 3963 reitetc. Ein Theil seines Erfolges liegt in
446 3952 1218 3995 der gelungenen Stoffauswahl, der bedeutendere
442 3997 1231 4035 jedoch in dem dichterischen Empfinden und
438 4029 1222 4070 seiner phänomenalen Beherrschung des Sprach¬
450 4071 1221 4118 organs. Was Salzer spricht, hat Seele,
444 4100 1222 4146 Temperament, pulsirendes, warmes Leben, ist
446 4139 1221 4183 begleitet von ausdrucksvollem Mienensviel.
1602 622 1732 669 20 —
1277 693 2044 771 zwei Stunden lang in steter Spannung zu
1269 749 1399 797 halten.
1345 783 2033 846 Wüdentweil: Allg. Anzeiger von Dürich¬
1273 833 2038 873 see (5. 9. 1899). Salzer’s Vorträge boten uns
1270 871 2040 926 einen künstlerischen Genuss, wie wir ihn
1277 905 1767 958 selten zu hören bekommen.
1351 943 2038 994 Winterthur: Neues W. Tagblatt (10 10.
1273 976 2033 1039 90.) Wir hoffen, dass der reiche Erfolg seines
1265 1026 2043 1082 Debüts Herrn Salzer veranlassen wird, uns
1268 1070 2032 1110 auch in Zukunft mit seinem Besuche zu be¬
1263 1106 2037 1154 ehren. Herr Salzer ist in der That ein Reci¬
1271 1143 2040 1194 tator von ganz hervorragender Begabung und
1272 1187 2038 1232 von einer so vollendeten Schulung, dass die
1264 1222 2039 1274 Sicherheit und Natürlichkeit, mit der er die
1264 1261 2028 1314 Gefühle, Stimmungen und Sprache der ver¬
1256 1300 2026 1357 schiedenartigen Gestalten seiner Darbietungen
1264 1336 2040 1397 zum Ausdruck bringt, kaum mehr die
1265 1374 2030 1421 Schwierigkeit der Kunst ahnen lässt, die dem¬
1266 1415 2027 1466 selben zu Grunde liegt Allerdings hat die
1269 1453 2041 1497 Natur auch Herrn Salzer Alles gegeben. was
1261 1497 2028 1544 für einen vollendeten Recitator von Nöthen
1265 1532 2024 1585 ist: ein höchst sympathisches, vollklingendes
1252 1573 2032 1617 und modulationsfähiges Organ, das, ver¬
1256 1611 2025 1654 bunden mit einem lebhaften und geschmeidigen
1260 1645 2024 1694 Naturell ihm erlaubt, in dramatischen
1253 1681 2024 1734 Schöpfungen die Stimmen der verschiedenen
1266 1728 2022 1772 Charaktere, alten wie jungen, männlichen wie
1265 1765 2026 1822 weiblichen täuschend nachzuahmen, ohne je
1254 1802 2022 1857 in Carricatur oder Uebertreibung zu ver¬
1254 1846 2033 1898 fallen. Gleich der Vortrag der ersten Nummer,
1246 1887 2023 1935 „Das Orakel“ von Wildenbruch, war eine
1253 1931 2024 1970 Glanzleistung und der Eindrück, unter dem
1252 1956 2020 2009 das Publikum nach Anhörung dieser Novelle
1258 2001 2024 2049 stand, war ein so überwältigender, dass es
1260 2045 2022 2089 einiger Zeit bedurfte, bis der Bann gebrochen
1260 2085 2028 2129 und ein rauschender Applaus seiner Be¬
1254 2126 2018 2175 wunderung Ausdruck zu verleihen vermochte
1256 2153 2015 2209 Nicht minder dankbar zeigten sich die Zu¬
1252 2195 2025 2248 hörer für die Recitation von sechs Liliencron¬
1253 2239 2023 2292 Gedichten Man gewann sofort den Eindruck,
1254 2273 2020 2332 in Herrn Salzer. den denkbar besten Interpreten
1247 2316 2027 2366 dieser neuen Schule vor sich zu haben. Ja,
1254 2353 2022 2407 da war Alles neu in diesen Gedichten, Form
1253 2396 2014 2445 und Inhalt, in den ernsten wie in den
1248 2431 2018 2483 heiteren, aber Tragik, Gemüth, Tiefe und
1258 2473 2014 2523 sprudelnder Humor, Alles wurde vom Reci¬
1260 2506 2012 2564 tator so wahrheitsgetreu, so unmittelbar und
1254 2558 2019 2605 plastisch dargestellt, dass sich dem Neuen
1246 2597 2019 2640 gleich willig alle Herzen öffneten und man
1253 2637 2018 2677 unmerklich von tiefster Erschütterung zu
1256 2665 1895 2720 höchster Lust-hinübergeleitet wurde.
1323 2708 2023 2767 Wie tief tragisch wirkte „Pidder Lüng“
1252 2748 2008 2794 und wie lachte Herz und Mund beim „Ge¬
1253 2782 2012 2832 witter“, waren das Bilder und Töne und
1246 2815 2013 2876 Weisen, so neu und doch so traut, so innig,
1252 2869 2014 2914 so einschmeiehelnd, wie man ähnliche noch
1248 2900 1559 2955 nie gehört hatte.
1305 2941 2007 2999 Neue Züricher Zeitung (8. 1. 99). Aus¬
1248 2990 2014 3037 zug aus dem Feuilleton „Jung-Wien in
1251 3029 2006 3074 Zürich“. (Zum litterarischen Abend des
1243 3068 2016 3122 Lesezirkels Hottingen). Wien! Mag man
1248 3106 2013 3160 auch hier zu Lande manchmal das Haupt
1242 3158 2007 3201 schütteln, wenn von politischen und natio¬
1256 3193 2013 3240 nalen Verhältnissen Oesterreichs die Rede ist,
1256 3234 2007 3279 dem Zauber, den österreichische Kunst und
1256 3269 2021 3314 Dichtung auf Jeden ausüben, vermag sich
1246 3311 2019 3365 Niemand zu entziehen. Es ist ja auch da
1254 3347 2023 3403 Vieles so anders, so fremdartig! Meist zu
1246 3391 2015 3435 üppig, zu farbenprangend; „luxuriöse Schön¬
1256 3430 2006 3474 heiten“ nannte einmal ein Engländer die
1257 3464 2011 3513 Wienerinnen, und dies Wort gilt auch von
1248 3505 1977 3558 der schönsten, cocettesten Frau Wiens
1252 3547 2009 3597 der Wiener Muse. Aber die süsse, stolze
1252 3582 2006 3633 Anmuth, mit der sie sich bewegt, der feine
1250 3621 2019 3673 Geschmack, mit welchem sie alles Bunte zu
1239 3664 2009 3709 augerquickender Harmonie ordnet, erobert ihr
1245 3703 2013 3750 alle Herzen viel schneller, als ihrer steiferen,
1244 3744 2008 3786 mageren und gesellschaitlich gewandteren
1252 3785 2005 3822 norddeutschen Schwester. Oft wechselt sic
1245 3817 2009 3863 das Kleid, bleibt aber immer dasselbe liebe,
1250 3852 2007 3896 verwöhnte, grosse Kind, das nicht erst, wie
1255 3895 2003 3937 es sich gebührt, an die Thür klopft, sondern
1244 3931 2006 3982 sie mit frischem Lachen aufreisst, ein herziger
1245 3969 1553 4019 vertrauter Gast.
1313 3998 2011 4062 Der wienerischsten aller Künste, der
1249 4049 2006 4090 Musik, haben Wiener Baumeister hier in
1246 4091 2008 4135 Zürich das Theater und die Tonhalle erbaut,
1302 4130 2014 4178 besonders letztere trägt lustig und prunk¬
2063 718 2843 765 beim Schweizer Publikum verwandte Saiten
2055 762 2850 818 mitklingen zu lassen, die Alpen thürmen sich
2066 801 2845 845 als Hintergrund dieser Dichtungen, schlichtes,
2072 840 2851 886 starkes Gefühl und ein reiches Innenleben
2063 873 2404 927 bilden ihren Kern.
2124 911 2838 971 Der Lesezirkel Hottingen, der den
2051 947 2845 1017 Zürichern vor zwei Jahren Rosegger lebendig
2062 997 2832 1042 und leibhaftig hercitirte, hat es nun über¬
2064 1039 2836 1077 nommen, Vermittler einer ganz neuen, eigen¬
2060 1077 2845 1110 artigen und reizvollen Bekanntschaft zu
2053 1111 2842 1166 werden. „Jung-Wien, die Elite der modernen
2064 1147 2845 1193 Wiener Poeten, soll uns vorgeführt werden,
2059 1194 2843 1245 und Marcell Salzer, ein geistvoller Feuilletonist
2055 1225 2837 1276 und congenialer Recitator in einer Person,
2056 1270 2839 1322 wird am nächsten Montag Abend uns mit
2057 1304 2841 1350 jener anmuthvollen Kraft, die man ihm aller¬
2053 1346 2836 1398 orten nachrühmt, in das neue Wien entrücken,
2055 1377 2833 1455 in die Stadt Hermann Bahr’s, Arthur
2059 1419 2593 1478 Schnitzler’s, Peter Altenberg’s.
2127 1449 2836 1517 Dieses neue litterarische Wien, wie ver¬
2057 1502 2840 1555 schieden ist es doch von dem alten! Was
2052 1529 2822 1587 haben diese müden, aufgeregten, nerven¬
2056 1576 2830 1623 streichelnden und empfindungsschaukelnden
2044 1606 2837 1669 Pocten mit Grillparzer, mit Bauernfeld, mit
2056 1647 2858 1703 Anzengruber zu thun? Suchen sie uns nicht,
2050 1694 2831 1758 der Eine auf diese, der Andere auf jene
2060 1724 2830 1770 Weise, den modernen Menschen darzustellen,
2055 1768 2831 1804 statt altmodischer Ideale, der Eine, indem ei
2055 1804 2833 1858 tief in die eigene Brust greift und uns seine
2057 1843 2829 1902 geheimsten Scelenschwingungen mitmachen
2058 1882 2831 1936 lässt, der Andere, indem er uns Alles, was
2057 1918 2834 1974 modernes Grossstadtleben zu Tage fördert,
2050 1962 2835 2005 vor die Augen führt? Doch gemach, ein
2051 1996 2831 2055 Gemeinsames ist geblieben! Mögen sich die
2052 2034 2830 2095 Jungen so realistisch und neuartig gebärden,
2048 2078 2828 2135 wie sie wollen, mag die litterarische Physio¬
2049 2110 2832 2167 gnomie des Einen der des Andern noch so
2049 2156 2841 2201 unähnlich sein, es ist Wiener Sonne, die auf.
2048 2192 2842 2247 sie Alle scheint, und die hat gar ein mildes,
2047 2233 2838 2295 verklärendes, versöhnendes Licht, das Licht
2047 2265 2309 2316 der Schönheit.
2103 2293 2823 2366 Ein bekannter Wiener Feuilletonist be¬
2037 2345 2827 2409 hauptete einmal, wenn das Publikum der be¬
2044 2387 2820 2439 rüchtigten Wiener Verbrecherspelunken zu
2046 2425 2816 2476 tanzen anfange, sehe es edel und anmuthig
2042 2469 2819 2510 aus, trotz aller inneren Rohheit. Darum
2035 2509 2825 2554 giebt es keinen österreichischen Naturalismus
2035 2543 2819 2598 im norddeutschen Sinne. wird es nie einen
2042 2575 2817 2635 geben. Im tiefsten Grunde werden dem
2037 2621 2822 2666 Schweizer die meisten Erzeugnisse des nord¬
2039 2663 2823 2712 deutschen Naturalismus unverständlich sein,
2040 2695 2820 2735 weil sie auf einer hier unfassbaren Schroff¬
2034 2735 2821 2795 heit der Standesunterschiede beruhen. Das
2035 2773 2825 2817 tritt in Oesterreich, wie im Süden überhaupt,
2040 2815 2812 2867 viel mehr zurück, das allgemein Menschliche
2040 2847 2805 2890 viel mehr hervor. „Menschen, Menschen san
2022 2887 2809 2944 mer Alle“, heisst’s in einem beliebten Wiener
2024 2927 2825 2977 Gassenhauer, und die Durchführung eines
2039 2961 2813 3022 gleichmüthigen, oft nur zu nachsichtigen
2040 3004 2811 3045 Humanitätsprincips lässt den Oesterreicher
2032 3045 2824 3100 milde und versöhnlich auch im Verkommensten
2039 3080 2817 3138 las rührend Menschliche eitdecken. Wenn
2040 3123 2821 3175 ins nun im Allgemeinen ein Fehler sein mag,
2032 3161 2822 3212 dem Dichter steht es wonl an. Ist es doch
2041 3203 2819 3247 das schönste Wort, das Gottfried Keller aus¬
2043 3245 2823 3293 gesprochen: „Selbst der Unhold ist mit einem
2040 3283 2814 3337 goldenen Bändchen an die Menschheit ge¬
2029 3316 2180 3361 fesselt.“
2096 3346 2803 3413 So haben wir denn auch von „Jung¬
2030 3392 2804 3442 Wien“ das Schönste zu hoffen, besonders.
2028 3433 2818 3492 da es bei uns einen Interpreten findet, wie
2032 3474 2818 3532 Marcell Salzer. Bei dem jungen, nervösen
2030 3510 2813 3562 Wienern schwankt und wankt Alles. Darin
2026 3556 2813 3610 besteht eben ihre grosse Kunst, dass sie das
2024 3595 2812 3644 Huschen von Licht und Schatten der Stim¬
2038 3635 2800 3685 mung festzuhalten verstehen, und darin be¬
2035 3677 2815 3725 steht die Eigenart Marcell Salzer’s, dass er,
2030 3723 2811 3767 gleichsam ein zartes, bei der leisesten Be¬
2028 3759 2686 3796 wegung mitschwingendes Instrument
2701 3756 2804 3798 jece
2027 3791 2815 3833 Scchsche Beruhrung in Tone übersetzt. Dabei
2036 3829 2811 3873 ist dieser „kleine Wiener mit den geist¬
2036 3867 2811 3907 sprühenden Augen“ ein feiner Kenner der
2028 3906 2805 3958 modernen Litteratur; die eleganten kleinen
2025 3945 2800 3996 einleitenden Charakteristiken, die er voraus¬
2020 3978 2800 4036 schickt, sind Meisterwerke des Stils, anregend
2028 4023 2805 4072 und belehrend zugleich. Und mit geschickten
2034 4061 2815 4103 Händen verstcht er es, durch kleine
2026 4098 2805 4159 Streichungen alles Anstössige aus seinen
2026 4141 2804 4177 Texten zu entfernen, wobei der geschmack¬
