3344 4352
-4 3786 59 3835 fin
621 126 1329 173 Wie eine Erlösung aus einem schweren
1403 129 2108 186 Wüdentweil: Allg. Anzeiger von Dürich¬
2112 107 2900 193 —
523 163 1326 219 Traum wirkte zum Schluss die Humoreske
1331 151 2113 215 see (5. 9. 1800). Salzer’s Vorträge boten uns
2119 170 2904 245 starkes Gefühl und ein reiches Innenleben
527 205 1329 255 „Die schöne Frau“ von Hermann Bahr, die
2112 203 2464 261 bilden ihren Kern.
1334 210 2112 267 einen künstlerischen Genuss, wie wir ihn
518 247 1324 297 der Recitator mit all der Schalkhaftigkeit und
1318 242 1841 295 selten zu hören bekommen.
2174 239 2906 298 Der Lesezirkel Hottingen, der den
521 285 1321 331 guten Laune vortrug, die den Wienern, wenn
1407 261 2106 329 Winterthur: Neues W. Tagblatt (10 10.
2112 282 2915 351 Zürichern vor zwei Jahren Rosegger lebendig
524 317 1321 368 sie sich den Charakter durch die Politik
1318 315 2109 372 00.) Wir hoffen, dass der reiche Erfolg seines
2110 325 2907 377 und leibhaftig hercitirte, hat es nun über¬
522 354 1168 416 nicht verderben lassen, eigen sind.
1321 358 2103 413 Debüts Herrn Salzer veranlassen wird, uns
2112 362 2903 424 nommen, Vermittler einer ganz neuen, eigen¬
602 392 1319 445 Herr Salzer hätte die beinahe zwei
1325 394 2113 441 auch in Zukunft mit seinem Besuche zu be¬
2112 403 2903 463 artigen und reizvollen Bekanntschaft zu
520 421 1322 478 Stunden dauernde Reihe von Vorträgen nicht
1321 438 2111 483 ehren. Herr Salzer ist in der That ein Reci¬
2114 440 2907 483 werden. „Jung-Wien“, die Elite der modernen
512 470 1320 519 besser abschliessen können, und wenn
1321 479 2103 527 tator von ganz hervorragender Begabung und
2121 463 2912 529 Wiener Poeten, soll uns vorgeführt werden,
525 511 1324 553 er, wie wir hoffen, nach Solothurn zurück¬
1318 519 2105 567 von einer so vollendeten Schulung, dass die
2118 513 2914 562 und Marcell Salzer, ein geistvoller Feuilletonist
522 552 1321 600 kehrt, möge er uns wieder etwas so echt
1319 556 2110 610 Sicherheit und Natürlichkeit, mit der er die
2111 554 2913 622 und congenialer Recitator in einer Person,
525 589 1321 649 Wienerisches als Zugabe zu seinen ernsten
1321 594 2103 645 Gefühle, Stimmungen und Sprache der ver¬
2108 595 2905 633 wird am nächsten Montag Abend uns mit
515 613 996 687 Darbietungen bescheeren.
1311 630 2107 689 schiedenartigen Gestalten seiner Darbietungen
2114 630 2907 692 jener anmuthvollen Kraft, die man ihm aller¬
600 653 1310 717 St. Gallen, Ostschweiz (13. 1. 90). Herr
2106 662 2914 713 orten nachrühmt, in das neue Wien entrücken,
1323 671 2105 725 zum Ausdruck bringt, kaum mehr die
519 693 1321 762 Marcell Salzer besitzt eine aussergewöhnliche
1322 710 2107 755 Schwierigkeit der Kunst ahnen lässt, die dem¬
2109 709 2903 783 in die Stadt Hermann Bahr's, Arthur
2107 748 2665 792 Schnitzler’s, Peter Altenberg’s.
525 751 1316 801 Modulation der Stimme und grosse Voll¬
1322 750 2103 800 selben zu Grunde liegt Allerdings hat die
525 780 1318 833 endung in der Application auf seine Sujets
2178 785 2904 841 Dieses neue litterarische Wien, wie ver¬
1323 773 2116 833 Natur auch Herrn Salzer Alles gegeben, was
526 825 1322 878 verbunden mit köstlicher Mimik. Es liegt in
2110 822 2916 885 schieden ist es doch von dem alten! Was
1325 828 2109 873 für einen vollendeten Recitator von Nöthen
526 863 1316 912 ihm ein tief angelegter Humor, der oft ohne
2108 862 2911 914 haben diese müden, aufgeregten, nerven¬
1313 866 2106 916 ist: ein höchst sympathisches, vollklingendes
515 900 1276 948 Präludien als richtiger Schalk hervortritt.
2116 901 2915 946 streichelnden und empfindungsschaukelnden
1310 902 2106 959 und modulationsfähiges Organ, das, ver¬
600 937 1313 982 Tageblatt der Stadt St. Gallen (20.0.99).
1318 941 2901 982 bunden mit einem lebhatten und ges hmeidteen! Poeten mit Grillparzer, mit Bauernfeld, mit
506 969 1317 1020 Für Humor wie Tragik, für das stolze Pathos
2120 973 2902 1028 Anzengruber zu thun? Suchen sie uns nicht,
1317 975 2105 1031 Naturell ihm erlaubt, in dramatischen
514 1015 1310 1058 Schiller'scher Diction wie für die Gewalt
2106 1012 2911 1061 der Eine auf diese, der Andere auf jene
1314 1021 2111 1069 Schöpfungen die Stimmen der verschiedenen
512 1043 1314 1104 elementarer Laute in einem „Pidder Lüng“,
2117 1049 2911 1101 Weise, den# modernen Menschen darzustellen,
1324 1062 2112 1108 Charaktere, alten wie jungen, männlichen wie
512 1091 1320 1151 für Selbstironie und graciöses Spiel wie für
2104 1081 2907 1145 statt altmodischer Ideale, der Eine, indem er
1322 1097 2110 1153 weiblichen täuschend nachzuahmen, ohne je
2114 1126 2911 1179 tief in die eigene Brust greift und uns seine
513 1121 1321 1177 die verhaltenen Töne der Schwermuth und
1319 1129 2110 1185 in Carricatur oder Uebertreibung zu ver¬
2115 1169 2912 1232 geheimsten Seelenschwingungen mitmachen
515 1175 1311 1219 Sehnsucht hat der Künstler ein Organ, und
1321 1176 2117 1224 fallen. Gleich der Vortrag der ersten Nummer,
2112 1210 2906 1258 lässt, der Andere, indem er uns Alles, was
508 1207 1313 1259 seine Seele ist einem feinen und zarten In¬
1314 1220 2110 1265 „Das Orakel“ von Wildenbruch, war eine
2113 1245 2913 1307 modernes Grossstadtieben zu Tage fördart,
509 1246 1320 1296 strumente gleich, dem sich auch die ge¬
1314 1255 2101 1304 Glanzleistung und der Eindrück, unter dem
509 1279 1318 1338 heimsten Schwingungen des dichterischen
2112 1275 2912 1337 vor die Augen führt? Doch gemach, ein
1309 1292 2100 1345 das Publikum nach Anhörung dieser Novelle
2111 1323 2908 1374 Gemeinsames ist geblieben! Mögen sien die
511 1320 1310 1381 Empfindens mittheilen. Es ist wie eine
1312 1340 2099 1384 stand, war ein so überwältigender, dass es
513 1354 1312 1425 Offenbarung, wenn Salzer eine vielleicht un¬
2112 1362 2906 1426 Jungen so realistisch und neuartig gebärden,
1317 1375 2105 1419 einiger Zeit bedurfte, bis der Bann gebrochen
2105 1400 2901 1460 wie sie wollen, mag die litterarische Physio¬
518 1407 1320 1454 scheinbare Strophe aufblühen lässt, wie ein
1319 1414 2110 1458 und ein rauschender Applaus seiner Be¬
2111 1440 2901 1490 gnomie des Einen der des Andern noch so
512 1440 1314 1491 Aschenbrödel im Märchen — Alles glänzt
1321 1443 2105 1502 wunderung Ausdruck zu verleihen vermochte.
2108 1478 2904 1527 unähnlich sein, es ist Wiener Sonne, die auf
513 1477 1318 1536 und leuchtet und ist junger, süsser Schön¬
1321 1491 2097 1538 Nicht minder dankbar zeigten sich die Zu¬
2112 1519 2906 1573 sie Alle scheint, und die hat gar ein mildes,
523 1519 1314 1566 heit voll. Nur reife Kunst vermag so mit¬
1311 1533 2099 1578 hörer für die Recitation von sechs Liliencron¬
2108 1559 2917 1624 verklärendes, versöhnendes Licht, das Licht
506 1558 1311 1608 zutheilen, nur eine geradezu dichterische
1311 1567 2102 1619 Gedichten Man gewann sofort den Eindruck,
2108 1595 2394 1643 der Schönheit.
509 1593 1306 1651 Natur so zu empfangen, dass der Einsatz
1317 1610 2105 1666 in Herrn Salzer den denkbar besten Interpreten
2165 1609 2903 1686 Ein bekannter Wiener Feuilletonist be¬
515 1637 1311 1700 allen Fleisses sich derirt reich in der Wieder¬
1318 1652 2106 1701 dieser neuen Schule vor sich zu haben. Ja,
2112 1658 2908 1714 hauptete einmal, wenn das Publikum der be¬
503 1676 908 1746 gabe äussern kann.
1309 1690 2102 1737 da war Alles neu in diesen Gedichten, Form
2107 1710 2912 1769 rüchtigten Wiener Verbrecherspelunken zu
601 1696 1311 1773 St. Galler Stadt-Anzeiger (29. 9. 90).
1313 1724 2103 1769 und Inhalt, in den ernsten wie in den
2105 1745 2902 1804 tanzen anfange, sehe es edel und anmuthig
509 1736 1311 1806 Salzer’s Kunst hat nichts mit der süsslichen
1323 1761 2102 1817 heiteren, aber Tragik, Gemüth, Tiefe und
2104 1791 2898 1842 aus, trotz aller inneren Rohheit. Darum
519 1797 1306 1844 Lyrik der Romantik gemein; es ist ein
1321 1801 2103 1851 sprudelnder Humor, Alles wurde vom Reci¬
2104 1830 2901 1880 giebt es keinen österreichischen Naturalismus
506 1827 1320 1892 ingendstarker Realismus mit dem kräftigen
1317 1844 2105 1900 tator so wahrheitsgetreu, so unmittelbar und
2101 1868 2909 1928 im norddeutschen Sinne, wird es nie einen
510 1869 1073 1933 Erdgeruch der modernen Zeit.
1318 1886 2105 1936 plastisch dargestellt, dass sich dem Neuen
2112 1900 2903 1961 geben. Im tiefsten Grunde werden dem
614 1904 1316 1965 Thun: Täglicher Anzeiger (27.2.1900).
1312 1922 2106 1970 gleich willig alle Herzen öffneten und man
2101 1947 2906 1991 Schweizer die meisten Erzeugnisse des nord¬
561 1961 1305 2016 Als Glanznummer des Abends darf wohl
1321 1966 2103 2017 unmerklich von tiefster-Erschtitterung zu
2102 1983 2901 2043 deutschen Naturalismus unverständlich sein,
502 1972 1310 2051 Ernst von Wildenbruch's—#övelle „Däs
1317 1994 1981 2047 höchster- Lust-hinübergeleitet wurde.
2106 2023 2905 2079 weil sie auf einer hier unfassbaren Schroff¬
515 2029 1326 2091 Orakel algeschen werden. Der Dichter
1401 2025 2097 2096 Wie tief tragisch wirkte „Pidder Lüng“
2098 2054 2912 2101 heit der Standesunterschiede beruhen. Das
522 2071 1313 2118 fordert den Leser auf, einmal niederzu¬
1317 2058 2095 2122 und wie lachte Herz und Mund beim „Ge¬
2108 2099 2913 2153 tritt in Oesterreich, wie im Süden überhaupt,
519 2104 1318 2160 schreiben, was ihm im Laufe einer schlaf¬
1322 2117 2104 2169 witter“, waren das Bilder und Töne und
2096 2135 2931 2192 viel mehr zurück, das allgemein Menschliche
517 2146 1304 2201 losen Nacht mit greifbarer Deutlichkeit vor
1314 2153 2098 2207 Weisen, so neu und doch so traut, so innig,
2107 2171 2903 2218 viel mehr hervor. „Menschen, Menschen san
507 2182 1309 2234 die Seele tritt. Längstvergessene Bilder aus
1319 2184 2106 2258 so einschmeiehelne, wie man ähnliche noch
2101 2215 2898 2265 mer Alle“, heisst’s in einem beliebten Wiener
520 2225 1305 2275 der Jugendzeit ziehen an seinem geistigen
1315 2233 1646 2295 nie gehört hatte.
2098 2244 2903 2303 Gassenhauer, und die Durchführung eines
514 2259 1311 2306 Auge vorüber, eine bunte Gallerie von dahin¬
1379 2259 2093 2336 Neue Züricher Zeitung (8. 1. 99). Aus¬
2108 2293 2911 2346 gleichmüthigen, oft nur zu nachsichtigen
508 2304 1313 2354 gegangenen und verschollenen Freunden und
1314 2323 2101 2371 zug aus dem Feuilleton „Jung-Wien in
2103 2327 2899 2379 Humanitätsprincips lässt den Oesterreicher
513 2347 1306 2391 Bekannten und mit ihnen verknüpfter Er¬
1315 2358 2100 2408 Zürich“ (Zum litterarischen Abend des
2108 2353 2910 2431 milde und versöhnlich auch im Verkommensten
513 2384 1309 2434 innerungen, Eindrücke und Begebenheiten be¬
1319 2399 2104 2455 Lesezirkels Hottingen). Wien! Mag man
2107 2409 2897 2454 das rührend Menschliche entdecken. Wenn
511 2423 1307 2488 herrschen in unheimlicher Deutlichkeit sein
1321 2427 2100 2487 auch hier zu Lande manchmal das Haupt
2101 2441 2898 2500 las nun im Allgemeinen ein Fehler sein mag,
506 2453 1314 2524 Bewusstsein. Auch dem Dichter ist in einer
1320 2477 2096 2530 schütteln, wenn von politischen und natio¬
2095 2477 2909 2536 dem Dichter steht es wonl an. Ist es doch
506 2504 1320 2551 schlaflosen Nacht eine solche Gestalt wieder
1320 2523 2105 2576 nalen Verhältnissen Oesterreichs die Rede ist,
2102 2527 2890 2568 das schönste Wort, das Gottfried Keller aus¬
516 2544 1321 2590 erstanden. Die merkwürdige, die Lachlust
1317 2568 2107 2610 dem Zauber, den österreichische Kunst und
2097 2557 2903 2621 gesprochen: „Selbst der Unhold ist mit einem
518 2581 1320 2631 und Bosheit der übermüthigen Knaben heraus¬
1329 2604 2099 2644 Dichtung auf Jeden ausüben, vermag sich
2099 2602 2905 2678 goldenen Bändchen an die Menschheit ge¬
510 2618 1315 2669 fordernde Situation, in welcher er seinen ge¬
2106 2636 2266 2698 fesselt.“
1328 2636 2101 2689 Niemand zu entziehen. Es ist ja auch da
517 2658 1319 2715 quälten, verspotteten und heimwehkranken
1331 2672 2124 2722 Vieles so anders, so fremdartig! Meist zu
2168 2662 2900 2737 So haben wir denn auch von „Jung¬
518 2697 1326 2747 Kameraden „Mops“ zum letzten Male sieht
1330 2721 2106 2765 üppig, zu farbenprangend; „luxuriöse Schön¬
2104 2713 2903 2758 Wien“ das Schönste zu hoffen, besonders,
519 2738 1321 2794 und deren ernste Folgen lieferten dem Dichter
1322 2758 2095 2802 heiten“ nannte einnal ein Engländer die
2104 2754 2903 2803 da es bei uns einen Interpreten findet, wie
520 2772 1313 2829 den Stoff zu der ergreifenden Novelle. Wie
1326 2787 2107 2843 Wienerinnen, und dies Wort gilt auch von
2112 2795 2912 2866 Marcell Salzer. Bei dem jungen, nervösen
510 2814 1324 2871 oft begegnen wir in der Litteratur aller
1322 2834 2068 2896 der schönsten, cocettesten Frau Wiens -
2100 2839 2896 2892 Wienern schwankt und wankt Alles. Darin
512 2852 1314 2905 Völker (z. B Dickens, Alphonse Daudet u. a. m.)
1312 2874 2111 2918 der Wiener Muse. Aber die süsse, stolze
2106 2878 2905 2945 besteht eben ihre grosse Kunst, dass sie das
510 2900 1315 2948 der pathetischen Gestalt des verstossenen,
1307 2912 2106 2962 Anmuth, mit der sie sich bewegt, der feine
2103 2921 2899 2972 Huschen von Licht und Schatten der Stim¬
512 2937 1317 2984 ausgelachten und unverstandenen Kindes,
1324 2949 2100 2999 Geschmack, mit welchem sie alles Bunte zu
2112 2965 2902 3027 mung festzuhalten verstehen, und darin be¬
512 2970 1320 3028 das seines tiefen Gemüthes wegen so schwer
1313 2993 2098 3043 augerquickender Harmonie ordnet, erobert ihr
2098 2999 2900 3052 steht die Eigenart Marcell Salzer’s, dass er,
507 2998 1321 3077 leiden muss und seinen Jammer Niemandem
1315 3029 2094 3080 alle Herzen viel schneller, als ihrer steiferen,
2104 3029 2898 3090 gleichsam ein zartes, bei der leisesten Be¬
506 3053 784 3112 klagen kann.
1310 3075 2118 3123 mageren und gesellschaftlich gewandteren
2115 3078 2900 3125 wegung mitschwingendes Instrument, jede
597 3067 1308 3152 Toggenburger Anzeiger, Wattwil (31.3.
1317 3111 2110 3153 norddeutschen Schwester Oft wechselt sie
2098 3105 2904 3164 scelische Berührung in Töne übersetzt. Dabei
663 3133 1306 3185 — Rs waren zwei Stunden geltensten
515 3121 675 3177 1000).
1326 3137 2105 3195 das Kleid, bleibt aber immer dasselbe liebe,
2108 3156 2898 3197 ist dieser „kleine Wiener mit den geist¬
517 3171 1319 3225 Hochgenusses, die Marcell Salzer dem
1325 3186 2095 3233 verwöhnte, grosse Kind, das nicht erst, wie
2100 3189 2902 3247 sprühenden Augen“ ein feiner Kenner der
515 3204 1314 3251 lauschenden Publikum mit seiner Kunst be¬
1319 3217 2101 3274 es sich gebührt, an die Thür klopft, sondern
2106 3237 2906 3291 modernen Litteratur; die eleganten kleinen
518 3244 1321 3300 reitete. Ein Theil seines Erfolges liegt in
1318 3259 2108 3318 sie mit frischem Lachen aufreisst, ein herziger
2105 3273 2890 3317 einleitenden Charakteristiken, die er voraus¬
516 3289 1319 3334 der gelungenen Stoffauswahl, der bedeutendere
1325 3303 1644 3359 vertrauter Gast.
2092 3301 2900 3360 schickt, sind Meisterwerke des Stils, anregend
516 3325 1321 3383 jedoch in dem dichterischen Empfinden und
1389 3315 2106 3382 Der wienerischsten aller Künste, cer
2104 3350 2903 3401 und belebrend zugleich. Und mit geschickten
503 3358 1317 3421 seiner phänomenalen Beherrschung des Sprach¬
1323 3371 2096 3426 Musik, haben Wiener Baumeister hier in
2108 3387 2893 3440 Händen versteht er es, durch kleine
517 3404 1317 3453 organs. Was Salzer spricht, hat Seele,
1315 3419 2103 3472 Zürich das Theater und die Tonhalle erbaut,
2109 3427 2902 3480 Streichungen alles Anstössige aus seinen
510 3435 1312 3489 Temperament, pulsirendes, warmes Leben, ist
1380 3458 2097 3501 besonders letztere trägt lustig und prunk¬
2099 3470 2901 3508 Texten zu entfernen, wobei der geschmack¬
519 3474 1319 3539 begleitet von ausdrucksvollem Mienenspiel,
1320 3499 2090 3538 voll ganz den österreichischen Charakter.
2108 3504 2904 3561 volle Mann sich wohl hütet, seinen Dichtern
513 3505 1321 3570 wird bisweilen bekräftigt durch eine der
1317 3526 2099 3580 Und längst auch hielten neben der Wiener
2106 3545 2897 3610 in irgend etwas Wesentlichem, in ihrer Eigen¬
519 3556 1312 3606 spärlichsten aber abgemessensten Gesten und
1327 3570 2103 3622 Musik und dem Wiener Tanz Vertreter öster¬
2110 3589 2526 3638 art, Abbruch zu thun.
516 3601 1318 3648 hält den Zuhörer fortwährend im Banne der
1316 3611 2109 3655 reichischer Dichtung in unserem Theater
2174 3606 2900 3666 Salzer stellt J. J. David an die Spitze
520 3641 1045 3700 Bewunderung festgewurzelt.
1320 3640 2104 3698 ihren Einzug. Vor Allem der vornehmste,
2108 3636 2904 3725 seines Programms, einen schwermüthigen
593 3670 1318 3737 Troglu: Appenzeller Landeszeitung
1321 3683 2096 3739 der älteren Richtung angehörige Grillparzer,
2106 3697 2887 3743 Romantiker, der noch der ältern Periode an¬
519 3707 1321 3762 (4. 10. 00). Die Zuhörerschaft wird den
1327 3723 2099 3775 unter dessen classischem Faltenwurf ein so
2112 3733 2897 3792 gehört und hier kaum „anfremden“ wird,
516 3759 1312 3812 Recitationsabend des Herrn Salzer noch lange
1312 3765 2094 3814 heisses leidenschaftliches Herz schlägt. Auch
2109 3778 2902 3825 trotz seiner ausgesprochenen Individualität.
514 3793 1169 3850 in dankbarer Erinnerung behalten.
1318 3809 2106 3870 Anzengruber ist über unsere Bühne gegangen,
2105 3813 2907 3863 Anders dürfte es mit Peter Altenberg und
596 3810 1312 3886 Uster: Bote von Uster (4. 1. 1000).
1321 3848 2102 3899 wenn man auch diesen gewaltigen Dra¬
2105 3837 2899 3913 Hermann Bahr gehen. Dieser, der Schöpfer
518 3853 1314 3924 Der grosse Saal zum Usterhof war bis auf
1326 3886 2098 3940 matiker hier noch lange nicht aus seinen
2105 3882 2896 3943 der Wiener sublimirten Litteratenlitteratur“.
514 3903 1316 3951 den letzten Platz besetzt. Mit staunens¬
1314 3927 2102 3985 besten Werken kennt. Und doch ist er, wie
2107 3932 2906 3981 der das Flackern und Flimmern des Innern
523 3949 1305 3999 werther Virtuosität wusste der Wiener
1318 3963 2100 4013 sein Freund Rosegger, unter den öster¬
2109 3967 2903 4020 impressionistisch festzuhalten versucht, jener
513 3987 2901 4052 Künstler seine zahlreiche Zuhörerschaft vollej reichischen Dichtern am meisten im Stande,ein vornehmer Zeichner, der bei den Jananern
3228 143 3320 186 von
3204 169 3346 229 formur
3203 214 3345 268 dessen
3217 257 3358 324 sche“
3221 296 3337 343 Alles
3225 334 3357 387 Hugo
3226 373 3344 422 seltsan
3275 404 3360 462 sche
