3344 4352
855 245 1321 330 box 37/2
159 240 839 340 2. Cuttings
442 721 2009 793 rarischen Vereinigung“ in Düsseldorf gab welche der Künstler durch Zugabe des
453 770 1228 809 einem sehr willkommenen Gast, dem be¬
1239 769 2011 832 Liliencron'schen „Bruder Lüderlich“ dankte
447 805 1230 851 kannten ausgezeichneten Recitator Marcell
1237 814 2001 875 Eine grössere Anzahl besonderer Verehrer
451 845 1226 891 Salzer aus Wien, Gelegenheit, seine seltene
1238 860 2005 905 des Vortragsmeisters gab ihrem Dank durch
449 880 1228 939 Vortragskunst im besten Lichte zu zeigen.
1237 890 2007 945 Ueberreichung eines Lorbeerkranzes nebst
440 912 1217 971 „Jung-Wien“ war das Thema, das er für
1240 927 2012 984 Schleife mit gestickter Widmung Ausdruck.
451 962 1222 1011 diese Gelegenheit gewählt hatte, und er gab
1240 966 2008 1025 Herr Salzer wird im Ortsverein Düsseldorf
446 993 1219 1042 zunächst in einem einleitenden Vortrag eine
1234 1007 1973 1063 stets ein sehr gern gesehener Gast sein.
438 1041 1228 1087 geistvolle Charakteristik der jungen und
1304 1053 2006 1109 Elberfeld: Täglicher Anzeiger (8./10./11.
441 1065 1231 1125 jüngsten Wiener Poeten. Den stärksten
1233 1088 2017 1151 11. 00). Vorträge über moderne
448 1115 1227 1158 sichtbaren Erfolg erzielte Herr Salzer mit
1234 1140 2018 1189 deutsche Dichtung von Dr. Walter,
455 1157 1226 1192 seinem köstlichen Vortrag von Hermann
1239 1168 2010 1220 Bloem und Marcell Salzer (ef. Barmer
434 1183 1222 1235 Bahr’s Humoreske „Die schöne Frau“ und
1239 1210 1664 1262 Zeitung Seite 2). —
1658 1214 2007 1268 Im zweiten Theile
436 1225 1227 1279 mit dem rührend-komischen Sittenbild aus
1238 1253 2004 1306 des Abends trug Herr Marcell Salzer, Recitator
427 1264 1228 1333 dem Wiener Leben „Das Pferd“ von Chr.
1237 1295 2010 1337 aus Wien, eine Anzahl lyrischer Dich¬
434 1298 758 1369 G. Morgenstern.
1226 1332 2003 1386 tungen von Liliencron, Arno Holz, Gustav
1219 1371 2000 1428 Falke und Richard Dehmel vor. Mit er¬
436 1371 1217 1466 Moderne Poesie und Prosa.
1236 1408 2004 1459 staunlicher Virtuosität wusste Herr Salzer
1229 1452 2002 1495 diese Gedichte zur Geltung zu bringen, im
520 1444 1218 1515 Düsseldorfer Neueste Nachrichten (12.11.
1231 1481 2008 1523 heroischen die Wucht, im lyrischen die An¬
435 1495 1212 1557 00). Gedichte wollen genossen, geschen,
1231 1528 2004 1582 muth und die Lieblichkeit hervorzuheben und
428 1530 1221 1599 aber nicht im grossen Kreise vorgelesen sein.
1231 1566 2002 1607 auch die Pointen sicher und effectvoll heraus¬
437 1573 1210 1638 Gedichte gleichen trauten Freunden, die man
1227 1598 2004 1663 zuschälen. Zugleich zeigte Herr Salzer dabei
432 1617 1212 1673 empfängt, wenn man bei sich zu Hause ist;
1226 1645 2009 1688 ein feines Verständniss für das wirklich
435 1655 1222 1715 wenn man abgelegt hat, was von des All¬
1223 1677 2004 1726 Poetische, für das Zarte und Sinnige auf der
425 1700 1220 1752 tags Kümmernissen einen bedrückte und den
1230 1717 1994 1776 einen, für das Gewuchtige, Humoristische und
424 1736 1209 1789 Sehnsuchtsflug der Seele hemmte; sie gleichen
1228 1755 1734 1814 Kecke auf der andern Seite.
423 1767 1219 1822 Freunden, deren Sorgen und Freuden, deren
419 1809 1221 1859 Kämpfen und Ringen man verstcht, weil man
1304 1833 1998 1882 Die Wiedergabe der Novellen durch
429 1847 1208 1905 Alles, Alles mitzufühlen im Stande ist; weil
1233 1867 2000 1926 Herrn Salzer war wieder ganz ausgezeichnet.
430 1896 1221 1953 jede Nuance ihrer Psychologie auf verwandte
1225 1909 2006 1965 Das Rührende in der kleinen Wildenbruch¬
422 1936 1209 1987 Empfindungen stösst. Und so geht’s am
1223 1951 2002 2005 schen Geschichte „Das Orakel“ wusste er
430 1963 1205 2019 Ende mit dem Genuss eines jeden Kunst¬
1227 1989 2005 2041 vorzüglich zu betonen; prächtig charakteri¬
431 2010 1220 2054 werkes. Ich bin der Geniessende; ich habe
1232 2027 2005 2083 sirte er die beiden Alten in der Sylvester¬
433 2051 1215 2101 ein Recht, Alles zu kosten, was mir kostens¬
1228 2066 2005 2123 beichte, mit köstlichem Humer wusste er
427 2074 1206 2135 werth erscheint und zwar so, dass diese
1228 2105 2005 2160 über die schöne Frau zu plaudern, die nicht
420 2134 1219 2176 geistige Erquickung durch nichts gestört und
1230 2144 2001 2198 leben kann, wenn sie nicht bewundert wird;
423 2168 1212 2212 durch nichts beeinträchtigt wird. Im grossen
1224 2182 1995 2249 ergreifend kam das Tragische in der Er¬
426 2206 1215 2256 Kreise muss man auf Vieles verzichten, und
1229 2228 1871 2280 zählung „Der Narr zum Ausdruck.
428 2241 1209 2295 man entschliesst sich nur dann zu einer der¬
420 2271 1212 2331 artigen Entsagung, wenn durch den geistigen
1286 2301 2005 2356 Den überaus fesselnden und geistreichen
423 2323 1212 2368 und künstlerischen Gehalt des Vortrags ein
1222 2326 2001 2383 Darlegungen Dr. Bloem's folgten die Reci¬
427 2358 1202 2407 Aequivalent für diese Selbstentäusserung ge¬
1220 2376 2002 2428 tationen des Herrn Marcell Salzer. Dieser
431 2401 1204 2459 boten wird; wenn z. B. ein Marcell Salzer
1228 2417 2003 2469 brachte das Vorspiel zum „Johannes“ von
425 2434 1202 2483 den Interpreten „moderner Poesie und Prosa“
1221 2452 1996 2499 Sudermann, „Anatol“ von Schnitzler und
419 2467 1204 2525 macht. Was er gestern Abend von Detlev
1223 2486 1997 2548 den zweiten Act von Hauptmann’s „Webern“
420 2518 1213 2566 von Liliencron, von Hugo Gerlach, Gottfried
1226 2538 1996 2583 zu Gehör. Herr Salzer verstand es meister¬
426 2542 1211 2609 Keller, Arthur Schnitzler, Peter Rosegger und
1228 2575 1996 2626 haft, zunächst den getragenen elegischen
430 2588 1201 2646 Fanny Gröger bot, war von einer packenden
1219 2611 1989 2665 Ton in der erstgenannten Dichtung, dann den
420 2624 1217 2681 Gewaltigkeit des Vortrags, von einer tiefen
1220 2656 1995 2703 prickelnd-geistreichen, fein pointirten in der
422 2671 1216 2725 Verinnerlichung und gewissenhaften Gründ¬
1228 2694 1994 2742 Wiener Plauderei und schliesslich den ge¬
417 2709 1210 2766 lichkeit, dass jede Kritik überflissig, jedes
1227 2734 1994 2790 wuchtigen expulsiven, mit grellen Lichtern
422 2746 1205 2804 Wort der Anerkennung zwecklos wäre.
1228 2766 1999 2825 durchsetzten in dem 2. Act der „Weber“
415 2779 1211 2847 Salzer begeisterte, riss mit fort, zwang den
1223 2806 1993 2855 festzuhalten. Vor unserm geistigen Auge
420 2827 1201 2889 Hörer in den Bann jeder Stimmungsphase
1221 2844 1999 2891 bauten sich die geschilderten Scenen lebendig
416 2861 1211 2918 und — trat trotz alledem nicht mit seiner
1220 2883 1991 2934 auf; bei den „Webern“ meinte man den
413 2904 1211 2957 Kunst in den Vordergrund, der Dichtung und
1221 2917 1992 2969 ganzen Jammer mit zu erleben. Herr Salzer
424 2938 1199 2999 dem Dichter zum Schaden. Wie malte er
1219 2960 1990 3005 documentirte sich dabei als ein geistreicher
420 2978 1203 3040 mit derben Strichen den kraftstrotzenden,
1214 2997 2006 3063 Interpret, der dem Dichter bis zu den feinsten
415 3029 1206 3076 seines und seines Rechtes bewussten Pidder
1222 3033 1984 3084 Andeutungen folgt. Ganz besonders glück¬
416 3065 1197 3110 Lüng; wie stimmungsfein brachte er „Das
1220 3079 1986 3128 lich beanlagt scheint er für die Wiener Scene
417 3099 1205 3152 Gewitter“ heraus! Mit welcher Technik
1221 3121 1981 3169 zu sein, für die elegante humoristisch¬
417 3141 1202 3184 wusste er Gerlach’s grob hingehauene, er¬
1217 3160 1986 3209 elegische Stimmung, die er vielleicht noch
405 3177 1201 3226 greifende Scizze „In letzter Stunde“ wieder¬
1219 3186 1514 3253 weiter cultivirt.
413 3228 1204 3274 zugeben! Ich könnte Vortrag um Vortrag
1273 3227 1988 3286 Emder Zeitung (Emden, 16. 2.90). Wir
412 3251 1210 3308 durchgehen und wüsste nur Rühmenswerthes
1219 3263 1988 3331 können nur aufrichtig gestehen, dass Herr
416 3305 1205 3350 zu vermelden. Von den litterarischen Gaben
1211 3325 1980 3377 Marcell Salzer uns vortrefflich zu unter¬
420 3339 1195 3387 selber nichts; sie sind durchweg bekannt,
1212 3365 1995 3415 halten verstanden hat und dass wir be¬
418 3379 1194 3425 und wem etwa Fanny Gröger’s feine Satire
1212 3399 1991 3459 dauerten, als das fast zweistündige Pro¬
476 3411 1209 3468 als solche fasse ich sie auf — „Sanct
1213 3440 1987 3488 gramm zu Ende war. Herr Salzer hat uns
412 3443 1195 3500 Nothburgas Erdenwallen“ unbekannt war, der
1218 3479 1989 3525 hier, gelegentlich seiner Rückreise aus Eng¬
412 3484 1203 3542 wird sich gefreut haben, die Bekanntschaft
1213 3519 1988 3571 land, wo er in Manchester, London etc. mit
415 3532 1183 3574 eines starken Talentes gemacht zu haben. —
1215 3560 1996 3620 durchschlagendem Erfolg gesprochen hat,
412 3562 1207 3612 Der Beginn der dieswinterlichen Campagne
1218 3597 1776 3653 einen seltenen Genuss geboten.
413 3599 1196 3656 war gut. Mag die litterarische Gesellschaft
1285 3627 1992 3686 Essener General-Anzeiger (18. 1. 1900).
410 3650 1203 3704 zusehen, dass Sieg um Sieg erfochten und
1214 3679 1982 3727 Im Krupp’schen Bildungsverein trug Herr
407 3684 1200 3739 der modernen Litteratur ein immer aus¬
1215 3719 1984 3771 Marcell Salzer aus Wien am letzten
415 3730 1198 3777 gedehnteres Verständniss erschlossen wird.
1217 3758 1978 3799 Sonntag eine grössere Anzahl ausgesuchter
476 3761 1197 3821 Der grosse Saal des Hlotels lleck dürfte
1205 3790 1980 3837 Werke unserer zeitgenössischen Dichter, wie
407 3796 977 3849 auf die Dauer zu klein sein.
1219 3833 1984 3882 Rosegger, Morgenstern, Liliencron und Andere,
490 3834 1202 3885 Düsseldorf: (Ortsverein des Verbandes
1214 3872 1977 3917 in vollendeter Weise vor. Sein äusserst an¬
408 3882 1197 3929 deutscher Post- und Telegraphen-Assistenten)
1215 3910 1984 3962 genehmes, modulationsfähiges Organ wurde
413 3915 1196 3968 Deutsche Postzeitung (Berlin, 16. 2. 1900.)
1206 3952 1977 3995 beim Vortrag durch eine beredte Mimik
407 3955 1200 4002 Am 26. Januar vereinigten sich die Mitglieder
1205 3991 1986 4030 unterstützt und fand allgemeinen Beifall. Der
416 3995 1191 4043 mit ihren Damen und Gästen zur Feier des
1207 4028 1988 4076 Redner verstand alle Saiten des menschlichen
413 4041 1194 4085 Geburtstages Sr. Majestät des Kaisers. Der
1210 4066 1982 4116 Herzens meisterlich zu berühren, und wenn
415 4079 1200 4127 erste Theil der Feier bestand aus Vorträgen
1205 4107 1982 4152 öfters laute Lachsalven ihn an der Fort¬
413 4104 1189 4162 des Wiener Recitators Marcell Salzer, der
1215 4143 1986 4187 setzung seiner Recitation unterbrachen, so
422 4145 848 4215 ter tent Anzeimeiien
919 4148 1049 4199 #sverei
2027 741 2816 795 liess genussreiche Stunden erwarten, und das
2016 793 2817 841 ist in vollem Masse eingetroffen. Die zahl¬
2027 821 2825 872 reiche Zuhörerschaft, die sich gestern Abend
2023 864 2832 923 im Saale des „Flensburger Hof“ versammelt
2030 900 2825 943 hatte, hat in Herrn Salzer einen Sprech- und
2027 939 2822 996 Vortragskünstler im besten Sinne des Wortes
2029 978 2824 1027 kennen gelernt. Seine sorgfältig geschulte
2013 1023 2829 1066 technische und geistige Veranlagung befähigt
2022 1053 2819 1124 ihn, den verschiedensten Anforderungen der
2027 1098 2820 1139 von ihm vorgetragenen Dichtungen, allen
2023 1135 2827 1187 Stimmungen und individuellen Besonderheiten
2025 1176 2822 1229 in künstlerischer Form gerecht zu werden.
2027 1214 2825 1270 Der Künstler versteht sich besonders auf
2022 1252 2826 1306 intimere Wirkungen. Mit grossem Geschicke
2020 1287 2819 1346 bewegt er sich auf dem humoristischen Ge¬
2028 1330 2816 1394 biete. Hermann Bahr’s sehr amüsante
2029 1370 2818 1423 Scizze „Die schöne Frau“ Liliencron’s Ge¬
2021 1406 2819 1449 dicht von den sieben jungen Mädchen und
2027 1446 2810 1488 „Die Musik kommt“, sowie Rosseger’s Dialect¬
2016 1481 2810 1534 humoresken kamen, mit voller Künstlerschaft
2028 1526 2807 1564 vorgetragen, vortrefflich zur Geltung. Die
2015 1561 2818 1615 Zuhörerschaft war höchst befriedigt von dem
2019 1598 2818 1648 Gebotenen, spendete lebhaften Beifall und
2025 1642 2821 1688 wird es gern erfahren, dass Herr Marcell
2021 1679 2808 1742 Salzer beabsichtigt, gelegentlich wieder hier¬
2021 1715 2349 1762 her zu kommen.
2091 1731 2810 1812 Geraisches Tageblatt (17. 2. 98). Der
2007 1801 2810 1850 Kaufmännische Verein hielt seine gestrige
2020 1836 2813 1885 Versammlung in der Tonhalle ab, weil mit
2023 1868 2814 1922 Recht befürchtet wurde, dass der gewöhn¬
2006 1914 2813 1962 liche Versammlungssaal für einen Recitations¬
2012 1956 2813 2003 abend des Herrn Marcell Salzer aus Wien
2007 1989 2803 2039 nicht ausreichen würde. — In der Kriegs¬
2017 2029 2816 2072 novelle Liliencron’s „Der Narr“ schuf das
2008 2070 2818 2125 modulationsfähige Organ des Recitators eine
2013 2103 2806 2154 ganze Reihe greitbarer Momente des Sol¬
2017 2150 2808 2190 datenlebens im Kampf und am Krankenbett.
2018 2184 2817 2225 Einen tiefen Eindruck bei allem Humor
2010 2220 2797 2260 machte Chr. G. Morgenstern’s „Das Pferd“
2005 2255 2802 2307 in zeiner rührenden Schilderung zweier
2018 2299 2807 2342 heruntergekommener Individuen, des Pri¬
2019 2336 2794 2381 vatiers Sommer und seines Rosses „Pascha“.
2070 2374 2810 2426 Dialecthumoresken bildeten den dritten
2016 2416 2810 2454 Theil der mit grossem Beifall aufgenommenen
2017 2452 2806 2507 Recitationsproben des intelligenten Recitators.
2079 2490 2813 2554 Gleiwitz, Der oberschlesische Wanderer
2012 2537 2803 2596 (11. 11. 98). Wir hatten gestern auf Ver¬
2014 2572 2809 2628 anlassung der Gleiwitzer Ressourcengesell¬
2018 2613 2804 2654 schaft den Genuss, Herrn Marcell Salzer zu
2010 2648 2806 2707 hören. Von den namhaftesten Blättern der
2014 2684 2806 2746 Hauptstädte gingen dem Künstler die
2016 2717 2805 2777 schmeichelhaftesten Beurtheilungen voraus.
2009 2769 2807 2813 Wir müssen anerkennen, dass Herr Salzer
2010 2803 2793 2857 diesem Rufe voll und ganz gerecht wurde.
2058 2844 2798 2892 Fassen wir seine Leistung zusammen, So
2007 2875 2798 2935 können wir nur bestätigen, dass es ein
2004 2917 2801 2981 Kunstgenuss war, dem Vortrage dieses
2004 2953 2378 3005 Mannes zu lauschen.
2076 2996 2801 3051 Gleiwitz: Der oberschlesische Wanderer
2001 3045 2809 3101 (5. 12. 99). Der gestern Abend von Herrn
2008 3083 2801 3122 Marcell Salzer aus Wien im Saale des
2003 3118 2807 3176 Deutschen Hauses veranstaltete Recitations¬
2001 3159 2802 3204 abend hatte ein zahlreiches Publikum an¬
2001 3198 2805 3252 gelockt. Der Saal war vollständig besetzt.
2006 3240 2802 3274 Das Recitationsprogramm war in interessanter
2000 3277 2799 3318 Weise zusammengestellt und zeichnete sich
2004 3313 2814 3367 durch Mannigfaltigkeit aus. Den Vortritt
2009 3355 2802 3405 darin hatten altbiblische Poesien, deren
2010 3392 2804 3446 Vortrag Herr Salzer einige kurze, einleitende
2000 3429 2798 3482 Bemerkungen voranschickte, in denen er auf
1997 3468 2801 3526 die künstlerische und dichterische Kraft vieler
2001 3508 2790 3550 Bibeldarstellungen hinwies. Zu eindrucks¬
1999 3550 2795 3604 vollster Wirkung gelangte in seiner Recitation
1996 3594 2796 3639 „Simson und Delila“ sowie Heinrich Heine's
1999 3629 2789 3677 „Belsazar“, bekanntlich der betreffenden Er¬
2002 3660 2801 3720 zählung aus dem Buche Daniel nachgedichtet.
1997 3697 2803 3760 Dann kamen einige Goethe'sche Gedichte an
1994 3737 2792 3799 die Reihe, und zwar „Zueignung“. Der ge¬
1993 3775 2784 3813 #treue bekurt“ und „Virhung in die Ferne“.
1994 3807 2792 3866 Während nach unserem Gefühl die lyrische
1999 3850 2794 3899 Stimmung der „Zueignung“ nicht in ihrer
1996 3895 2804 3946 ganzen Schönheit vermittelt wurde, bot die
2002 3930 2789 3976 Recitation der beiden anderen Gedichte
2004 3970 2796 4017 Cabinetsstücke vollendeter Vortragskunst.
2003 3998 2794 4050 Nun folgte eine hübsche Plauderei von Arthur
1996 4048 2785 4085 Schnitzler, dann eine recht drastische Humo¬
2002 4088 2800 4136 reske von Fanny Groeger und schliesslich
1999 4126 2792 4180 bekam man noch einige sehr lustige, mit
2459 4165 2567 4206 rschen
2671 4173 2775 4211 G
3192 3917 3309 3972 vereinig
3184 3957 3315 4009 Städte
3172 3997 3309 4059 kennun
3171 4057 3309 4125 Herr N
3171 4114 3308 4165 lesung
3174 4151 3315 4197 berufen
