3344 4352
131 111 270 162 wieder¬
126 148 292 208 eneron's
132 192 285 239 Abend,
130 230 293 281 Besuch
132 268 274 313 lem der
133 295 286 357 ter und
139 336 282 410 get ein
140 410 265 464 2. 99)
195 457 266 505 las
628 101 1400 166 pilseht ernehtet wiedl, Silder det vorneheilen
1402 119 1906 176 einen vollen Erfolg sichern.
2197 104 2683 184 —
616 143 1421 204 Interpret der neuen Wiener Richtung mit
1464 161 2988 193 Dürkheimer Anzeiger (4. 11. 0%. Herr Emndruck. Jedenfalls haben wie in Hierrn
613 192 1403 237 ihrer Stimmungsmalerei, welche die ein¬
1407 198 2201 253 Marcell Salzer erwies sich sowohl in den
2188 202 2996 252 Marcell Salzer einen geistvollen. reich und
609 216 1402 277 fachsten Vorgänge des Lebens in eigenartiger
1413 241 2203 292 classischen Schöpfungen von Goethe’s Genius
2197 246 2993 288 teinfühlenden Recitator kennen gelernt, dessen
611 257 1407 316 Beleuchtung erscheinen lässt, aber in seiner
1411 280 2195 327 wie auch in moderner Dichtung, Poesie und
2191 279 2987 330 anmuthige Eigenart Jedem in angenelimster
617 303 1393 350 litterarischen Feinfühligkeit weiss er auch
2192 313 2997 378 Erinnerung bleiben wird, dem er die zuweilen
1411 315 2192 359 Prosa als ein Meister der Vortragskunst. Wie
610 324 1406 383 anders geartete Werke verstandnissvoll zu
1403 355 2195 401 die ernsten Vorträge Salzer’s weihevollsten
2191 355 2981 404 scharfe aber brustreimgende Wiener Luft zu¬
608 367 1403 417 interpretiren, wovon die Vorträge aus Fontane
2199 393 2447 457 gefächelt hat.
1400 395 2196 439 seelischen Eindruck hervorbrachten, so wirkte
609 410 1396 460 und Rosegger glänzendes Zeugniss ablegten.
2255 414 2992 488 Düsseldorfer Volksblatt (27. 1. 00). Herr
1406 436 2193 486 der Künstler auch im humoristischen Theile
616 434 1403 498 Sehr interessant war der Schnitzler'sche
1407 474 2194 533 durchschlagend, so dass der gestrige Vor¬
2189 455 2991 513 Marcell Salzer darf als ein Meister edler,
617 491 1399 530 Dialog: „Weihnachtseinkäufe“, von dem
2202 508 2997 555 klarer, durch prägnante Charakterisirungs¬
1406 508 2190 562 tragsabend des „Wissenschaftlichen
607 522 1406 577 Wiener selbst mit echt Wiener Lebhaftigkeit,
2195 552 2986 598 kunst hervorstechende Vortragskunst be¬
1403 547 2196 610 Vereins“ zu einem der amüsantesten zählt.
607 564 1412 614 Schalkhaftigkeit und Humor übermittelt. Die
2181 579 3001 638 zeichnet werden. Auf einen Schlag tauchen
601 599 1409 658 hohe Charakterisirungskunst des Vortragen¬
2177 619 2991 681 die Gestalten plastisch, gerundet, in charakte¬
1606 615 1989 699 „Jung-Wien.“
611 645 1416 686 den trat besonders auch in der prächtigen
2181 666 2997 713 ristischer Prägung und Färbung des Tones
620 676 1416 738 Wiedergabe von Dichtungen von Liliencron
1471 675 2194 751 Düsseldorfer Zeitung (2. 2. 00). Wiener
2193 702 2983 761 vor uns auf und werden nun mit fesseinder
614 716 1395 760 zu Tage, wovon das „Gewitter“, „Bruder
1402 720 2192 790 Luft durchwehte gestern Abend den
2188 739 2993 778 Lebendigkeit, Zug um Zug nach ihrer Art in
609 758 1399 808 Lüderlich“, „Betrunken“, „Die Musik kommt“
1408 763 2196 829 Heck'schen Hotelsaal, wo sich die Mit¬
2194 782 2990 836 Augenblicksbildern festgehalten und seelisch
602 792 1395 842 den Hörern unvergesslich bleiben werden; in
1407 811 2191 864 glieder und Freunde der „Freien litte¬
2184 809 2992 874 entwickelt. Dieses Festhalten und Aus¬
615 826 1393 885 der meisterhaften Interpretation dieser rea¬
1399 850 2186 900 rarischen Vereinigung“ versammelt hatten.
2196 853 2988 906 spinnen der Charaktere erzeugt ein behag¬
611 873 1395 920 listischen Stimmungsdichtung dürfte Salzer
1402 887 2195 937 um einen Wiener über Wiener Litteratur und
2197 882 2984 944 lich warmes Stimmungscolorit und zugleich
606 902 1405 963 kaum einen Rivalen haben. Der Künstler
1396 914 2195 973 in letzter Linie über Wien plaudern zu hören.
2191 933 2999 989 den Reiz unmittelbarer Anschauung und
615 951 1399 996 fand hier wieder reichen und wohlverdienten
1401 969 2194 1011 Alle die weltbekannten Typen, die der
2195 967 2985 1025 Empfindung. Man ist bei Salzer immer
603 983 1402 1041 Beifall, und wir schliessen uns dem Wunsche,
1411 994 2192 1041 schönen Donaustadt ihren Charakter ver¬
2198 995 2988 1052 Augen- und Ohrenzeuge der geschilderten
607 1023 1403 1070 ihn im nächsten Winter wieder hier zu sehen,
1413 1041 2194 1080 leihen, erschienen im Saal. Zuerst ein
2191 1049 2990 1094 Vorgänge, und da wir nichts lieber glauben,
601 1065 1396 1112 von Herzen an. Sein jetziges Auftreten hat
1400 1075 2184 1123 Wiener von Fleisch und Blut, Herr Marcell
2193 1082 2998 1131 als was wir selber sehen, hören und
611 1093 1398 1158 seinen Freundeskreis hier wesentlich er¬
1402 1113 2184 1161 Salzer, der als echter Oesterreicher die Prater¬
2190 1120 2986 1168 empfinden, so ist die Wirkung seiner Reci¬
606 1136 781 1203 weitert.
1403 1153 2187 1201 stadt über Alles liebt, ihren Ruhm der Welt
2195 1156 2985 1212 tation eine tiefinnerliche. Durch keinerlei
683 1153 1403 1220 Darmstädter Tagblatt (28. 11. 96). Herr
1399 1191 2186 1244 verkündet und dem man bei seinen vielen
2196 1199 2991 1249 andere Mittel, als sein weiches, sehr sym¬
597 1212 1396 1283 Marcell Salzer ist ein feinsinniger Recitator,
1406 1229 2190 1280 liebenswürdigen Eigenschaften es gern nach¬
2189 1233 2982 1283 pathisches Organ, die schattirungsreiche, dia¬
610 1254 1397 1309 dem neben einem lebendigen und temperament¬
1394 1265 2184 1315 sicht, wenn er den einen oder den anderen
2194 1280 2985 1327 lectisch geschulte Vortragskunst und durch
598 1297 1394 1339 vollen, nach allen Regeln der Kunst ge¬
1405 1308 2189 1356 Wiener Poeten ein wenig überschätzt. Wir
2193 1303 2983 1374 seine ganz meisterhafte Art der Tonfärbung
598 1336 1400 1383 schulten Vortrage ein klangvolles und sehr
1407 1347 2191 1397 sahen sie vor uns, die Wiener Damen: „Die
2187 1356 2992 1407 und Nuancirung — dann und wann unter¬
596 1369 1369 1427 modulationsfähiges Organ zur Seite steht.
1397 1386 2182 1430 schöne Frau“ Hermann Bahr’s, die bewundert
2196 1384 2995 1443 stützt durch ein flüchtiges Hin und Her der
684 1397 1406 1462 Neue Hessische Volksblätter (Darm¬
1397 1428 2187 1472 werden will, die chice und elegante Dame
2186 1420 2997 1488 Gesichtsmuskeln — erzielt Herr Salzer be¬
613 1447 1394 1494 stadt, 28. 11. 96). Salzer ist ein so vor¬
1405 1463 2189 1508 der grossen Welt, und „Das süsse Mädel“,
2194 1456 2993 1526 deutende Wirkungen. Dass sich die Vor¬
612 1490 1393 1543 züglicher Interpret der Dichterwerke, wie man
1404 1502 2176 1552 die Arthur Schnitzler in der Liebeleimanier
2195 1505 2994 1559 träge wärmster Anerkennung und Aus¬
598 1527 1175 1568 ihn selten wieder finden wird.
1394 1539 2184 1586 vorführte, und das zarte, duftige Mädchen,
2194 1549 2996 1610 zeichnung erfreuen durften, braucht wohl
682 1542 1395 1612 Dresdner Nachrichten (3. 12.97). Nach¬
1394 1579 2187 1630 das der sensible Peter Altenburg gezeichnet
2197 1586 2796 1647 kaum erst versichert zu werden.
606 1589 1396 1640 dem der Verein „Dresdener Presse“ mit der
1401 1607 2200 1675 hat. Christian G. Morgenstern wartete mit
2260 1611 2983 1673 Bürger - Zeitung (Düsseldorf, 5. 2. 99).
615 1632 1400 1692 Veranstaltung seiner litterarischen Abende ein
1398 1647 2188 1706 einigen „Wachmännern“, einer verfehlten
2196 1655 2983 1711 Herr Marcell Salzer ist in der That ein fein¬
603 1670 1394 1718 löbliches Beispiel gegeben, fangen auch
1406 1680 2187 1736 Grossstadtexistenz und einem echten Fiaker
2183 1702 2996 1759 sinniger Recitator, dem neben einem lebendigen
607 1709 1394 1764 andere hochangesehene hiesige Gesellschaften
1399 1731 2186 1777 auf, und Anton Lindner endlich sang ein
2190 1737 2991 1790 temperamentvollen, nach allen Regeln der
605 1752 1398 1802 an, der einseitigen Bevorzugung musikalischer
1399 1768 2189 1818 Loblied auf Wien, Donau und Prater. Nur
2191 1773 2984 1834 Kunst geschulten Vortrage ein klangvolles,
600 1781 1394 1839 Unterhaltung Valet zu sagen und neben dem
1400 1808 2182 1871 zwei Dichter, J. J. David und Hugo von Hof¬
2195 1819 2994 1873 modulationsfähiges Organ zur Seite steht; in
611 1823 1398 1874 Musiker auch dem Schriftsteller und Dichter
1403 1848 2190 1901 mannsthal, hielten sich gestern fern von
2186 1857 2982 1912 ihm dürfte die moderne Kunst ihren be¬
607 1870 1397 1917 zu seinem Rechte zu verhelfen. Die rheto¬
1408 1879 2186 1932 Wien und suchten, entkleidet von jedem
2195 1892 2808 1945 rufenen Recitator gefunden haben.
607 1905 1397 1960 rische Veranstaltung des „Neustädter Casino“
1395 1923 2197 1985 pikanten Reiz, allein als Dichter zu wirken
616 1946 1394 1991 war um so interessanter, als man nicht nur
1400 1971 2187 2016 und zu gefallen. Herr Marcell Salzer ist ein
609 1985 1393 2042 in dem Vortragenden, Herrn Marcell Salzer
2263 1967 2918 2042 Moderne Humoresken.
1407 2008 2189 2053 trefflicher Vortragsmeister. Sein Organ ist
604 2011 1404 2067 aus Wien, die Bekanntschaft eines mit
2260 2025 2991 2099 General-Anzeiger für Düsseldorf und
1402 2044 2197 2094 klangvoll und sehr geschult. Er trifft mit
606 2053 1400 2106 schönen Mitteln und warmem Gefühl aus¬
2189 2064 2979 2127 Umgegend (29. 1. 90). Während sonst Re¬
1401 2083 2185 2130 den ersten Worten die Stimmung jeder Dich¬
598 2100 1395 2144 gestatteten Recitators machte, sondern auch
2185 2110 2990 2166 citatoren nicht ohne einiges Pathos und Pose
1404 2118 2194 2162 tung und überträgt sie auf seine Hörer.
597 2133 1399 2186 zugleich Gelegenheit hatte, Einblick zu
2194 2146 2981 2205 auszukommen vermeinen, ist Salzer’s Vor¬
1409 2146 2175 2205 Dichtungen, wie die Gedichte von J. J. David,
602 2171 1398 2224 thun in das litterarische Schaffen der jungen
2192 2195 2982 2247 tragsweise von der unbedingtesten Natürlich¬
1395 2197 2185 2246 die Skizzen von Peter Altenberg und den
1116 2210 1393 2262 Einen wesent¬
599 2219 1106 2271 Wiener Dichterschule. — —
2193 2226 2983 2279 keit. Unterstützt von einem weichen, bieg¬
1393 2236 2189 2291 Dialog von Arthur Schnitzler bringt er
598 2251 1397 2302 lichen Antheil am eindrucksvollen Erfolge
2197 2264 2981 2317 samen Organ, das in seiner Klangfarbe merk¬
1409 2276 2185 2334 vollendet zum Vortrag. Eine eigenartige
598 2285 1406 2335 hatte die lebenswarme, fein nuancirte Vor¬
2195 2304 2979 2357 würdige Achnlichkeit mit dem Josef Kainz'
1402 2312 2190 2362 Stimmung lag während des Vortrags über
608 2328 1395 2375 tragskunst des Marcell Salzer. Den Schluss
2189 2348 2988 2401 hat. trägt er die betreffenden Schöpfungen in
1399 2347 2187 2392 dem Publikum: Im wohligen Gefühle der Ge¬
597 2359 1402 2411 der Vorträge bildete eine lange Reihe
2193 2385 2991 2435 einfachem liebenswürdigem Plauderton vor,
1401 2392 2180 2437 borgenheit, des Unbetheiligtseins, liess man
606 2407 1396 2458 Rosegger’scher Dichtungen, denen eine vor¬
2190 2420 2991 2476 dabei ist die Charakteristik der einzelnen
1405 2432 2178 2471 sich von der „gnädigen Frau“ erzählen, die
607 2445 1392 2489 zügliche Beherrschung des Dialectes und eine
2194 2457 2981 2513 Personen scharf durchgeführt, und ob Scherz
1396 2472 2186 2519 für das „süsse Vorstadtmädel“ Blumen kauft,
606 2487 1396 2528 fein pointirte Dialogausgestaltung zu Hilfe
2186 2504 2982 2545 oder Ernst, stets weiss Salzer in eigenthüm¬
1409 2504 2178 2554 lachte man über die „schöne Frau“, die ohne
597 2522 1404 2588 kam, so dass eine zündende Wirkung nicht
2187 2544 2977 2589 licher Weise zu erfreuen oder zu rühren.
1398 2549 2182 2590 Bewunderung nicht leben kann, vernahm man
606 2547 793 2614 ausblieb.
2194 2583 2990 2624 Wie er die Liliencron'schen Gedichte: „Das
1404 2586 2179 2630 die verhaltenen Schmerzen eines Kindes und
681 2577 1397 2657 Dresdner Anzeiger (3. 12. 97). Herr
2189 2615 2988 2675 Gewitter“, „Bruder Lüderlich“ und „Be¬
1404 2621 2176 2668 die unterdrückte Angst eines Vaters und
597 2629 1390 2691 Salzer verfügt über ein klangvolles, modu¬
2187 2654 2983 2707 trunken“ vortrug, das verdient wirklich con¬
1399 2662 2189 2712 und hörte auf die lallenden Laute eines
601 2679 1400 2735 lationsfähiges Organ, er spricht mit Wärme
2191 2692 2975 2747 genial genannt zu werden. Detlev v. Lilien¬
1398 2696 2182 2748 Trunkenen, der den ganzen Vortrag mit einer
595 2715 1391 2765 und Innerlichkeit; er weiss zu fesseln, die
2187 2732 2974 2785 cron weiss selbst, dass es keinen besseren
1399 2740 2180 2793 tief ernsten und tragischen Note ausklingen
604 2751 1389 2806 Hörer in die nöthige Stimmung zu zwingen.
2166 2779 2988 2827 Interpreten seiner Gedichte giebt, als Marcell
1394 2778 1536 2837 liess.
605 2782 1398 2842 Für den Ernst wie für den Humor fand er
2182 2807 2975 2861 Salzer. Das Entzückendste seiner Dar¬
1460 2793 2189 2854 Düsseldorfer Volksblatt (3. 2. 99). Der
597 2836 1396 2885 die rechten Töne, mochten die Gaben in
2188 2849 2990 2899 bietungen war übrigens der zweite Theil,
1399 2846 2183 2908 am Mittwoch Abend im Festsaale des Hotels
601 2865 1400 2918 hochdeutscher oder in österreichischer Sprache
2183 2891 2982 2955 umfassend Rosegger: „Die Geschicht' vom
1402 2896 2189 2943 Heck von der „Freien litterarischen Ver¬
599 2907 1398 2966 gehalten sein, erstere sprach er ebenso rein,
2193 2927 2986 2983 trutzigen Bauern“, worin er die verschiedenen
1403 2936 2176 2984 einigung“ veranstaltete Recitationsabend des
601 2947 1394 3015 wie aus seinem Munde unverfälscht die öster¬
2186 2951 2985 3013 Bauernstimmen mit wunderbarer Feinheit
1386 2957 2182 3019 Herrn Marcell Salzer aus Wien war ausser¬
603 2987 1122 3041 reichischen Idiome klangen.
2190 2997 2983 3059 charakterisirte, die Wiener Humoreske: „Die
1393 3007 2177 3060 gewöhnlich zahlreich besucht. Herr Salzer
2194 3044 2990 3094 schöne Frau“ von Hermann Bahr und „Das
1401 3052 2174 3096 schiekte diesmal seinen Recitationen eine
684 3034 1392 3099 Dresdner Anzeiger (lo. 11. 90). Ausser¬
2195 3078 2993 3131 Pferd“ von Chr. Morgenstern, die beiden
1398 3087 2177 3143 geistreiche litterarische Randnote voran, in
593 3094 1398 3147 ordentlich fesselnd gestaltete sich der zweite
2188 3117 2987 3167 letzteren in Wiener Dialect, den Salzer als
1404 3112 2179 3180 der er die geistigen Strömungen und Ent¬
604 3128 1391 3181 Vortragsabend der Dresdner Kaufmann¬
2187 3163 2971 3208 geborener Wiener meisterhaft beherrscht.
1392 3159 2179 3209 wickelungen des litterarischen „Jung-Wien“
597 3166 1381 3219 schaft im Neustädter Casino am Dienstag, zu
2193 3187 2979 3249 Salzer ist ein vornehmer, feinsinniger Künstler,
1390 3202 2174 3246 in fesselnder Weise schilderte und als das
592 3204 1391 3260 dem die Gesellschaft einen Recitator aus Wien,
2179 3237 2987 3285 der die Pointen nicht unterstreicht und jenes
1399 3237 2178 3282 gemeinsam Befruchtende die verklärende
592 3242 1388 3295 Herrn Marcell Salzer, gewonnen hatte. Herr
2181 3273 2980 3336 Behagen hervorbringt, wie es eben nur ein
1393 3274 2174 3328 Wiener Sonne, die dort über guten und bösen
587 3287 1401 3338 Salzer rechtfertigte den ihm vorausgehenden
1400 3307 2178 3354 Schriftstellern leuchtet, durchscheinen liess
2178 3320 2983 3377 echter Humorist vermag. Dabei ist er
587 3331 1394 3378 guten Ruf im vollsten Maasse und zeigte
1400 3354 2172 3407 Daran schloss sich der Vortrag von Dich¬
2186 3360 2982 3410 litterarisch hochgebildet und besitzt jenen
596 3366 1392 3411 sein Verständniss für unsere Dichter und sein
1402 3389 2175 3439 tungen J. J. Davids, Peter Altenberg’s und
2182 3401 2984 3450 feinen Geschmack, der ihn zum berufenen Inter¬
589 3408 1390 3450 vorzügliches Vortragstalent in hellstem Lichte.
1399 3431 2177 3476 der H. Bahr’schen Humoreske „Die schöne
2184 3431 2983 3491 preten der modernen Dichtung stempelt.
592 3437 1388 3491 Obwohl Vorträge humoristischer Art meist
1400 3469 2172 3519 Frau“. Die geistvolle so sehr persönliche
2184 3466 2985 3524 Alles in Allem ist Marcell Salzer das Ideal
595 3487 1385 3528 schon an und für sich wirken, so wurde der
1398 3511 2179 3555 Art Salzer’s, die Dinge zu sehen und vor
2185 3509 2986 3562 eines modernen Recitators. Von ihm moderne
589 3518 1385 3568 Reiz derselben bei Weitem erhöht durch die
1402 3547 2183 3595 den Augen des Zuhörers in schwingende Be¬
2176 3559 2984 3600 Dichtungen vorgelesen zu hören, gehört zu
590 3558 1383 3614 fein durchdachte Art und Weise des Vor¬
1402 3583 2178 3631 wegung zu setzen, haben wir anlässlich seines
2187 3578 2982 3639 den auserwähltesten geistigen Genüssen, ist
594 3601 1393 3663 trages und die grosse Sprachgewandtheit des
1399 3626 2174 3670 ersten Recitationsabends schon hervorgehoben.
2185 3630 2975 3680 ästhetische Feinschmeckerei. Hoffentlich wird
585 3632 824 3697 Recitators.
1394 3663 2176 3710 Auch gestern nahm er sein Publikum vom
2185 3671 2984 3718 Herr Salzer bald wieder nach Düsseldorf
667 3660 1375 3744 Dürkheimer Beobachter (4. 11. 90).—
1401 3704 2174 3749 ersten bis zum letzten Pinselstrich seiner in
2184 3711 2980 3758 kommen und ein grösseres P’ublikum mit
581 3721 1392 3766 Herr Recitator Marcell Salzer aus Wien, der
1386 3737 2182 3791 flimmerndem Freilicht festgehaltenen Charakter¬
2173 3746 2981 3800 seiner vornehmen und liebenswürdigen Kunst
595 3762 1388 3815 gestern zum ersten Male im Wissen¬
1387 3777 2168 3825 bilder gefangen. Die grösste Wirkung er¬
2186 3779 2982 3838 erfreuen. Es wird für uns stets ein Fest
597 3808 1390 3858 schaftichen Vereine sich hören liess,
1395 3817 2168 3867 zielten Hermann Bahr’s mit tändelnder Ele¬
2184 3819 2977 3875 sein, wenn es uns vergönnt ist, uns an seiner
581 3847 1392 3887 hat sich mit einem Schlage die Sympathien
1399 3853 2174 3904 ganz geschilderte „Schöne Frau“ und Chr.
2183 3861 2888 3924 vollendeten Vortragskunst zu erfreuen.
594 3878 1384 3939 des Publikums gewonnen. Feines Verständ¬
1399 3894 2184 3938 G. Morgenstern's mit einem müden Strahl der
2248 3876 2976 3956 Kölnische Zeitung (8. 2. 99). Der dritte
584 3918 2971 4004 niss, geistige Durchdringung des Stoffes, Romantik umspieltes „Pferd“ — ein Wiener öffentliche Vertragsabend der „Freien litte¬
