<?xml version="1.0" encoding="UTF-8" standalone="yes"?>
<PcGts xmlns="http://schema.primaresearch.org/PAGE/gts/pagecontent/2013-07-15" xmlns:xsi="http://www.w3.org/2001/XMLSchema-instance" xsi:schemaLocation="http://schema.primaresearch.org/PAGE/gts/pagecontent/2013-07-15 http://schema.primaresearch.org/PAGE/gts/pagecontent/2013-07-15/pagecontent.xsd">
    <Metadata>
        <Creator>prov=University of Rostock/Institute of Mathematics/CITlab/Gundram Leifert/gundram.leifert@uni-rostock.de:name=ONB_Newseye_GT_M1+(htr_id=10810)::::v=2.4.2
prov=University of Rostock/Institute of Mathematics/CITlab/Tobias Gruening/tobias.gruening@uni-rostock.de:name=de.uros.citlab.module.baseline2polygon.B2PSeamMultiOriented:v=2.4.2
prov=University of Rostock/Institute of Mathematics/CITlab/Tobias Gruening/tobias.gruening@uni-rostock.de:name=/mnt/transkribus/LA/DEA/URO/LA_news_onb_att.pb:de.uros.citlab.segmentation.CITlab_LA_ML:v=2.4.2
Transkribus</Creator>
        <Created>2019-10-07T15:13:07.655+02:00</Created>
        <LastChange>2019-10-09T02:10:47.697+02:00</LastChange>
        <TranskribusMetadata docId="224173" pageId="9514380" pageNr="17" tsid="16618784" status="IN_PROGRESS" userId="40391" imgUrl="https://files.transkribus.eu/Get?id=VJTXPSQTTPPNQVZMCMXDHKCE&amp;fileType=view" xmlUrl="https://files.transkribus.eu/Get?id=RHJVWMIJGSVPDUZOZJZBZKAW" imageId="6202614"/>
    </Metadata>
    <Page imageFilename="224173_0017.jpeg" imageWidth="3344" imageHeight="4384">
        <ReadingOrder>
            <OrderedGroup id="ro_1711443977706" caption="Regions reading order">
                <RegionRefIndexed index="0" regionRef="r1"/>
                <RegionRefIndexed index="1" regionRef="r2"/>
                <RegionRefIndexed index="2" regionRef="r3"/>
            </OrderedGroup>
        </ReadingOrder>
        <TextRegion orientation="0.0" id="r1" custom="readingOrder {index:0;}">
            <Coords points="0,998 0,2442 229,2442 229,998"/>
            <TextLine id="r1l1" custom="readingOrder {index:0;}">
                <Coords points="152,1042 173,1044 195,1034 205,1036 210,1031 214,1034 227,1034 227,982 216,982 210,976 199,987 188,984 180,989 175,984 152,982"/>
                <Baseline points="162,1023 189,1022 216,1023"/>
                <TextEquiv>
                    <Unicode>681</Unicode>
                </TextEquiv>
            </TextLine>
            <TextLine id="r1l2" custom="readingOrder {index:1;}">
                <Coords points="151,1088 164,1087 168,1083 174,1087 185,1078 194,1084 198,1083 205,1090 222,1087 220,1044 198,1045 189,1037 175,1044 161,1038 149,1039"/>
                <Baseline points="161,1073 210,1071"/>
                <TextEquiv>
                    <Unicode>lec</Unicode>
                </TextEquiv>
            </TextLine>
            <TextLine id="r1l3" custom="readingOrder {index:2;}">
                <Coords points="167,1136 180,1135 182,1137 186,1132 190,1132 202,1141 206,1141 210,1136 221,1135 216,1090 205,1091 196,1084 185,1081 181,1081 175,1086 162,1087"/>
                <Baseline points="177,1126 209,1123"/>
                <TextEquiv>
                    <Unicode>Jul</Unicode>
                </TextEquiv>
            </TextLine>
            <TextLine id="r1l4" custom="readingOrder {index:3;}">
                <Coords points="5,1484 26,1484 41,1496 78,1482 99,1493 131,1477 168,1487 221,1484 223,1430 182,1429 169,1442 160,1437 132,1445 111,1444 96,1433 6,1439"/>
                <Baseline points="17,1470 44,1471 72,1473 100,1475 127,1476 155,1476 183,1476 211,1474"/>
                <TextEquiv>
                    <Unicode>rofessor I</Unicode>
                </TextEquiv>
            </TextLine>
            <TextLine id="r1l5" custom="readingOrder {index:4;}">
                <Coords points="-1,1543 14,1543 36,1527 55,1542 143,1529 234,1539 235,1498 193,1480 180,1493 152,1478 100,1498 94,1491 79,1498 36,1493 26,1484 0,1488"/>
                <Baseline points="10,1523 36,1524 63,1525 89,1526 116,1526 143,1527 169,1528 196,1527 223,1526"/>
                <TextEquiv>
                    <Unicode>0 zu Mani</Unicode>
                </TextEquiv>
            </TextLine>
            <TextLine id="r1l6" custom="readingOrder {index:5;}">
                <Coords points="-12,1577 25,1590 42,1582 68,1590 91,1576 121,1586 145,1578 153,1585 228,1587 228,1538 205,1533 164,1548 121,1533 96,1550 76,1537 57,1543 36,1526 14,1543 -11,1543"/>
                <Baseline points="0,1576 27,1576 54,1576 81,1577 108,1578 135,1579 162,1579 189,1577 217,1574"/>
                <TextEquiv>
                    <Unicode>der Gesch</Unicode>
                </TextEquiv>
            </TextLine>
            <TextLine id="r1l7" custom="readingOrder {index:6;}">
                <Coords points="0,1633 13,1634 29,1649 49,1639 74,1644 105,1638 124,1648 134,1639 175,1640 197,1624 218,1631 219,1584 174,1587 160,1580 142,1588 93,1576 35,1596 1,1591"/>
                <Baseline points="10,1619 38,1621 66,1623 94,1624 123,1624 151,1625 179,1625 208,1625"/>
                <TextEquiv>
                    <Unicode>esentlich</Unicode>
                </TextEquiv>
            </TextLine>
            <TextLine id="r1l8" custom="readingOrder {index:7;}">
                <Coords points="-8,1738 26,1732 49,1743 95,1733 112,1744 144,1746 163,1734 182,1742 195,1732 233,1752 234,1702 172,1672 142,1686 121,1675 80,1677 74,1670 50,1683 29,1680 16,1691 -8,1686"/>
                <Baseline points="3,1723 30,1723 58,1724 85,1725 113,1726 141,1726 168,1726 196,1726 224,1724"/>
                <TextEquiv>
                    <Unicode>eselze, das</Unicode>
                </TextEquiv>
            </TextLine>
            <TextLine id="r1l9" custom="readingOrder {index:8;}">
                <Coords points="-11,1791 12,1798 38,1777 68,1788 139,1787 152,1800 186,1798 224,1786 225,1741 193,1732 176,1743 163,1734 127,1750 93,1733 69,1735 39,1751 20,1732 -10,1738"/>
                <Baseline points="0,1773 26,1774 53,1775 79,1777 106,1778 133,1779 159,1778 186,1777 213,1773"/>
                <TextEquiv>
                    <Unicode>h die pass</Unicode>
                </TextEquiv>
            </TextLine>
            <TextLine id="r1l10" custom="readingOrder {index:9;}">
                <Coords points="16,1834 33,1832 44,1842 71,1836 82,1844 106,1835 123,1842 151,1835 159,1844 178,1835 208,1839 234,1830 234,1777 221,1777 193,1796 159,1799 120,1784 60,1789 43,1778 16,1789"/>
                <Baseline points="27,1829 55,1828 83,1828 111,1829 139,1829 167,1829 195,1828 223,1825"/>
                <TextEquiv>
                    <Unicode>Während</Unicode>
                </TextEquiv>
            </TextLine>
            <TextLine id="r1l11" custom="readingOrder {index:10;}">
                <Coords points="-11,1885 23,1881 42,1889 117,1881 147,1893 192,1895 226,1880 226,1837 183,1835 168,1846 151,1836 110,1844 98,1836 85,1844 63,1836 38,1847 -12,1836"/>
                <Baseline points="0,1875 27,1877 54,1878 81,1879 108,1879 135,1879 162,1878 189,1876 216,1874"/>
                <TextEquiv>
                    <Unicode>nacherei, Bi</Unicode>
                </TextEquiv>
            </TextLine>
            <TextLine id="r1l12" custom="readingOrder {index:11;}">
                <Coords points="8,1930 32,1939 64,1932 83,1941 113,1930 152,1945 182,1932 194,1941 229,1936 229,1883 205,1885 190,1896 158,1894 143,1881 137,1887 115,1881 96,1892 85,1881 42,1890 23,1881 8,1885"/>
                <Baseline points="18,1925 43,1928 68,1929 93,1929 118,1929 143,1928 168,1928 193,1927 218,1927"/>
                <TextEquiv>
                    <Unicode>Individuen,</Unicode>
                </TextEquiv>
            </TextLine>
            <TextLine id="r1l13" custom="readingOrder {index:12;}">
                <Coords points="1,1982 22,1988 48,1982 65,1999 95,1999 120,1995 131,1984 163,1989 187,1980 238,2008 238,1946 208,1935 198,1942 189,1935 131,1939 116,1950 101,1939 76,1948 41,1943 1,1926"/>
                <Baseline points="12,1973 39,1975 66,1976 93,1976 120,1975 147,1975 174,1975 201,1975 228,1977"/>
                <TextEquiv>
                    <Unicode>Gegenstand</Unicode>
                </TextEquiv>
            </TextLine>
            <TextLine id="r1l14" custom="readingOrder {index:13;}">
                <Coords points="-7,2037 15,2035 32,2046 130,2028 139,2037 190,2047 207,2036 233,2051 233,1991 149,1981 120,1994 64,1998 47,1981 36,1990 -7,1980"/>
                <Baseline points="5,2024 32,2026 59,2026 86,2027 114,2027 141,2026 168,2025 195,2025 223,2024"/>
                <TextEquiv>
                    <Unicode>1 jene Fälle</Unicode>
                </TextEquiv>
            </TextLine>
            <TextLine id="r1l15" custom="readingOrder {index:14;}">
                <Coords points="-10,2091 18,2082 82,2098 116,2077 136,2088 161,2084 180,2101 198,2086 210,2089 241,2076 241,2057 228,2057 209,2037 192,2046 98,2032 59,2047 27,2046 16,2035 5,2044 -9,2042"/>
                <Baseline points="0,2074 25,2076 50,2078 76,2078 101,2079 127,2079 152,2078 178,2078 203,2078 229,2078"/>
                <TextEquiv>
                    <Unicode>t und in de</Unicode>
                </TextEquiv>
            </TextLine>
            <TextLine id="r1l16" custom="readingOrder {index:15;}">
                <Coords points="-3,2131 44,2138 59,2127 85,2138 128,2143 153,2136 162,2143 192,2126 220,2126 220,2090 203,2085 181,2100 162,2085 130,2083 111,2093 87,2085 42,2100 -3,2089"/>
                <Baseline points="7,2125 32,2126 57,2127 82,2128 108,2128 133,2128 158,2128 183,2127 209,2125"/>
                <TextEquiv>
                    <Unicode>k sucht</Unicode>
                </TextEquiv>
            </TextLine>
            <TextLine id="r1l17" custom="readingOrder {index:16;}">
                <Coords points="-10,2187 108,2182 116,2191 155,2180 232,2188 232,2133 197,2144 180,2131 161,2144 140,2135 120,2144 56,2127 43,2138 13,2131 -10,2140"/>
                <Baseline points="0,2175 27,2175 55,2176 82,2177 110,2177 137,2177 165,2176 192,2175 220,2173"/>
                <TextEquiv>
                    <Unicode>a Sacher-</Unicode>
                </TextEquiv>
            </TextLine>
            <TextLine id="r1l18" custom="readingOrder {index:17;}">
                <Coords points="-4,2234 54,2228 86,2245 99,2236 157,2237 165,2230 184,2249 236,2250 236,2185 182,2187 159,2177 90,2200 -4,2185"/>
                <Baseline points="7,2226 34,2226 61,2227 89,2227 116,2228 143,2228 171,2227 198,2227 226,2225"/>
                <TextEquiv>
                    <Unicode>is und de</Unicode>
                </TextEquiv>
            </TextLine>
            <TextLine id="r1l19" custom="readingOrder {index:18;}">
                <Coords points="-11,2286 47,2298 70,2283 85,2287 100,2278 113,2285 124,2278 139,2289 169,2284 192,2297 237,2277 237,2228 181,2243 162,2231 83,2244 50,2230 33,2245 -12,2234"/>
                <Baseline points="0,2278 25,2278 50,2278 75,2278 100,2278 126,2278 151,2278 176,2277 201,2277 227,2275"/>
                <TextEquiv>
                    <Unicode>igem Gege</Unicode>
                </TextEquiv>
            </TextLine>
            <TextLine id="r1l20" custom="readingOrder {index:19;}">
                <Coords points="29,2340 61,2340 78,2349 119,2328 137,2328 158,2339 169,2331 192,2340 199,2333 228,2338 229,2287 173,2297 161,2284 139,2290 122,2279 73,2285 45,2301 30,2299"/>
                <Baseline points="40,2325 65,2326 90,2327 116,2327 141,2328 167,2328 192,2328 218,2327"/>
                <TextEquiv>
                    <Unicode>an dem</Unicode>
                </TextEquiv>
            </TextLine>
            <TextLine id="r1l21" custom="readingOrder {index:20;}">
                <Coords points="111,2382 121,2381 132,2387 139,2381 156,2380 184,2388 192,2383 212,2396 222,2389 229,2395 240,2395 238,2343 227,2344 212,2333 206,2338 199,2334 195,2338 165,2339 159,2346 148,2344 137,2334 124,2341 109,2341"/>
                <Baseline points="121,2377 148,2377 175,2376 202,2374 229,2375"/>
                <TextEquiv>
                    <Unicode>weibli</Unicode>
                </TextEquiv>
            </TextLine>
            <TextLine id="r1l22" custom="readingOrder {index:21;}">
                <Coords points="157,2434 174,2438 187,2434 203,2449 226,2455 231,2395 212,2396 210,2393 201,2393 197,2397 191,2392 180,2397 172,2390 161,2389"/>
                <Baseline points="169,2426 218,2430"/>
                <TextEquiv>
                    <Unicode>beg</Unicode>
                </TextEquiv>
            </TextLine>
            <TextEquiv>
                <Unicode>681
lec
Jul
rofessor I
0 zu Mani
der Gesch
esentlich
eselze, das
h die pass
Während
nacherei, Bi
Individuen,
Gegenstand
1 jene Fälle
t und in de
k sucht
a Sacher-
is und de
igem Gege
an dem
weibli
beg</Unicode>
            </TextEquiv>
        </TextRegion>
        <TextRegion orientation="0.0" id="r2" custom="readingOrder {index:1;}">
            <Coords points="408,207 408,358 442,358 442,207"/>
            <TextLine id="r2l1" custom="readingOrder {index:0;}">
                <Coords points="398,308 409,309 421,322 425,318 434,318 438,323 453,321 456,247 442,244 431,248 429,245 424,247 412,234 401,234"/>
                <Baseline points="408,307 442,308"/>
                <TextEquiv>
                    <Unicode>1</Unicode>
                </TextEquiv>
            </TextLine>
            <TextEquiv>
                <Unicode>1</Unicode>
            </TextEquiv>
        </TextRegion>
        <TextRegion orientation="0.0" id="r3" custom="readingOrder {index:2;}">
            <Coords points="411,176 411,4165 2909,4165 2909,176"/>
            <TextLine id="r3l1" custom="readingOrder {index:0;}">
                <Coords points="2301,224 2388,245 2489,217 2569,236 2670,231 2706,211 2744,225 2743,171 2615,188 2561,174 2300,184"/>
                <Baseline points="2311,207 2337,208 2363,208 2390,208 2416,208 2442,207 2469,206 2495,206 2522,204 2548,203 2574,202 2601,201 2627,200 2653,199 2680,199 2706,199 2733,199"/>
                <TextEquiv>
                    <Unicode>—</Unicode>
                </TextEquiv>
            </TextLine>
            <TextLine id="r3l2" custom="readingOrder {index:1;}">
                <Coords points="1734,330 1905,332 1957,307 2006,333 2094,330 2126,311 2196,333 2197,252 2140,228 2071,248 1977,237 1908,262 1795,250 1778,234 1735,251"/>
                <Baseline points="1746,304 1771,303 1797,303 1823,303 1849,303 1875,303 1901,304 1927,305 1953,305 1978,307 2004,307 2030,307 2056,308 2082,308 2108,307 2134,307 2160,306 2186,304"/>
                <TextEquiv>
                    <Unicode>box 36/1</Unicode>
                </TextEquiv>
            </TextLine>
            <TextLine id="r3l3" custom="readingOrder {index:2;}">
                <Coords points="753,312 803,312 807,308 817,312 852,312 852,253 835,250 830,255 815,253 807,259 785,253 779,255 770,250 764,255 753,255"/>
                <Baseline points="764,306 789,307 814,307 840,306"/>
                <TextEquiv>
                    <Unicode>h1</Unicode>
                </TextEquiv>
            </TextLine>
            <TextLine id="r3l4" custom="readingOrder {index:3;}">
                <Coords points="649,314 660,312 662,314 673,312 678,314 686,312 677,253 662,256 655,254 640,257"/>
                <Baseline points="660,310 674,308"/>
                <TextEquiv>
                    <Unicode>I</Unicode>
                </TextEquiv>
            </TextLine>
            <TextLine id="r3l5" custom="readingOrder {index:4;}">
                <Coords points="458,336 1538,350 1594,331 1594,271 1138,249 1061,303 928,249 836,311 732,311 575,249 458,294"/>
                <Baseline points="469,317 524,319 580,321 636,322 692,323 747,323 803,324 859,324 915,324 970,324 1026,324 1082,324 1138,323 1193,323 1249,323 1305,322 1361,322 1416,322 1472,322 1528,322 1584,322"/>
                <TextEquiv>
                    <Unicode>betsOffprints</Unicode>
                </TextEquiv>
            </TextLine>
            <TextLine id="r3l6" custom="readingOrder {index:5;}">
                <Coords points="1268,994 2826,1017 2877,929 1267,940"/>
                <Baseline points="1278,988 1357,988 1436,987 1516,987 1595,987 1675,987 1754,987 1834,987 1913,987 1993,987 2072,987 2151,987 2231,987 2310,986 2390,986 2469,986 2549,985 2628,984 2708,984 2787,983 2867,981"/>
                <TextEquiv>
                    <Unicode>Professor Dr. Moriz Benedikt (geb. am 6. Juli 1835 in Eisenstadt)</Unicode>
                </TextEquiv>
            </TextLine>
            <TextLine id="r3l7" custom="readingOrder {index:6;}">
                <Coords points="400,1009 661,1022 803,1006 830,1026 878,1000 878,938 816,968 767,944 703,967 647,945 578,959 508,944 448,960 401,928"/>
                <Baseline points="411,1004 436,1004 461,1004 487,1004 512,1004 537,1004 563,1004 588,1004 614,1005 639,1005 664,1005 690,1005 715,1006 741,1006 766,1006 791,1007 817,1007 842,1007 868,1007"/>
                <TextEquiv>
                    <Unicode>Enen Ferien malt er</Unicode>
                </TextEquiv>
            </TextLine>
            <TextLine id="r3l8" custom="readingOrder {index:7;}">
                <Coords points="1158,1054 2601,1039 2532,985 1158,1007"/>
                <Baseline points="1169,1041 1240,1040 1311,1040 1382,1039 1453,1039 1524,1038 1595,1038 1666,1038 1737,1038 1808,1038 1880,1037 1951,1037 2022,1037 2093,1037 2164,1037 2235,1036 2306,1036 2377,1035 2448,1034 2519,1033 2591,1032"/>
                <TextEquiv>
                    <Unicode>schrieb „Studien über österreichische dramatische Dichter“ (1854).</Unicode>
                </TextEquiv>
            </TextLine>
            <TextLine id="r3l9" custom="readingOrder {index:8;}">
                <Coords points="400,1057 466,1077 488,1056 657,1074 730,1074 751,1055 777,1073 869,1056 869,1028 820,1015 794,1026 749,1012 677,1012 662,1025 529,1013 495,1030 401,1010"/>
                <Baseline points="411,1052 437,1053 463,1054 489,1055 516,1055 542,1055 568,1056 595,1056 621,1056 647,1056 673,1056 700,1056 726,1056 752,1056 779,1056 805,1056 831,1056 858,1056"/>
                <TextEquiv>
                    <Unicode>vas er vor sich hat;</Unicode>
                </TextEquiv>
            </TextLine>
            <TextLine id="r3l10" custom="readingOrder {index:9;}">
                <Coords points="1268,1091 2873,1094 2830,1028 1268,1049"/>
                <Baseline points="1279,1089 1358,1090 1437,1090 1516,1091 1595,1091 1675,1091 1754,1091 1833,1091 1912,1090 1991,1090 2071,1089 2150,1089 2229,1088 2308,1087 2387,1086 2467,1085 2546,1084 2625,1083 2704,1082 2783,1081 2863,1080"/>
                <TextEquiv>
                    <Unicode>Dr. Ferdinand Fleckeles (geb. am 2. April 1836 zu Karlsbad) schrieb</Unicode>
                </TextEquiv>
            </TextLine>
            <TextLine id="r3l11" custom="readingOrder {index:10;}">
                <Coords points="421,1115 472,1123 511,1108 541,1125 573,1114 680,1126 742,1105 783,1122 830,1111 883,1125 883,1074 859,1063 733,1077 620,1060 539,1076 421,1068"/>
                <Baseline points="432,1103 457,1105 483,1106 509,1107 535,1108 561,1108 587,1108 613,1108 639,1108 664,1107 690,1107 716,1106 742,1106 768,1105 794,1105 820,1104 846,1104 872,1104"/>
                <TextEquiv>
                    <Unicode>er empfängt, wird</Unicode>
                </TextEquiv>
            </TextLine>
            <TextLine id="r3l12" custom="readingOrder {index:11;}">
                <Coords points="1156,1149 2611,1162 2866,1092 1156,1112"/>
                <Baseline points="1166,1144 1250,1143 1334,1142 1419,1141 1503,1141 1588,1140 1672,1140 1757,1140 1841,1140 1926,1140 2010,1139 2094,1139 2179,1139 2263,1139 2348,1138 2432,1137 2517,1136 2601,1135 2686,1134 2770,1132 2855,1130"/>
                <TextEquiv>
                    <Unicode>unter dem Pseudonym „Julius Walter“: „Sprudelsteine“ (1872), „Querfeldein“</Unicode>
                </TextEquiv>
            </TextLine>
            <TextLine id="r3l13" custom="readingOrder {index:12;}">
                <Coords points="404,1169 464,1158 635,1168 680,1147 712,1175 838,1173 883,1167 884,1137 826,1111 781,1126 755,1109 727,1128 541,1125 496,1109 445,1120 404,1100"/>
                <Baseline points="414,1153 439,1155 464,1156 490,1157 515,1158 541,1158 566,1158 592,1159 617,1159 643,1159 668,1159 693,1159 719,1159 744,1159 770,1158 795,1158 821,1158 846,1158 872,1158"/>
                <TextEquiv>
                    <Unicode>ge Porträts gemalt.</Unicode>
                </TextEquiv>
            </TextLine>
            <TextLine id="r3l14" custom="readingOrder {index:13;}">
                <Coords points="1146,1198 2475,1215 2841,1197 2862,1143 1146,1161"/>
                <Baseline points="1157,1197 1241,1196 1326,1195 1411,1194 1495,1193 1580,1192 1665,1191 1749,1190 1834,1189 1919,1188 2004,1187 2088,1186 2173,1186 2258,1185 2342,1185 2427,1185 2512,1184 2596,1184 2681,1184 2766,1185 2851,1185"/>
                <TextEquiv>
                    <Unicode>(1873), „Neue Sprudelsteine“ (1876), „Philippine Welser in Karlsbad“</Unicode>
                </TextEquiv>
            </TextLine>
            <TextLine id="r3l15" custom="readingOrder {index:14;}">
                <Coords points="402,1218 451,1212 466,1225 544,1202 584,1225 678,1212 695,1225 747,1198 813,1226 875,1196 875,1179 832,1181 805,1161 749,1181 691,1157 646,1174 608,1161 541,1176 464,1159 402,1169"/>
                <Baseline points="412,1206 437,1208 462,1208 487,1209 512,1209 537,1209 562,1210 587,1210 612,1210 638,1209 663,1209 688,1209 713,1209 738,1209 763,1209 788,1209 813,1209 838,1209 864,1209"/>
                <TextEquiv>
                    <Unicode>ichte folgende ein¬</Unicode>
                </TextEquiv>
            </TextLine>
            <TextLine id="r3l16" custom="readingOrder {index:15;}">
                <Coords points="1161,1274 1272,1246 1292,1263 1313,1248 1337,1260 1386,1247 1418,1257 1521,1253 1520,1221 1486,1205 1432,1221 1411,1204 1375,1221 1362,1209 1321,1218 1272,1199 1161,1214"/>
                <Baseline points="1171,1247 1197,1245 1223,1243 1249,1242 1275,1242 1301,1242 1327,1241 1353,1241 1379,1241 1405,1241 1431,1241 1457,1241 1483,1240 1509,1239"/>
                <TextEquiv>
                    <Unicode>(1863) u. a. m.</Unicode>
                </TextEquiv>
            </TextLine>
            <TextLine id="r3l17" custom="readingOrder {index:16;}">
                <Coords points="416,1265 548,1265 591,1280 617,1265 790,1273 846,1267 882,1245 882,1220 799,1226 786,1213 696,1225 654,1214 628,1227 559,1212 416,1220"/>
                <Baseline points="426,1256 452,1257 478,1258 504,1258 530,1259 556,1259 583,1259 609,1260 635,1260 661,1260 687,1260 713,1260 740,1260 766,1259 792,1259 818,1259 844,1259 871,1260"/>
                <TextEquiv>
                    <Unicode>des kunsthistorischen</Unicode>
                </TextEquiv>
            </TextLine>
            <TextLine id="r3l18" custom="readingOrder {index:17;}">
                <Coords points="1268,1305 2884,1282 2828,1225 2393,1256 2284,1207 2134,1253 1268,1260"/>
                <Baseline points="1279,1291 1358,1291 1438,1291 1518,1291 1597,1290 1677,1290 1757,1289 1836,1289 1916,1288 1996,1288 2076,1287 2155,1286 2235,1286 2315,1285 2394,1284 2474,1283 2554,1283 2633,1282 2713,1282 2793,1281 2873,1280"/>
                <TextEquiv>
                    <Unicode>Dr. Adolf Kallay (geb. 1839 in O-Tura, gest. am 12. October 1899 in</Unicode>
                </TextEquiv>
            </TextLine>
            <TextLine id="r3l19" custom="readingOrder {index:18;}">
                <Coords points="411,1322 452,1333 512,1310 527,1323 595,1311 612,1326 672,1314 709,1327 816,1315 839,1326 876,1307 876,1280 831,1266 775,1283 752,1265 559,1277 412,1262"/>
                <Baseline points="422,1303 448,1306 474,1308 500,1309 526,1310 552,1310 578,1310 604,1310 630,1310 656,1310 682,1310 708,1310 734,1310 760,1310 786,1310 812,1310 838,1312 864,1312"/>
                <TextEquiv>
                    <Unicode>Tesserae (1893); die</Unicode>
                </TextEquiv>
            </TextLine>
            <TextLine id="r3l20" custom="readingOrder {index:19;}">
                <Coords points="1154,1353 2811,1355 2872,1296 1154,1308"/>
                <Baseline points="1164,1344 1248,1343 1333,1342 1418,1341 1503,1341 1588,1340 1673,1340 1758,1340 1843,1340 1928,1340 2013,1340 2097,1340 2182,1339 2267,1339 2352,1338 2437,1337 2522,1336 2607,1334 2692,1332 2777,1330 2862,1327"/>
                <TextEquiv>
                    <Unicode>Wien) war in den Sechziger-Jahren ständiger Mitarbeiter des „Wiener Figaro“</Unicode>
                </TextEquiv>
            </TextLine>
            <TextLine id="r3l21" custom="readingOrder {index:20;}">
                <Coords points="404,1364 626,1380 733,1373 761,1356 844,1376 883,1365 883,1318 731,1328 661,1313 603,1337 511,1311 459,1330 404,1311"/>
                <Baseline points="414,1354 439,1356 464,1357 490,1359 515,1359 541,1360 566,1360 592,1360 617,1360 643,1360 668,1360 693,1360 719,1359 744,1359 770,1359 795,1358 821,1358 846,1358 872,1358"/>
                <TextEquiv>
                    <Unicode>e seltene Münze von</Unicode>
                </TextEquiv>
            </TextLine>
            <TextLine id="r3l22" custom="readingOrder {index:21;}">
                <Coords points="1147,1401 2866,1399 2865,1322 1147,1361"/>
                <Baseline points="1157,1394 1241,1395 1326,1395 1411,1394 1496,1394 1581,1394 1666,1394 1751,1393 1836,1393 1921,1392 2006,1391 2090,1391 2175,1390 2260,1389 2345,1388 2430,1387 2515,1386 2600,1385 2685,1384 2770,1383 2855,1382"/>
                <TextEquiv>
                    <Unicode>und seine satyrischen Briefe: „Fekete Gabor an die Baronesse Fetzenberg“</Unicode>
                </TextEquiv>
            </TextLine>
            <TextLine id="r3l23" custom="readingOrder {index:22;}">
                <Coords points="417,1433 532,1444 629,1418 674,1442 706,1425 839,1430 876,1411 872,1368 833,1381 761,1358 675,1384 418,1367"/>
                <Baseline points="428,1404 453,1406 479,1407 504,1408 530,1409 556,1410 581,1411 607,1411 633,1412 658,1412 684,1412 710,1413 735,1413 761,1413 787,1413 812,1413 838,1413 864,1413"/>
                <TextEquiv>
                    <Unicode>von Tarsus (1896):</Unicode>
                </TextEquiv>
            </TextLine>
            <TextLine id="r3l24" custom="readingOrder {index:23;}">
                <Coords points="1161,1447 1247,1466 1354,1443 1410,1460 1438,1445 1461,1462 1658,1452 1658,1415 1549,1402 1161,1411"/>
                <Baseline points="1173,1442 1198,1442 1223,1443 1248,1443 1273,1443 1298,1443 1323,1444 1348,1444 1373,1444 1398,1444 1423,1443 1448,1443 1473,1443 1498,1443 1523,1443 1548,1443 1573,1443 1598,1443 1623,1443 1648,1443"/>
                <TextEquiv>
                    <Unicode>wurden viel gelesen.</Unicode>
                </TextEquiv>
            </TextLine>
            <TextLine id="r3l25" custom="readingOrder {index:24;}">
                <Coords points="1283,1507 2875,1505 2875,1447 1283,1453"/>
                <Baseline points="1293,1491 1371,1492 1450,1493 1528,1494 1607,1494 1686,1494 1764,1494 1843,1494 1921,1494 2000,1493 2079,1492 2157,1491 2236,1491 2314,1490 2393,1489 2472,1488 2550,1487 2629,1486 2707,1485 2786,1484 2865,1483"/>
                <TextEquiv>
                    <Unicode>Hofrath Professor Dr. Richard Freiherr von Krafft-Ebing (geb. am</Unicode>
                </TextEquiv>
            </TextLine>
            <TextLine id="r3l26" custom="readingOrder {index:25;}">
                <Coords points="407,1518 854,1521 869,1517 870,1474 778,1475 688,1453 611,1474 557,1450 510,1467 468,1448 450,1463 408,1452"/>
                <Baseline points="418,1505 443,1505 469,1506 495,1506 521,1506 547,1507 573,1507 599,1507 625,1507 650,1508 676,1508 702,1508 728,1508 754,1508 780,1508 806,1508 832,1508 858,1507"/>
                <TextEquiv>
                    <Unicode>in Galizien) studierte</Unicode>
                </TextEquiv>
            </TextLine>
            <TextLine id="r3l27" custom="readingOrder {index:26;}">
                <Coords points="1156,1552 2877,1527 2759,1487 1156,1505"/>
                <Baseline points="1166,1545 1251,1545 1336,1544 1421,1543 1506,1543 1591,1542 1676,1542 1761,1541 1846,1541 1931,1540 2016,1539 2101,1539 2186,1538 2271,1537 2356,1537 2441,1535 2526,1535 2611,1533 2696,1532 2781,1531 2867,1529"/>
                <TextEquiv>
                    <Unicode>14. August 1840 zu Mannheim) hat durch seine Untersuchungen über krank¬</Unicode>
                </TextEquiv>
            </TextLine>
            <TextLine id="r3l28" custom="readingOrder {index:27;}">
                <Coords points="408,1571 494,1560 541,1577 697,1560 719,1573 809,1570 877,1554 877,1516 804,1512 761,1532 712,1515 639,1529 607,1514 583,1529 408,1518"/>
                <Baseline points="419,1557 445,1558 471,1559 497,1559 524,1559 550,1558 576,1558 603,1557 629,1557 655,1557 681,1556 708,1555 734,1555 760,1555 787,1555 813,1555 839,1556 866,1557"/>
                <TextEquiv>
                    <Unicode>n „Wanderer“, war</Unicode>
                </TextEquiv>
            </TextLine>
            <TextLine id="r3l29" custom="readingOrder {index:28;}">
                <Coords points="1167,1608 2729,1602 2887,1588 2887,1547 1166,1550"/>
                <Baseline points="1178,1596 1267,1596 1356,1595 1446,1595 1535,1594 1625,1594 1714,1594 1803,1594 1893,1593 1982,1593 2072,1592 2161,1592 2251,1591 2340,1590 2429,1589 2519,1587 2608,1586 2698,1584 2787,1582 2877,1579"/>
                <TextEquiv>
                    <Unicode>hafte Formen der Geschlechtsliebe zur Erklärung zahlreicher Gestalten der</Unicode>
                </TextEquiv>
            </TextLine>
            <TextLine id="r3l30" custom="readingOrder {index:29;}">
                <Coords points="411,1616 509,1613 560,1633 642,1617 706,1635 732,1620 766,1638 798,1619 852,1630 852,1568 837,1564 737,1563 692,1579 673,1562 619,1580 497,1560 456,1578 411,1567"/>
                <Baseline points="422,1605 448,1606 474,1606 500,1607 526,1607 552,1608 578,1609 604,1609 631,1609 657,1610 683,1610 709,1610 735,1610 761,1610 787,1610 813,1610 840,1610"/>
                <TextEquiv>
                    <Unicode>e Wiener Tagblatt“</Unicode>
                </TextEquiv>
            </TextLine>
            <TextLine id="r3l31" custom="readingOrder {index:30;}">
                <Coords points="1162,1663 2879,1635 2788,1586 1162,1607"/>
                <Baseline points="1172,1646 1256,1645 1341,1645 1426,1644 1511,1644 1595,1643 1680,1643 1765,1643 1850,1643 1934,1642 2019,1642 2104,1642 2189,1642 2273,1641 2358,1641 2443,1640 2528,1639 2612,1638 2697,1637 2782,1636 2867,1635"/>
                <TextEquiv>
                    <Unicode>Weltliteratur wesentlich beigetragen (Psychopathia sexualis, 1886, Neue For¬</Unicode>
                </TextEquiv>
            </TextLine>
            <TextLine id="r3l32" custom="readingOrder {index:31;}">
                <Coords points="1170,1706 1254,1716 1354,1702 1386,1717 1485,1701 1560,1707 1559,1669 1506,1650 1448,1648 1395,1670 1305,1653 1247,1667 1227,1648 1210,1663 1170,1665"/>
                <Baseline points="1181,1694 1207,1695 1233,1696 1259,1696 1285,1696 1312,1696 1338,1695 1364,1695 1390,1694 1416,1694 1443,1693 1469,1693 1495,1693 1521,1694 1548,1695"/>
                <TextEquiv>
                    <Unicode>schungen, 1890).</Unicode>
                </TextEquiv>
            </TextLine>
            <TextLine id="r3l33" custom="readingOrder {index:32;}">
                <Coords points="422,1721 585,1715 660,1729 730,1714 829,1721 876,1704 876,1666 763,1652 716,1665 684,1656 666,1671 626,1654 594,1671 517,1655 487,1674 422,1659"/>
                <Baseline points="433,1706 458,1707 483,1708 509,1709 534,1710 560,1710 585,1710 610,1710 636,1710 661,1710 687,1710 712,1710 737,1710 763,1710 788,1710 814,1710 839,1710 865,1711"/>
                <TextEquiv>
                    <Unicode>ricker (geb. 1834</Unicode>
                </TextEquiv>
            </TextLine>
            <TextLine id="r3l34" custom="readingOrder {index:33;}">
                <Coords points="1290,1750 2707,1758 2882,1743 2882,1696 1290,1712"/>
                <Baseline points="1300,1743 1378,1744 1457,1744 1535,1744 1614,1743 1692,1743 1771,1742 1849,1742 1928,1741 2006,1740 2085,1739 2164,1738 2242,1737 2321,1737 2399,1736 2478,1735 2556,1734 2635,1734 2713,1734 2792,1733 2871,1733"/>
                <TextEquiv>
                    <Unicode>Von dem Gesetze, dass der Mann im Liebeswerben die active, selbst aggressive,</Unicode>
                </TextEquiv>
            </TextLine>
            <TextLine id="r3l35" custom="readingOrder {index:34;}">
                <Coords points="418,1779 579,1781 615,1764 714,1775 744,1755 818,1772 857,1755 857,1728 814,1732 769,1715 735,1727 622,1719 568,1740 521,1714 418,1721"/>
                <Baseline points="430,1761 456,1762 482,1762 508,1762 534,1763 560,1763 586,1763 612,1762 638,1762 664,1762 690,1762 716,1762 742,1762 768,1762 794,1762 820,1763 846,1763"/>
                <TextEquiv>
                    <Unicode>am in seinen Vor¬</Unicode>
                </TextEquiv>
            </TextLine>
            <TextLine id="r3l36" custom="readingOrder {index:35;}">
                <Coords points="1161,1822 2869,1796 2804,1740 1161,1772"/>
                <Baseline points="1171,1797 1255,1797 1339,1796 1423,1796 1508,1795 1592,1795 1676,1794 1761,1793 1845,1792 1929,1792 2014,1791 2098,1790 2182,1789 2266,1788 2351,1787 2435,1786 2519,1786 2604,1785 2688,1784 2772,1784 2857,1784"/>
                <TextEquiv>
                    <Unicode>das Weib jedoch die passive Rolle gibt, kennt die menschliche Gesellschaft Aus¬</Unicode>
                </TextEquiv>
            </TextLine>
            <TextLine id="r3l37" custom="readingOrder {index:36;}">
                <Coords points="420,1814 544,1816 565,1829 578,1816 741,1812 822,1826 874,1816 874,1771 758,1764 730,1784 653,1769 420,1778"/>
                <Baseline points="430,1810 455,1811 480,1811 506,1811 531,1812 557,1812 582,1811 607,1811 633,1811 658,1811 684,1811 709,1810 734,1810 760,1810 785,1810 811,1811 836,1811 862,1812"/>
                <TextEquiv>
                    <Unicode>n zu sprechen. Hier</Unicode>
                </TextEquiv>
            </TextLine>
            <TextLine id="r3l38" custom="readingOrder {index:37;}">
                <Coords points="1163,1850 2891,1857 2890,1809 2744,1787 1163,1820"/>
                <Baseline points="1175,1847 1260,1847 1345,1847 1430,1847 1515,1847 1601,1846 1686,1845 1771,1844 1856,1844 1941,1843 2027,1842 2112,1841 2197,1840 2282,1839 2367,1837 2453,1837 2538,1835 2623,1834 2708,1834 2793,1833 2879,1832"/>
                <TextEquiv>
                    <Unicode>nahmen genug. Während die Eroberung des Weibes heutzutage bei Gebildeten</Unicode>
                </TextEquiv>
            </TextLine>
            <TextLine id="r3l39" custom="readingOrder {index:38;}">
                <Coords points="413,1869 463,1878 518,1861 542,1873 574,1858 595,1880 743,1864 807,1879 871,1862 871,1819 854,1815 799,1830 741,1811 709,1824 578,1815 563,1828 542,1816 413,1818"/>
                <Baseline points="425,1860 450,1862 476,1864 501,1864 527,1865 552,1866 578,1866 604,1866 629,1866 655,1866 680,1865 706,1865 732,1864 757,1864 783,1863 808,1862 834,1862 860,1862"/>
                <TextEquiv>
                    <Unicode>ngen“, „Physiologie</Unicode>
                </TextEquiv>
            </TextLine>
            <TextLine id="r3l40" custom="readingOrder {index:39;}">
                <Coords points="1158,1899 2846,1905 2889,1855 1157,1879"/>
                <Baseline points="1169,1898 1254,1898 1340,1898 1425,1897 1511,1897 1596,1896 1682,1895 1767,1894 1853,1894 1938,1893 2024,1892 2109,1891 2195,1890 2280,1889 2366,1889 2451,1888 2537,1887 2622,1886 2708,1886 2793,1885 2879,1884"/>
                <TextEquiv>
                    <Unicode>vermittelst Courmacherei, Blumen, Verzen, Verführung, List, Schwüren u. s. w. gelingt,</Unicode>
                </TextEquiv>
            </TextLine>
            <TextLine id="r3l41" custom="readingOrder {index:40;}">
                <Coords points="415,1940 451,1947 492,1920 579,1949 657,1924 706,1940 736,1921 882,1929 882,1882 865,1876 595,1879 574,1859 542,1874 519,1860 484,1879 416,1868"/>
                <Baseline points="425,1908 451,1909 477,1909 503,1910 530,1911 556,1911 582,1912 609,1912 635,1912 661,1913 687,1913 714,1913 740,1914 766,1914 793,1914 819,1914 845,1914 872,1914"/>
                <TextEquiv>
                    <Unicode>lt wir kurz skizzieren</Unicode>
                </TextEquiv>
            </TextLine>
            <TextLine id="r3l42" custom="readingOrder {index:41;}">
                <Coords points="1160,1967 2878,1961 2878,1899 1160,1931"/>
                <Baseline points="1170,1956 1254,1954 1339,1952 1424,1950 1509,1949 1594,1947 1679,1946 1763,1945 1848,1944 1933,1943 2018,1943 2103,1942 2188,1941 2273,1941 2357,1940 2442,1939 2527,1938 2612,1938 2697,1937 2782,1936 2867,1935"/>
                <TextEquiv>
                    <Unicode>gab und gibt es Individuen, welche durch brutale Gewalt, Raub u. s. w. sich des</Unicode>
                </TextEquiv>
            </TextLine>
            <TextLine id="r3l43" custom="readingOrder {index:42;}">
                <Coords points="1163,2007 2890,1965 1162,1965"/>
                <Baseline points="1173,2002 1258,2002 1343,2001 1428,1999 1514,1998 1599,1997 1684,1996 1770,1995 1855,1994 1940,1993 2026,1992 2111,1991 2196,1990 2281,1989 2367,1988 2452,1987 2537,1987 2623,1986 2708,1985 2793,1985 2879,1985"/>
                <TextEquiv>
                    <Unicode>bedauernswerten Gegenstandes ihrer Liebe bemächtigen. Eigenthümlich und entschieden</Unicode>
                </TextEquiv>
            </TextLine>
            <TextLine id="r3l44" custom="readingOrder {index:43;}">
                <Coords points="410,2022 821,2028 861,2013 862,1970 800,1959 761,1989 712,1984 684,1956 635,1942 569,1980 496,1967 460,1941 410,1958"/>
                <Baseline points="420,2009 445,2010 470,2011 495,2012 521,2013 546,2013 571,2014 597,2014 622,2014 647,2014 672,2014 698,2014 723,2014 748,2014 774,2014 799,2014 824,2014 850,2015"/>
                <TextEquiv>
                    <Unicode>alerei scharf gezogen.</Unicode>
                </TextEquiv>
            </TextLine>
            <TextLine id="r3l45" custom="readingOrder {index:44;}">
                <Coords points="1162,2056 2688,2055 2891,2007 1162,2009"/>
                <Baseline points="1173,2055 1258,2053 1343,2052 1429,2051 1514,2049 1599,2048 1685,2047 1770,2045 1855,2044 1941,2043 2026,2042 2111,2041 2197,2039 2282,2038 2367,2037 2453,2036 2538,2035 2623,2034 2709,2034 2794,2033 2880,2032"/>
                <TextEquiv>
                    <Unicode>pathologisch sind jene Fälle, in welchen der Mann sich von dem Weibe seiner Wahl</Unicode>
                </TextEquiv>
            </TextLine>
            <TextLine id="r3l46" custom="readingOrder {index:45;}">
                <Coords points="407,2068 576,2068 599,2081 623,2066 685,2083 760,2062 835,2083 863,2070 863,2017 753,2038 723,2021 681,2032 664,2017 591,2034 407,2023"/>
                <Baseline points="418,2060 443,2062 468,2063 494,2064 519,2064 545,2065 570,2065 596,2065 621,2064 647,2064 672,2064 698,2064 723,2063 749,2063 774,2063 800,2063 825,2064 851,2064"/>
                <TextEquiv>
                    <Unicode>chen, der Maler darf</Unicode>
                </TextEquiv>
            </TextLine>
            <TextLine id="r3l47" custom="readingOrder {index:46;}">
                <Coords points="1166,2114 2683,2106 2878,2057 1166,2067"/>
                <Baseline points="1177,2101 1261,2100 1346,2100 1430,2099 1515,2098 1599,2097 1684,2096 1768,2095 1853,2094 1937,2093 2022,2092 2107,2091 2191,2090 2276,2089 2360,2088 2445,2087 2529,2086 2614,2086 2698,2085 2783,2084 2868,2084"/>
                <TextEquiv>
                    <Unicode>misshandeln lässt und in der Rolle des Besiegten statt der des Siegers sein Liebes¬</Unicode>
                </TextEquiv>
            </TextLine>
            <TextLine id="r3l48" custom="readingOrder {index:47;}">
                <Coords points="425,2137 474,2118 622,2133 632,2122 763,2121 814,2136 870,2111 870,2073 731,2074 688,2088 646,2086 622,2066 596,2083 575,2068 464,2067 425,2080"/>
                <Baseline points="436,2109 462,2111 489,2112 515,2112 542,2113 568,2113 595,2113 621,2113 648,2113 674,2113 701,2113 727,2113 754,2113 780,2114 807,2114 833,2115 860,2116"/>
                <TextEquiv>
                    <Unicode>Combination schöner</Unicode>
                </TextEquiv>
            </TextLine>
            <TextLine id="r3l49" custom="readingOrder {index:48;}">
                <Coords points="1167,2163 2663,2160 2894,2139 2893,2081 1166,2120"/>
                <Baseline points="1178,2152 1263,2151 1348,2150 1433,2149 1518,2148 1604,2147 1689,2146 1774,2145 1859,2144 1944,2143 2030,2142 2115,2141 2200,2140 2285,2140 2370,2139 2456,2138 2541,2137 2626,2137 2711,2136 2796,2136 2882,2136"/>
                <TextEquiv>
                    <Unicode>und Lebensglück sucht und findet. Krafft-Ebing nennt diese Perversionen</Unicode>
                </TextEquiv>
            </TextLine>
            <TextLine id="r3l50" custom="readingOrder {index:49;}">
                <Coords points="444,2175 500,2162 543,2178 631,2166 817,2176 866,2166 867,2123 830,2119 811,2138 764,2122 736,2137 680,2119 608,2123 586,2138 554,2122 445,2128"/>
                <Baseline points="456,2161 482,2163 509,2164 535,2165 562,2165 589,2166 615,2166 642,2166 668,2166 695,2166 722,2166 748,2166 775,2166 801,2167 828,2167 855,2168"/>
                <TextEquiv>
                    <Unicode>er kann Thier- und</Unicode>
                </TextEquiv>
            </TextLine>
            <TextLine id="r3l51" custom="readingOrder {index:50;}">
                <Coords points="1165,2216 2808,2208 2887,2166 1164,2161"/>
                <Baseline points="1175,2202 1260,2201 1345,2201 1430,2200 1515,2198 1600,2198 1685,2196 1770,2195 1855,2194 1940,2193 2026,2192 2111,2191 2196,2190 2281,2189 2366,2188 2451,2187 2536,2186 2621,2185 2706,2185 2791,2184 2877,2183"/>
                <TextEquiv>
                    <Unicode>Masochismus, da Sacher-Masoch das Thema fast zum Ueberdruss bearbeitet</Unicode>
                </TextEquiv>
            </TextLine>
            <TextLine id="r3l52" custom="readingOrder {index:51;}">
                <Coords points="425,2214 452,2230 500,2219 548,2233 618,2208 653,2232 782,2219 867,2248 869,2177 426,2172"/>
                <Baseline points="435,2212 461,2213 487,2214 514,2216 540,2216 567,2217 593,2218 620,2219 646,2220 672,2221 699,2221 725,2222 752,2223 778,2223 805,2224 831,2225 858,2226"/>
                <TextEquiv>
                    <Unicode>höchster Vollendung</Unicode>
                </TextEquiv>
            </TextLine>
            <TextLine id="r3l53" custom="readingOrder {index:52;}">
                <Coords points="1169,2272 2885,2250 2884,2203 2666,2189 1168,2217"/>
                <Baseline points="1180,2256 1264,2254 1349,2253 1434,2251 1518,2250 1603,2248 1688,2247 1772,2246 1857,2245 1942,2243 2027,2242 2111,2241 2196,2240 2281,2239 2365,2238 2450,2237 2535,2236 2619,2236 2704,2235 2789,2234 2874,2234"/>
                <TextEquiv>
                    <Unicode>hat. Masochismus und der von französischen Autoren aufgestellte Begriff Sadismus</Unicode>
                </TextEquiv>
            </TextLine>
            <TextLine id="r3l54" custom="readingOrder {index:53;}">
                <Coords points="412,2267 467,2290 506,2270 593,2285 713,2271 734,2286 760,2272 874,2283 875,2249 842,2251 817,2226 762,2223 725,2239 670,2222 609,2236 573,2220 550,2234 413,2220"/>
                <Baseline points="423,2260 448,2262 474,2263 500,2264 526,2266 552,2267 578,2268 604,2269 630,2270 655,2270 681,2271 707,2271 733,2271 759,2272 785,2272 811,2272 837,2272 863,2272"/>
                <TextEquiv>
                    <Unicode>ombination einbezieht,</Unicode>
                </TextEquiv>
            </TextLine>
            <TextLine id="r3l55" custom="readingOrder {index:54;}">
                <Coords points="1165,2304 2852,2302 2894,2235 1165,2268"/>
                <Baseline points="1175,2306 1260,2304 1345,2302 1431,2300 1516,2298 1602,2297 1687,2296 1772,2295 1858,2294 1943,2293 2029,2292 2114,2291 2199,2291 2285,2290 2370,2289 2456,2288 2541,2288 2626,2287 2712,2286 2797,2285 2883,2283"/>
                <TextEquiv>
                    <Unicode>stehen in traurigem Gegensatze. Der Sadist begeht in seinem Liebesdrange die</Unicode>
                </TextEquiv>
            </TextLine>
            <TextLine id="r3l56" custom="readingOrder {index:55;}">
                <Coords points="415,2324 860,2333 861,2281 735,2287 703,2273 668,2290 542,2270 469,2288 446,2269 416,2275"/>
                <Baseline points="426,2313 452,2314 479,2316 505,2316 532,2317 558,2318 585,2319 611,2319 638,2319 664,2319 691,2319 717,2319 744,2319 770,2319 797,2319 823,2318 850,2318"/>
                <TextEquiv>
                    <Unicode>Regel hinausgegangen</Unicode>
                </TextEquiv>
            </TextLine>
            <TextLine id="r3l57" custom="readingOrder {index:56;}">
                <Coords points="1165,2367 2894,2365 2893,2292 1165,2322"/>
                <Baseline points="1175,2356 1260,2354 1345,2352 1431,2351 1516,2349 1602,2348 1687,2347 1772,2346 1858,2345 1943,2344 2029,2343 2114,2342 2199,2342 2285,2341 2370,2340 2456,2339 2541,2338 2626,2338 2712,2337 2797,2336 2883,2335"/>
                <TextEquiv>
                    <Unicode>grausamsten Acte an dem Gegenstande seiner Liebe. Masochismus und Sadismus</Unicode>
                </TextEquiv>
            </TextLine>
            <TextLine id="r3l58" custom="readingOrder {index:57;}">
                <Coords points="400,2375 528,2366 650,2382 723,2349 781,2377 862,2369 862,2335 848,2331 533,2319 473,2335 456,2322 400,2330"/>
                <Baseline points="411,2364 436,2363 462,2363 488,2362 514,2363 540,2363 566,2363 592,2364 618,2365 644,2366 670,2366 696,2367 722,2367 748,2367 774,2367 800,2366 826,2365 852,2364"/>
                <TextEquiv>
                    <Unicode>Zeus Otricoli“ Der</Unicode>
                </TextEquiv>
            </TextLine>
            <TextLine id="r3l59" custom="readingOrder {index:58;}">
                <Coords points="1179,2412 2865,2384 2704,2341 1178,2374"/>
                <Baseline points="1189,2403 1272,2402 1355,2400 1438,2399 1522,2398 1605,2397 1688,2396 1771,2396 1855,2395 1938,2395 2021,2394 2104,2393 2188,2393 2271,2392 2354,2391 2437,2390 2521,2389 2604,2388 2687,2386 2770,2384 2854,2382"/>
                <TextEquiv>
                    <Unicode>scheinen auch beim weiblichen Geschlechte vorzukommen, sind jedoch seltener —</Unicode>
                </TextEquiv>
            </TextLine>
            <TextLine id="r3l60" custom="readingOrder {index:59;}">
                <Coords points="414,2431 479,2419 558,2433 605,2416 866,2440 866,2367 796,2388 732,2374 674,2389 635,2371 564,2383 528,2366 415,2375"/>
                <Baseline points="426,2416 451,2416 476,2416 501,2416 527,2416 552,2416 577,2416 603,2416 628,2416 653,2417 678,2417 704,2417 729,2417 754,2418 780,2419 805,2419 830,2420 856,2421"/>
                <TextEquiv>
                    <Unicode>igt eine Vorwölbung,</Unicode>
                </TextEquiv>
            </TextLine>
            <TextLine id="r3l61" custom="readingOrder {index:60;}">
                <Coords points="1169,2465 2834,2458 2883,2408 1169,2428"/>
                <Baseline points="1180,2455 1264,2454 1349,2452 1433,2450 1518,2449 1603,2448 1687,2446 1772,2445 1857,2444 1941,2443 2026,2442 2111,2441 2195,2440 2280,2439 2365,2439 2449,2438 2534,2437 2619,2437 2703,2436 2788,2436 2873,2435"/>
                <TextEquiv>
                    <Unicode>und zwar aus leicht begreiflichen Gründen seltener — zur Beobachtung gelangt.</Unicode>
                </TextEquiv>
            </TextLine>
            <TextLine id="r3l62" custom="readingOrder {index:61;}">
                <Coords points="403,2477 442,2486 472,2471 570,2468 649,2486 675,2475 806,2488 864,2473 864,2439 781,2427 748,2440 642,2422 582,2421 560,2436 483,2420 404,2432"/>
                <Baseline points="414,2461 439,2463 465,2464 491,2465 517,2466 543,2467 569,2467 595,2467 621,2467 646,2467 672,2467 698,2467 724,2467 750,2467 776,2467 802,2468 828,2469 854,2470"/>
                <TextEquiv>
                    <Unicode>krechte Falte begrenzt</Unicode>
                </TextEquiv>
            </TextLine>
            <TextLine id="r3l63" custom="readingOrder {index:62;}">
                <Coords points="1178,2506 2890,2509 2855,2443 1178,2461"/>
                <Baseline points="1188,2507 1272,2505 1357,2503 1441,2502 1526,2500 1610,2499 1695,2497 1779,2496 1864,2495 1948,2494 2033,2493 2118,2492 2202,2491 2287,2490 2371,2489 2456,2488 2540,2487 2625,2486 2709,2486 2794,2484 2879,2483"/>
                <TextEquiv>
                    <Unicode>Eines der merkwürdigsten Beispiele des männlichen Masochismus war Jean Jacques</Unicode>
                </TextEquiv>
            </TextLine>
            <TextLine id="r3l64" custom="readingOrder {index:63;}">
                <Coords points="410,2533 622,2520 859,2535 859,2490 825,2479 410,2480"/>
                <Baseline points="420,2512 445,2514 470,2515 495,2517 520,2518 545,2518 571,2519 596,2519 621,2519 646,2519 671,2518 696,2518 722,2518 747,2518 772,2518 797,2518 822,2519 848,2520"/>
                <TextEquiv>
                    <Unicode>n mit solchen Stirnen</Unicode>
                </TextEquiv>
            </TextLine>
            <TextLine id="r3l65" custom="readingOrder {index:64;}">
                <Coords points="1165,2555 2888,2542 2825,2493 1165,2514"/>
                <Baseline points="1177,2557 1262,2554 1347,2552 1432,2551 1517,2549 1602,2548 1687,2547 1772,2546 1857,2545 1942,2545 2027,2544 2112,2543 2197,2543 2282,2542 2367,2541 2452,2540 2537,2539 2622,2538 2707,2537 2792,2535 2877,2533"/>
                <TextEquiv>
                    <Unicode>Roussen u. Krafft-Ebing erwähnt auch die masochistische Szene in Zola’s „Nana“. Fälle</Unicode>
                </TextEquiv>
            </TextLine>
            <TextLine id="r3l66" custom="readingOrder {index:65;}">
                <Coords points="414,2572 457,2581 491,2562 519,2580 692,2583 718,2568 746,2584 791,2574 823,2585 859,2571 860,2535 781,2542 747,2526 682,2536 663,2522 599,2521 415,2531"/>
                <Baseline points="426,2563 452,2564 478,2566 505,2567 531,2568 557,2568 584,2569 610,2569 637,2569 663,2569 689,2570 716,2570 742,2570 768,2571 795,2571 821,2572 848,2573"/>
                <TextEquiv>
                    <Unicode>die natürliche Form,</Unicode>
                </TextEquiv>
            </TextLine>
            <TextLine id="r3l67" custom="readingOrder {index:66;}">
                <Coords points="1165,2606 2855,2599 2895,2536 1164,2570"/>
                <Baseline points="1176,2608 1261,2606 1346,2604 1432,2603 1517,2601 1603,2600 1688,2598 1774,2597 1859,2596 1945,2595 2030,2594 2115,2593 2201,2592 2286,2591 2372,2590 2457,2589 2543,2588 2628,2587 2714,2586 2799,2585 2885,2584"/>
                <TextEquiv>
                    <Unicode>von Masochismus der Weiber entziehen sich — wie bereits erwähnt — zumeist der</Unicode>
                </TextEquiv>
            </TextLine>
            <TextLine id="r3l68" custom="readingOrder {index:67;}">
                <Coords points="413,2638 460,2619 653,2625 674,2641 757,2624 828,2638 862,2623 863,2589 807,2578 779,2590 717,2572 670,2587 597,2576 535,2588 493,2564 456,2581 413,2570"/>
                <Baseline points="423,2616 448,2617 473,2618 498,2618 523,2619 549,2619 574,2619 599,2619 624,2620 650,2620 675,2620 700,2620 725,2620 751,2620 776,2620 801,2621 826,2621 852,2621"/>
                <TextEquiv>
                    <Unicode>ie Seele im Haupte</Unicode>
                </TextEquiv>
            </TextLine>
            <TextLine id="r3l69" custom="readingOrder {index:68;}">
                <Coords points="1174,2668 2858,2654 2890,2594 1174,2623"/>
                <Baseline points="1184,2661 1268,2658 1353,2656 1438,2654 1523,2652 1608,2650 1692,2649 1777,2648 1862,2647 1947,2646 2032,2645 2116,2645 2201,2644 2286,2643 2371,2642 2456,2641 2540,2640 2625,2639 2710,2637 2795,2636 2880,2634"/>
                <TextEquiv>
                    <Unicode>Beobachtung. In der Weltliteratur bietet das „Käthchen von Heilbronn“ das merk¬</Unicode>
                </TextEquiv>
            </TextLine>
            <TextLine id="r3l70" custom="readingOrder {index:69;}">
                <Coords points="414,2681 739,2673 863,2690 864,2636 731,2626 662,2643 624,2623 592,2634 536,2622 500,2637 459,2619 414,2638"/>
                <Baseline points="424,2669 449,2668 474,2668 499,2668 524,2668 549,2668 575,2668 600,2669 625,2669 650,2670 675,2670 700,2671 726,2671 751,2671 776,2671 801,2671 826,2671 852,2670"/>
                <TextEquiv>
                    <Unicode>nde Mensch aus sich</Unicode>
                </TextEquiv>
            </TextLine>
            <TextLine id="r3l71" custom="readingOrder {index:70;}">
                <Coords points="1178,2722 2900,2668 1177,2675"/>
                <Baseline points="1188,2710 1273,2708 1358,2707 1443,2705 1528,2703 1613,2702 1698,2700 1783,2698 1868,2697 1953,2695 2038,2694 2123,2693 2208,2691 2293,2690 2378,2689 2463,2688 2548,2688 2633,2687 2718,2686 2803,2686 2889,2685"/>
                <TextEquiv>
                    <Unicode>würdigste Beispiel hiefür. Kleist wollte einer Dame, welche seinem phantastischen</Unicode>
                </TextEquiv>
            </TextLine>
            <TextLine id="r3l72" custom="readingOrder {index:71;}">
                <Coords points="405,2731 555,2725 587,2739 626,2720 739,2739 780,2725 861,2733 862,2696 832,2681 785,2693 715,2675 406,2680"/>
                <Baseline points="416,2714 441,2716 467,2717 492,2718 518,2718 543,2719 569,2720 594,2720 620,2721 645,2721 671,2721 696,2721 722,2722 747,2722 773,2722 798,2722 824,2723 850,2723"/>
                <TextEquiv>
                    <Unicode>rimentelle Studien zu</Unicode>
                </TextEquiv>
            </TextLine>
            <TextLine id="r3l73" custom="readingOrder {index:72;}">
                <Coords points="1181,2757 2891,2738 2785,2692 1180,2717"/>
                <Baseline points="1192,2762 1276,2759 1360,2757 1445,2754 1529,2753 1613,2751 1698,2750 1782,2748 1866,2747 1951,2747 2035,2746 2119,2745 2204,2744 2288,2743 2372,2742 2457,2742 2541,2740 2625,2739 2710,2738 2794,2736 2879,2734"/>
                <TextEquiv>
                    <Unicode>Liebeswerben nicht nachgab, das Ideal einer reinen, naiven Mädchenliebe</Unicode>
                </TextEquiv>
            </TextLine>
            <TextLine id="r3l74" custom="readingOrder {index:73;}">
                <Coords points="413,2779 537,2772 556,2787 601,2767 652,2784 745,2773 796,2788 852,2761 852,2727 713,2738 660,2722 593,2745 553,2725 473,2737 414,2728"/>
                <Baseline points="424,2765 450,2766 476,2767 502,2768 528,2768 554,2769 580,2770 606,2770 632,2770 658,2770 684,2771 710,2771 736,2771 762,2771 788,2771 814,2771 840,2771"/>
                <TextEquiv>
                    <Unicode>Baum in seinen Ein¬</Unicode>
                </TextEquiv>
            </TextLine>
            <TextLine id="r3l75" custom="readingOrder {index:74;}">
                <Coords points="1182,2813 2522,2820 2902,2755 1181,2766"/>
                <Baseline points="1192,2816 1281,2812 1370,2809 1460,2806 1549,2803 1639,2801 1728,2799 1817,2798 1907,2797 1996,2796 2086,2795 2175,2794 2265,2794 2354,2793 2443,2792 2533,2792 2622,2791 2712,2790 2801,2789 2891,2787"/>
                <TextEquiv>
                    <Unicode>zeichnen und er schuf sein „Käthchen“ mit Benützung der altenglischen Ballade, die</Unicode>
                </TextEquiv>
            </TextLine>
            <TextLine id="r3l76" custom="readingOrder {index:75;}">
                <Coords points="435,2825 460,2835 558,2835 587,2825 620,2839 653,2839 676,2827 704,2834 705,2783 667,2778 652,2786 643,2779 628,2787 603,2770 571,2775 551,2790 532,2776 498,2784 483,2773 436,2776"/>
                <Baseline points="446,2816 473,2816 501,2817 528,2817 556,2818 583,2819 611,2820 638,2820 666,2821 694,2821"/>
                <TextEquiv>
                    <Unicode>einen Comple</Unicode>
                </TextEquiv>
            </TextLine>
            <TextLine id="r3l77" custom="readingOrder {index:76;}">
                <Coords points="728,2821 748,2825 761,2838 771,2836 784,2825 791,2829 818,2825 831,2838 855,2834 855,2791 842,2793 825,2780 797,2776 784,2780 763,2799 728,2799"/>
                <Baseline points="739,2822 765,2820 792,2819 818,2820 845,2822"/>
                <TextEquiv>
                    <Unicode>wie</Unicode>
                </TextEquiv>
            </TextLine>
            <TextLine id="r3l78" custom="readingOrder {index:77;}">
                <Coords points="1173,2879 1622,2869 1709,2841 1937,2864 2058,2844 2058,2816 1475,2808 1424,2834 1171,2808"/>
                <Baseline points="1184,2865 1227,2863 1270,2861 1313,2860 1356,2858 1400,2857 1443,2855 1486,2854 1529,2853 1572,2852 1616,2851 1659,2850 1702,2849 1745,2848 1788,2848 1832,2847 1875,2846 1918,2846 1961,2846 2004,2846 2048,2846"/>
                <TextEquiv>
                    <Unicode>Bürger in „Graf Walter“ verarbeitet hat.</Unicode>
                </TextEquiv>
            </TextLine>
            <TextLine id="r3l79" custom="readingOrder {index:78;}">
                <Coords points="413,2885 511,2876 535,2890 548,2879 565,2893 593,2874 689,2881 690,2827 654,2841 598,2827 568,2846 551,2834 463,2835 434,2821 414,2823"/>
                <Baseline points="424,2871 449,2869 474,2869 500,2869 525,2869 551,2871 576,2872 601,2873 627,2874 652,2874 678,2873"/>
                <TextEquiv>
                    <Unicode>gesetzte, durch</Unicode>
                </TextEquiv>
            </TextLine>
            <TextLine id="r3l80" custom="readingOrder {index:79;}">
                <Coords points="697,2872 727,2881 740,2877 749,2883 785,2875 798,2886 817,2886 830,2879 839,2884 845,2877 860,2880 860,2841 837,2837 820,2843 803,2826 794,2830 786,2826 766,2838 745,2830 698,2831"/>
                <Baseline points="708,2875 736,2873 764,2873 792,2873 820,2874 849,2876"/>
                <TextEquiv>
                    <Unicode>directe</Unicode>
                </TextEquiv>
            </TextLine>
            <TextLine id="r3l81" custom="readingOrder {index:80;}">
                <Coords points="1288,2904 2692,2910 2867,2901 2892,2849 1287,2887"/>
                <Baseline points="1298,2906 1377,2904 1456,2902 1535,2901 1614,2900 1693,2899 1772,2898 1852,2897 1931,2896 2010,2896 2089,2895 2168,2894 2247,2894 2326,2893 2406,2892 2485,2891 2564,2890 2643,2889 2722,2888 2801,2886 2881,2884"/>
                <TextEquiv>
                    <Unicode>Für männlichen und weiblichen Sadismus gibt es ebenfalls genug Beispiele im</Unicode>
                </TextEquiv>
            </TextLine>
            <TextLine id="r3l82" custom="readingOrder {index:81;}">
                <Coords points="412,2931 588,2928 628,2942 712,2915 757,2935 819,2935 859,2923 860,2882 759,2890 736,2877 684,2895 667,2884 609,2892 588,2875 564,2892 547,2881 509,2891 492,2876 413,2886"/>
                <Baseline points="422,2917 447,2918 472,2918 497,2919 522,2919 547,2919 572,2920 597,2920 622,2921 647,2921 672,2921 697,2922 722,2922 747,2922 772,2922 797,2922 822,2922 848,2922"/>
                <TextEquiv>
                    <Unicode>undcomplexe. Schon</Unicode>
                </TextEquiv>
            </TextLine>
            <TextLine id="r3l83" custom="readingOrder {index:82;}">
                <Coords points="1179,2970 2829,2956 2897,2906 1178,2920"/>
                <Baseline points="1190,2963 1274,2962 1359,2960 1444,2958 1529,2957 1614,2955 1699,2953 1783,2951 1868,2949 1953,2947 2038,2946 2123,2944 2208,2943 2293,2942 2377,2940 2462,2939 2547,2938 2632,2937 2717,2937 2802,2937 2887,2936"/>
                <TextEquiv>
                    <Unicode>Leben und in der Literatur. Die weibliche Form dieser Perversion hat abermal:</Unicode>
                </TextEquiv>
            </TextLine>
            <TextLine id="r3l84" custom="readingOrder {index:83;}">
                <Coords points="417,2983 638,2973 663,2989 730,2975 804,2991 860,2981 861,2942 784,2928 730,2943 677,2927 630,2941 559,2929 535,2946 512,2927 418,2936"/>
                <Baseline points="428,2966 454,2968 480,2970 507,2970 533,2972 559,2972 586,2972 612,2973 639,2973 665,2973 691,2973 718,2973 744,2973 770,2974 797,2974 823,2974 850,2975"/>
                <TextEquiv>
                    <Unicode>rufen. Von den innig</Unicode>
                </TextEquiv>
            </TextLine>
            <TextLine id="r3l85" custom="readingOrder {index:84;}">
                <Coords points="1179,3024 2906,2998 2905,2942 1179,2970"/>
                <Baseline points="1190,3013 1275,3010 1360,3008 1445,3007 1531,3005 1616,3003 1701,3002 1786,3000 1872,2999 1957,2998 2042,2997 2127,2996 2213,2995 2298,2994 2383,2993 2468,2992 2554,2990 2639,2989 2724,2988 2809,2986 2895,2985"/>
                <TextEquiv>
                    <Unicode>Kleist mit überzeugender Wahrheit geschildert und bewusst dem „Käthchen“ in</Unicode>
                </TextEquiv>
            </TextLine>
            <TextLine id="r3l86" custom="readingOrder {index:85;}">
                <Coords points="413,3032 815,3037 869,3016 870,2984 694,2992 639,2971 604,2984 414,2985"/>
                <Baseline points="424,3018 449,3020 475,3021 500,3021 526,3022 551,3023 577,3024 603,3025 628,3025 654,3026 679,3026 705,3026 731,3027 756,3027 782,3027 807,3026 833,3026 859,3026"/>
                <TextEquiv>
                    <Unicode>dass ein Bestandtheil</Unicode>
                </TextEquiv>
            </TextLine>
            <TextLine id="r3l87" custom="readingOrder {index:86;}">
                <Coords points="1180,3072 2857,3051 2893,3001 1179,3034"/>
                <Baseline points="1191,3063 1275,3061 1360,3059 1444,3057 1529,3055 1614,3054 1698,3052 1783,3051 1867,3050 1952,3049 2037,3047 2121,3046 2206,3045 2290,3044 2375,3043 2460,3042 2544,3041 2629,3039 2713,3038 2798,3036 2883,3034"/>
                <TextEquiv>
                    <Unicode>seiner „Penthesilea“ den schärfsten Gegensatz gegenübergestellt. Die Amazone darf</Unicode>
                </TextEquiv>
            </TextLine>
            <TextLine id="r3l88" custom="readingOrder {index:87;}">
                <Coords points="411,3078 460,3092 477,3077 539,3091 584,3077 616,3094 698,3079 813,3087 852,3064 853,3041 412,3035"/>
                <Baseline points="422,3070 448,3071 474,3072 500,3072 527,3073 553,3074 579,3075 605,3075 632,3076 658,3076 684,3077 710,3077 737,3077 763,3077 789,3077 815,3077 842,3076"/>
                <TextEquiv>
                    <Unicode>uf dieser Eigenthüm¬</Unicode>
                </TextEquiv>
            </TextLine>
            <TextLine id="r3l89" custom="readingOrder {index:88;}">
                <Coords points="1184,3117 2858,3108 2913,3056 1183,3070"/>
                <Baseline points="1194,3111 1279,3109 1364,3107 1450,3106 1535,3104 1621,3103 1706,3102 1792,3100 1877,3099 1963,3098 2048,3097 2133,3097 2219,3096 2304,3095 2390,3093 2475,3092 2561,3091 2646,3090 2732,3088 2817,3086 2903,3084"/>
                <TextEquiv>
                    <Unicode>den Mann ihrer Liebe erst besitzen, nachdem sie ihn in der blutigen Feldschlacht</Unicode>
                </TextEquiv>
            </TextLine>
            <TextLine id="r3l90" custom="readingOrder {index:89;}">
                <Coords points="416,3129 491,3146 633,3118 694,3140 778,3131 814,3146 834,3127 866,3130 866,3094 817,3084 610,3090 580,3078 520,3097 505,3084 417,3082"/>
                <Baseline points="427,3120 452,3121 477,3122 502,3123 527,3123 553,3124 578,3125 603,3125 628,3125 654,3126 679,3126 704,3126 729,3127 755,3127 780,3127 805,3127 830,3127 856,3128"/>
                <TextEquiv>
                    <Unicode>lruck der bildenden</Unicode>
                </TextEquiv>
            </TextLine>
            <TextLine id="r3l91" custom="readingOrder {index:90;}">
                <Coords points="1184,3173 2650,3164 2902,3103 1184,3117"/>
                <Baseline points="1194,3159 1278,3157 1363,3156 1448,3155 1533,3153 1618,3153 1703,3152 1787,3151 1872,3151 1957,3150 2042,3149 2127,3149 2212,3148 2297,3147 2381,3146 2466,3145 2551,3143 2636,3142 2721,3140 2806,3137 2891,3134"/>
                <TextEquiv>
                    <Unicode>besiegt und gefangen genommen. Bei Penthesilea haben jedoch die „religiösen“ Vor¬</Unicode>
                </TextEquiv>
            </TextLine>
            <TextLine id="r3l92" custom="readingOrder {index:91;}">
                <Coords points="418,3188 453,3169 472,3184 679,3179 752,3193 866,3178 866,3131 847,3129 774,3147 740,3133 682,3145 631,3121 603,3144 573,3126 522,3145 419,3141"/>
                <Baseline points="429,3170 454,3171 479,3172 504,3173 529,3174 554,3175 579,3175 604,3176 629,3176 654,3176 679,3176 704,3177 729,3177 754,3177 779,3177 804,3178 829,3178 854,3179"/>
                <TextEquiv>
                    <Unicode> uns die Vorstellung</Unicode>
                </TextEquiv>
            </TextLine>
            <TextLine id="r3l93" custom="readingOrder {index:92;}">
                <Coords points="1188,3213 2804,3221 2919,3205 2919,3151 1188,3174"/>
                <Baseline points="1198,3211 1283,3210 1369,3209 1454,3207 1540,3206 1625,3205 1711,3204 1796,3202 1882,3201 1967,3200 2053,3199 2139,3198 2224,3197 2310,3196 2395,3195 2481,3194 2566,3193 2652,3193 2737,3192 2823,3192 2909,3191"/>
                <TextEquiv>
                    <Unicode>stellungen ihres Volkes eine krankhafte Vertiefung und Auslegung erfahren. Sie liebt</Unicode>
                </TextEquiv>
            </TextLine>
            <TextLine id="r3l94" custom="readingOrder {index:93;}">
                <Coords points="416,3227 484,3232 499,3247 527,3233 563,3244 651,3235 690,3252 760,3232 839,3242 861,3238 862,3180 765,3198 714,3184 609,3193 596,3180 556,3193 483,3177 416,3191"/>
                <Baseline points="426,3219 452,3221 479,3222 505,3223 532,3224 558,3224 585,3224 611,3225 638,3225 664,3225 691,3226 717,3226 744,3226 770,3226 797,3226 823,3227 850,3227"/>
                <TextEquiv>
                    <Unicode>es Complexes kommt</Unicode>
                </TextEquiv>
            </TextLine>
            <TextLine id="r3l95" custom="readingOrder {index:94;}">
                <Coords points="1185,3262 1286,3278 1478,3259 1618,3274 1692,3258 1691,3224 1507,3209 1415,3227 1246,3217 1184,3236"/>
                <Baseline points="1195,3261 1220,3262 1246,3262 1271,3262 1297,3262 1323,3261 1348,3260 1374,3260 1400,3258 1425,3257 1451,3256 1476,3255 1502,3254 1528,3253 1553,3252 1579,3251 1605,3250 1630,3250 1656,3250 1682,3250"/>
                <TextEquiv>
                    <Unicode>Achilleus und ruft aus:</Unicode>
                </TextEquiv>
            </TextLine>
            <TextLine id="r3l96" custom="readingOrder {index:95;}">
                <Coords points="407,3274 524,3293 541,3280 622,3294 693,3278 712,3291 860,3291 861,3240 835,3250 760,3232 739,3249 722,3238 689,3252 647,3235 610,3256 591,3236 525,3244 407,3229"/>
                <Baseline points="418,3271 443,3272 468,3272 494,3273 519,3273 545,3274 570,3274 595,3275 621,3275 646,3276 672,3276 697,3277 722,3277 748,3277 773,3277 799,3277 824,3277 850,3276"/>
                <TextEquiv>
                    <Unicode>ens uns als solche</Unicode>
                </TextEquiv>
            </TextLine>
            <TextLine id="r3l97" custom="readingOrder {index:96;}">
                <Coords points="432,3335 471,3351 514,3328 644,3330 691,3344 724,3327 787,3345 862,3338 863,3293 433,3284"/>
                <Baseline points="444,3321 469,3322 495,3323 520,3324 546,3325 571,3325 597,3326 622,3326 648,3327 673,3327 699,3327 724,3327 750,3328 775,3328 801,3328 826,3328 852,3328"/>
                <TextEquiv>
                    <Unicode>Er wollte dem Gotte</Unicode>
                </TextEquiv>
            </TextLine>
            <TextLine id="r3l98" custom="readingOrder {index:97;}">
                <Coords points="1548,3348 2565,3338 2564,3286 2444,3254 1976,3298 1714,3260 1548,3316"/>
                <Baseline points="1559,3336 1608,3336 1658,3336 1708,3336 1757,3335 1807,3335 1857,3334 1906,3333 1956,3333 2006,3332 2056,3331 2105,3330 2155,3329 2205,3328 2254,3327 2304,3326 2354,3325 2403,3324 2453,3323 2503,3322 2553,3322"/>
                <TextEquiv>
                    <Unicode>„Den jungen trotz’gen Kriegsgott bändg' ich mir.</Unicode>
                </TextEquiv>
            </TextLine>
            <TextLine id="r3l99" custom="readingOrder {index:98;}">
                <Coords points="426,3381 464,3371 492,3393 614,3376 640,3387 685,3377 746,3397 854,3388 854,3334 627,3344 536,3327 469,3350 426,3330"/>
                <Baseline points="437,3372 462,3373 487,3374 513,3374 538,3375 563,3375 589,3375 614,3375 640,3375 665,3376 690,3376 716,3376 741,3377 766,3377 792,3378 817,3379 843,3380"/>
                <TextEquiv>
                    <Unicode>s geben — und es</Unicode>
                </TextEquiv>
            </TextLine>
            <TextLine id="r3l100" custom="readingOrder {index:99;}">
                <Coords points="1547,3393 2431,3370 2430,3346 2274,3333 1547,3348"/>
                <Baseline points="1557,3382 1600,3382 1643,3382 1686,3382 1729,3381 1773,3381 1816,3380 1859,3380 1902,3380 1945,3379 1989,3378 2032,3378 2075,3377 2118,3377 2161,3376 2205,3376 2248,3375 2291,3374 2334,3374 2377,3373 2421,3372"/>
                <TextEquiv>
                    <Unicode>Gefährtinnen, zehntausend Sonnen dünken,</Unicode>
                </TextEquiv>
            </TextLine>
            <TextLine id="r3l101" custom="readingOrder {index:100;}">
                <Coords points="421,3443 462,3425 481,3438 586,3428 635,3448 708,3425 804,3441 864,3416 864,3397 841,3386 693,3395 619,3375 558,3396 533,3382 477,3395 422,3386"/>
                <Baseline points="431,3428 457,3426 483,3424 510,3423 536,3422 562,3422 589,3423 615,3423 642,3424 668,3424 694,3425 721,3426 747,3427 773,3427 800,3428 826,3428 853,3427"/>
                <TextEquiv>
                    <Unicode>g, muss vorher schon</Unicode>
                </TextEquiv>
            </TextLine>
            <TextLine id="r3l102" custom="readingOrder {index:101;}">
                <Coords points="1543,3446 2320,3449 2493,3422 2477,3367 2234,3403 1542,3392"/>
                <Baseline points="1554,3436 1600,3435 1646,3434 1693,3433 1739,3433 1786,3432 1832,3431 1879,3431 1925,3430 1972,3429 2018,3429 2064,3428 2111,3427 2157,3426 2204,3425 2250,3424 2297,3423 2343,3422 2390,3421 2436,3419 2483,3418"/>
                <TextEquiv>
                    <Unicode>Zu einem Glutball eingeschmelzt, so glanzvoll</Unicode>
                </TextEquiv>
            </TextLine>
            <TextLine id="r3l103" custom="readingOrder {index:102;}">
                <Coords points="419,3481 624,3492 654,3481 688,3494 806,3483 819,3494 866,3469 866,3450 841,3441 779,3448 723,3431 633,3447 584,3429 505,3445 462,3425 419,3440"/>
                <Baseline points="430,3471 455,3473 480,3474 505,3475 530,3476 555,3476 580,3477 605,3477 630,3477 655,3477 680,3477 705,3477 730,3477 755,3477 780,3478 805,3478 830,3478 856,3479"/>
                <TextEquiv>
                    <Unicode>die antiken Hellenen</Unicode>
                </TextEquiv>
            </TextLine>
            <TextLine id="r3l104" custom="readingOrder {index:103;}">
                <Coords points="1540,3516 1784,3522 1831,3491 1936,3514 2025,3479 2107,3508 2353,3480 2413,3505 2460,3496 2460,3455 2284,3429 1539,3451"/>
                <Baseline points="1550,3489 1597,3487 1644,3485 1691,3483 1739,3482 1786,3480 1833,3479 1881,3479 1928,3478 1975,3478 2023,3477 2070,3477 2117,3477 2165,3477 2212,3477 2259,3477 2307,3477 2354,3478 2401,3478 2449,3478"/>
                <TextEquiv>
                    <Unicode>Nicht als ein Sieg, ein Sieg mir über ihn!</Unicode>
                </TextEquiv>
            </TextLine>
            <TextLine id="r3l105" custom="readingOrder {index:104;}">
                <Coords points="418,3533 463,3532 495,3551 583,3533 647,3547 666,3532 754,3546 861,3531 861,3507 804,3489 750,3501 706,3486 669,3500 551,3481 502,3498 487,3485 419,3482"/>
                <Baseline points="428,3525 454,3525 480,3525 507,3526 533,3526 559,3526 586,3527 612,3528 639,3528 665,3528 691,3529 718,3529 744,3530 770,3530 797,3530 823,3530 850,3529"/>
                <TextEquiv>
                    <Unicode>Experimente wussten</Unicode>
                </TextEquiv>
            </TextLine>
            <TextLine id="r3l106" custom="readingOrder {index:105;}">
                <Coords points="2010,3701 2028,3702 2036,3699 2042,3692 2053,3700 2058,3700 2068,3692 2076,3692 2071,3617 2061,3618 2042,3632 2029,3624 2021,3629 2018,3627 2006,3630"/>
                <Baseline points="2018,3668 2064,3665"/>
                <TextEquiv>
                    <Unicode>17</Unicode>
                </TextEquiv>
            </TextLine>
            <TextLine id="r3l107" custom="readingOrder {index:106;}">
                <Coords points="1626,4144 1649,4136 1717,4150 1782,4131 1831,4148 2003,4137 2007,4019 1934,4017 1908,4031 1857,4014 1831,4032 1784,4024 1762,4034 1720,4023 1662,4032 1630,4018"/>
                <Baseline points="1638,4113 1663,4113 1688,4113 1714,4114 1739,4115 1764,4116 1790,4118 1815,4118 1840,4120 1866,4121 1891,4122 1916,4123 1942,4123 1967,4124 1993,4124"/>
                <TextEquiv>
                    <Unicode>S</Unicode>
                </TextEquiv>
            </TextLine>
            <TextLine id="r3l108" custom="readingOrder {index:107;}">
                <Coords points="2060,4165 2094,4160 2123,4170 2153,4152 2160,4158 2170,4150 2205,4154 2192,4017 2152,4023 2121,4015 2107,4027 2075,4022 2065,4031 2047,4029"/>
                <Baseline points="2069,4137 2100,4140 2131,4135 2162,4131 2193,4129"/>
                <TextEquiv>
                    <Unicode>6500</Unicode>
                </TextEquiv>
            </TextLine>
            <TextLine id="r3l109" custom="readingOrder {index:108;}">
                <Coords points="2350,4154 2360,4153 2365,4158 2371,4155 2395,4165 2427,4166 2422,4021 2411,4021 2405,4026 2373,4022 2345,4028"/>
                <Baseline points="2359,4137 2388,4137 2417,4135"/>
                <TextEquiv>
                    <Unicode>905</Unicode>
                </TextEquiv>
            </TextLine>
            <TextLine id="r3l110" custom="readingOrder {index:109;}">
                <Coords points="2588,4158 2607,4165 2680,4166 2686,4159 2757,4160 2759,4025 2718,4025 2686,4014 2669,4026 2590,4027"/>
                <Baseline points="2599,4152 2628,4151 2658,4150 2687,4151 2717,4152 2747,4154"/>
                <TextEquiv>
                    <Unicode></Unicode>
                </TextEquiv>
            </TextLine>
            <TextEquiv>
                <Unicode>—
box 36/1
h1
I
betsOffprints
Professor Dr. Moriz Benedikt (geb. am 6. Juli 1835 in Eisenstadt)
Enen Ferien malt er
schrieb „Studien über österreichische dramatische Dichter“ (1854).
vas er vor sich hat;
Dr. Ferdinand Fleckeles (geb. am 2. April 1836 zu Karlsbad) schrieb
er empfängt, wird
unter dem Pseudonym „Julius Walter“: „Sprudelsteine“ (1872), „Querfeldein“
ge Porträts gemalt.
(1873), „Neue Sprudelsteine“ (1876), „Philippine Welser in Karlsbad“
ichte folgende ein¬
(1863) u. a. m.
des kunsthistorischen
Dr. Adolf Kallay (geb. 1839 in O-Tura, gest. am 12. October 1899 in
Tesserae (1893); die
Wien) war in den Sechziger-Jahren ständiger Mitarbeiter des „Wiener Figaro“
e seltene Münze von
und seine satyrischen Briefe: „Fekete Gabor an die Baronesse Fetzenberg“
von Tarsus (1896):
wurden viel gelesen.
Hofrath Professor Dr. Richard Freiherr von Krafft-Ebing (geb. am
in Galizien) studierte
14. August 1840 zu Mannheim) hat durch seine Untersuchungen über krank¬
n „Wanderer“, war
hafte Formen der Geschlechtsliebe zur Erklärung zahlreicher Gestalten der
e Wiener Tagblatt“
Weltliteratur wesentlich beigetragen (Psychopathia sexualis, 1886, Neue For¬
schungen, 1890).
ricker (geb. 1834
Von dem Gesetze, dass der Mann im Liebeswerben die active, selbst aggressive,
am in seinen Vor¬
das Weib jedoch die passive Rolle gibt, kennt die menschliche Gesellschaft Aus¬
n zu sprechen. Hier
nahmen genug. Während die Eroberung des Weibes heutzutage bei Gebildeten
ngen“, „Physiologie
vermittelst Courmacherei, Blumen, Verzen, Verführung, List, Schwüren u. s. w. gelingt,
lt wir kurz skizzieren
gab und gibt es Individuen, welche durch brutale Gewalt, Raub u. s. w. sich des
bedauernswerten Gegenstandes ihrer Liebe bemächtigen. Eigenthümlich und entschieden
alerei scharf gezogen.
pathologisch sind jene Fälle, in welchen der Mann sich von dem Weibe seiner Wahl
chen, der Maler darf
misshandeln lässt und in der Rolle des Besiegten statt der des Siegers sein Liebes¬
Combination schöner
und Lebensglück sucht und findet. Krafft-Ebing nennt diese Perversionen
er kann Thier- und
Masochismus, da Sacher-Masoch das Thema fast zum Ueberdruss bearbeitet
höchster Vollendung
hat. Masochismus und der von französischen Autoren aufgestellte Begriff Sadismus
ombination einbezieht,
stehen in traurigem Gegensatze. Der Sadist begeht in seinem Liebesdrange die
Regel hinausgegangen
grausamsten Acte an dem Gegenstande seiner Liebe. Masochismus und Sadismus
Zeus Otricoli“ Der
scheinen auch beim weiblichen Geschlechte vorzukommen, sind jedoch seltener —
igt eine Vorwölbung,
und zwar aus leicht begreiflichen Gründen seltener — zur Beobachtung gelangt.
krechte Falte begrenzt
Eines der merkwürdigsten Beispiele des männlichen Masochismus war Jean Jacques
n mit solchen Stirnen
Roussen u. Krafft-Ebing erwähnt auch die masochistische Szene in Zola’s „Nana“. Fälle
die natürliche Form,
von Masochismus der Weiber entziehen sich — wie bereits erwähnt — zumeist der
ie Seele im Haupte
Beobachtung. In der Weltliteratur bietet das „Käthchen von Heilbronn“ das merk¬
nde Mensch aus sich
würdigste Beispiel hiefür. Kleist wollte einer Dame, welche seinem phantastischen
rimentelle Studien zu
Liebeswerben nicht nachgab, das Ideal einer reinen, naiven Mädchenliebe
Baum in seinen Ein¬
zeichnen und er schuf sein „Käthchen“ mit Benützung der altenglischen Ballade, die
einen Comple
wie
Bürger in „Graf Walter“ verarbeitet hat.
gesetzte, durch
directe
Für männlichen und weiblichen Sadismus gibt es ebenfalls genug Beispiele im
undcomplexe. Schon
Leben und in der Literatur. Die weibliche Form dieser Perversion hat abermal:
rufen. Von den innig
Kleist mit überzeugender Wahrheit geschildert und bewusst dem „Käthchen“ in
dass ein Bestandtheil
seiner „Penthesilea“ den schärfsten Gegensatz gegenübergestellt. Die Amazone darf
uf dieser Eigenthüm¬
den Mann ihrer Liebe erst besitzen, nachdem sie ihn in der blutigen Feldschlacht
lruck der bildenden
besiegt und gefangen genommen. Bei Penthesilea haben jedoch die „religiösen“ Vor¬
 uns die Vorstellung
stellungen ihres Volkes eine krankhafte Vertiefung und Auslegung erfahren. Sie liebt
es Complexes kommt
Achilleus und ruft aus:
ens uns als solche
Er wollte dem Gotte
„Den jungen trotz’gen Kriegsgott bändg' ich mir.
s geben — und es
Gefährtinnen, zehntausend Sonnen dünken,
g, muss vorher schon
Zu einem Glutball eingeschmelzt, so glanzvoll
die antiken Hellenen
Nicht als ein Sieg, ein Sieg mir über ihn!
Experimente wussten
17
S
6500
905
</Unicode>
            </TextEquiv>
        </TextRegion>
    </Page>
</PcGts>
