3344 4384
2058 124 2357 214 —
425 211 721 283 hlets
799 206 936 283 Of
289 229 376 283 a
207 226 1890 326 nprints box 36/1
620 893 2362 967 die sonderbare Vorstellung, dass es speciell für mich und einige wenige andere gemacht
629 965 1765 1029 ist, und wundere mich immer, wenn es vielen gefällt.“
754 992 2360 1075 An Brahms schreibt er am 27. Juli 1883, dass seine Tochter Else
624 1070 2373 1131 einige Brahms'sche Lieder schön singe. „Das Schöne empfinden, ist schon ein
630 1115 1013 1181 höchstes Glück!“
748 1132 2359 1217 Und schliesslich sei noch eine Stelle aus einem Briefe vom 19. Sept. 1883
619 1206 2349 1275 an einen Freund citiert, dessen Sohn Medicin studieren wollte: „Er (der Sohn) muss
634 1261 2355 1319 einen unwiderstehlichen Drang zum Helfen anderen #nglücklichen Menschen haben,
631 1304 2350 1372 zunächst angeboren und anerzogen; dann kommt er später auch auf dem Wege
634 1352 2368 1420 geläuterter Empfindung und Lebenserfahrung durch Reflexion zu der Ueberzeugung,
633 1414 2367 1474 dass, soviel der sittlich erzogene Mensch auch nach Glück jagen mag, er doch
631 1470 2363 1516 schliesslich das Glück wesentlich darin findet, andere nach Kräften glücklich zu
636 1517 856 1578 machen.“
746 1537 2355 1622 Dr. Ludwig Seeger (geb. am 30. Jänner 1831 zu Vorarlberg in
627 1607 2356 1667 Thüringen, gest. 1892) schrieb Gedichte unter dem Titel: „Not lug lo!“
643 1652 2374 1728 „Auf freier Flur“ ein fünfactiges Schauspiel „Ulrich von Hutten“ und
636 1711 919 1783 Dichtungen.
748 1744 2357 1817 Der berühmte Botaniker, Hofrath Professor Dr. Anton Kerner Ritter
636 1819 2363 1878 von Marilaun (geb. am 12. November 1831 in Mautern, gest. am 21. Juni 1898
624 1871 2362 1924 zu Wien) studierte an der Wiener Universität Medicin und war als Operations¬
630 1902 2366 1965 zögling an der Klinik Schuh thätig. Der hotanische Poet hat auch sinnige
632 1961 1891 2044 Verse geschrieben, von denen wir einige hier mittheilen.
1378 2032 1614 2106 „Linde.
1162 2073 1810 2160 Sieh, der Linde gold’ne Blüte
1174 2141 1835 2208 Wiegt sich dort in blauer Luft,
1165 2199 1850 2253 Und herab zum kühlen Schatten
1166 2250 1760 2316 Quillt ihr süsser Honigduft.
1166 2295 1824 2368 Duftestrunken lausch' ich lange
1158 2351 1734 2414 Hier in stiller Abendruh',
1165 2396 1810 2472 Höre tiefbewegt dem Flüstern
1156 2460 1821 2526 In dem dunklen Laubdach zu.
1168 2505 1842 2571 Süsse Märchen hör' ich klingen
1163 2571 1794 2623 Aus der schönen Jugendzeit,
1167 2614 1845 2686 Süsse Märchen aus der Heimat,
1154 2667 1806 2734 Die so ferne mir — so weit.
1165 2712 1819 2796 Und vorüberrauschen hör ich
1168 2775 1680 2842 Wohlbekannte Melodel,
1165 2837 1770 2890 Haltet an, ihr lieben Töne,
1173 2863 1808 2945 Eilet nicht so schnell vorbei!“
1272 2928 1745 3016 „Meine Blumen.
1007 2997 1791 3077 Alpenglöckchen, Gentianen, Wolverlei
997 3049 1906 3119 Und der Bergeskinder noch gar mancherlei
998 3103 1926 3175 Hab’ ich aus der vielgeliebten Heimat mein
995 3145 1950 3223 Mitgebracht und hier gesetzt ans Fensterlein;
994 3199 2037 3269 Haben dort getheilt mit mir manch' bitt'res Leid,
1007 3266 2041 3319 Will sie d’rum auch pflegen fort durch alle Zeit.“
759 3296 2361 3386 Auch unser scharfsinnigster Psychiater, Hofrath Prof. Dr. Theodor Meynert
639 3369 2366 3434 (geb. am 15. Juni 1833 zu Dresden, gest. am 31. Mai 1892 zu Wien) war
636 3406 2367 3494 in jungen Jahren ein namhafter Lyriker. Für uns, die zu Füssen dieses genialen
636 3467 2368 3543 Mannes gesessen und sein Colleg über „Bau und Functionen des Centralnerven¬
1468 3584 1550 3645 14
2433 129 2846 211 —.—EE
2675 4095 2732 4156 K
2703 3363 2788 3429 ein
