3344 4384
1846 168 2429 245 —
1175 178 1337 242 —
1451 240 1897 341 box 36/1
222 255 1324 363 Pamphlets offprints
910 961 2526 1030 „Wir sind alle geneigt, einen augenblicklichen Seelenzustand für dauernd zu
790 1026 2516 1091 halten, aus einer momentanen Verstimmung in eine allgemeine pessimistische Welt¬
798 1086 2522 1139 anschauung zu verfallen und überhaupt in den meisten Fällen falsch und ungerecht
784 1125 2517 1179 zu generalisieren. So kommen wir dazu, über eine und dieselbe Sache die verschieden¬
800 1172 2526 1236 sten Urtheile zu fällen, je nach der Stimmung, in der wir uns gerade befinden, Aber
789 1235 2530 1295 die Dinge ändern sich nicht, nur die Art, wie wir sie sehen, ist immer eine andere.
916 1282 2526 1342 Es ist daher thöricht, einer zukünftigen Stimmung vorgreifen zu wollen und
800 1320 2535 1387 sich durch Vorsätze eine gebundene Marschroute aufzuzwingen; man verursacht sich
798 1373 2531 1432 ganz unnütze Seelenkämpfe und verdirbt sich die Freude am Leben, denn wenn die
792 1431 2531 1502 Vorsätze nicht eingehallen werden, verachtet man sich, was doch immerhin be¬
802 1482 1102 1560 leidigend ist.
915 1514 1882 1600 Und gewöhnlich werden sie nicht eingehallen!
912 1570 2537 1643 Ich habe zum Beispiel gefunden, dass jene, die sich vorgenommen haben, nicht
806 1656 2530 1697 zu heiraten, die sichersten Ehecandidaten sind. Diese Leute erliegen am sichersten
788 1672 2529 1741 der Versuchung, die sie selbst mit dem Reiz des Verbotenen bekleidet haben, während
786 1744 2533 1790 jene Glücklichen, die sich in dieser Beziehung nichts vornehmen, oft die süsse Ruhe
801 1782 2232 1854 des Junggesellenthums unbehelligt bis an ihr seliges Ende geniessen.
914 1827 2537 1895 Doch da gerathe ich in die Gefahr, unversehens mir das ganze Frauengeschlecht
807 1894 2533 1961 an den Hals zu hetzen, und ich nehme mir daher vor, meine Auseinandersetzungen
806 1941 2273 1996 zu schliessen. Diesen Vorsatz will ich einmal ausnahmsweise einhalten.“
920 1981 2532 2043 Dr. Hermann Vinzenz Heller (geb. am 22. August 1866 zu Wien)
796 2040 2535 2094 absolvierte 1891 die allgemeine Malerschule der Wiener Akademie der bildenden
806 2080 2540 2143 Künste, war hierauf Specialschüler für Historienmalerei und ist derzeit Docent
800 2131 2535 2193 für Anatomie an der Kunstgewerbeschule des österreichischen Museums für Kunst
805 2179 2523 2238 und Industrie. Von seinen Originalarbeiten heben wir hervor: Eine doppelt¬
803 2230 2534 2294 lebensgrosse Büste „Columbus“ (aufgestellt in der Bibliothek der geographischen
806 2281 2525 2339 Gesellschaft), eine lebensgrosse Bleistiftzeichnung „Hyrtl auf dem Todten¬
795 2348 2538 2400 bette“ (Perchteidsdorf, 18. Juli 1894, im Besitze des städtischen Museums in
802 2392 2539 2456 Wien): „Episode aus der kretensischen Insurrection“, Oelbild, aufgenommen in
808 2439 2536 2505 den Cyklus: „Unsere Marine in Wort und Bild“ (Urania etc.); die Collection
809 2498 2531 2550 von 50 lebensgrossen, plastischen Charakter-Masken zur künstlerischen Dar¬
801 2533 2536 2595 stellung der mimischen Muskelwirkung (1. Serie, demonstriert und ausgestellt
801 2585 2542 2647 auf der Deutschen Naturforscherversammlung in Wien 1894; 2. Serie,
807 2641 2546 2701 demonstriert und ausgestellt auf der Deutschen Naturforscherversammlung in
800 2685 1451 2759 München, September 1899).
928 2709 2540 2795 Dr. Ignaz Schwarz (geb. am 17. Juli 1867 zu Neutra) hat belletristi¬
801 2791 1375 2866 sche Arbeiten publiciert.
929 2824 2534 2893 Dr. Arthur Schnitzler (geb. am 15. Mai 1862 zu Wien) hat anfangs in
804 2890 2537 2946 Zeitschriften lyrische Gedichte und Skizzen veröffentlicht, welche die Themen an¬
804 2945 2528 3001 klingen lassen, die seither seine Novellen und vor allem seine Dramen bewegen.
820 2998 2529 3056 „Das Vorstadtmädel“, „Das süsse Mädel“, das sich mit Haut und Haaren dem
814 3048 2535 3104 Geliebten ergibt, das die Institution der Ehe gar nicht oder nur so von un¬
800 3090 2539 3160 gefähr kennt, hat er gewissermassen aus der französischen Literatur ins
801 3153 2540 3207 Deutsche übersetzt. Aber er stattete diese Märtyrerin der Liebe mit deutschem,
809 3203 2546 3255 speciell wienerischem Empfinden aus; sie liebt nicht, um verlassen zu werden
803 3247 2540 3323 und wieder zu lieben — sie liebt, um zu sterben. Sie leidet gewissermassen
809 3288 2045 3354 an einer Hypertr phie des Gefühls und des Charakters.
934 3333 2534 3393 In „Liebelei“ ist eine solche Heldin meisterhaft geschildert. In dem „Ver¬
799 3394 2532 3464 mächtnis“ erreicht dieses Motiv in der Heldin Toni Weber eine tragische Höhe.
808 3456 2534 3510 Der Einjährig-Freiwillige Hugo hat einen schweren Fall vom Pferde gethan und
805 3492 2544 3553 bittet seine Eltern vor dem Tode, sich seiner Toni und ihres Kindes anzunehmen.
805 3545 2551 3594 Das geschicht. Das Kind stirbt und Toni wird bald von der bürgerlichen Moral gezwungen,
1619 3638 1742 3749 26
2751 960 3291 1045 das Haus und das Leben
2762 1014 3280 1089 spricht schliesslich das u
2749 1067 3282 1137 nicht gewagt, sie so lieb
2752 1120 3281 1184 erwiesen, Gnaden — wir
2879 1170 3274 1238 Das Motiv des
2754 1212 3277 1294 Novellen Schnitzle
2823 1267 3281 1338 an und für sich ein
2761 1315 3285 1378 lebhaft beschäftigt, im
2756 1373 3291 1438 zu dichten. Die Thea
2756 1422 3280 1487 Hündin niedergeschossel
2760 1479 3278 1540 logische Theatermode,
2759 1531 3260 1591 aller Lügen gegangen.
2762 1573 3273 1643 der Mann (zumeist ein
2764 1625 3282 1694 söhnung reicht. An de
2756 1673 3279 1741 arbeitet, als irgend ein
2764 1719 3284 1794 brecherin mit den feins
2766 1777 3273 1849 das an der Liebe und¬
2886 1829 3275 1895 Von zahlreichen, h
2766 1848 3286 1947 (Meisterwerke der Novellis
2757 1928 3286 2002 seinem Junggesellenheim;
2756 1977 3286 2049 einen Boten und erfährt,
2763 2026 3296 2089 Hause wandelt er auf und
2766 2079 3290 2145 ein Stockwerk von ihr ir
2765 2127 3294 2194 logisch meisterhaft darges
2763 2177 3283 2248 der Kerzen machte, dass
2762 2225 3276 2298 nickte ihr zu, als nähme
2761 2278 3279 2352 er gehen, aber nun war
2763 2329 3259 2399 wurde mit einem Mal
2752 2382 3292 2447 schien, und er konnte es
2760 2430 3295 2499 und nun stehst du da wil
2765 2480 3278 2552 ich die Deine war, dass
2763 2530 3288 2595 meine Hände zu küssen.
2767 2580 3285 2651 Aber er wagte es nicht.
2766 2629 3282 2696 lief beschämt durch die S
2766 2685 3292 2749 anderen, als hätte ihn
2871 2723 3287 2806 Schnitzler is
2752 2777 3289 2847 Form. Schon die „Lieb
2763 2827 3281 2893 spannende und Effecte
2761 2885 3290 2957 kleine Komödie“ beherrs
2759 2928 3290 3007 listen; bereits in der Se
2754 2985 3272 3061 seiner Diction staunen.
2881 3024 3289 3109 Seine Novelle „Ster
2752 3075 3290 3155 zugleich. Ein Phthisiker s
2764 3134 3289 3200 Lösungen sind mit der b
2761 3183 3279 3271 ganze Erzählung grau in
2882 3234 3296 3301 Man hat Arthur
2754 3281 3290 3356 keit in der Themenwah
2747 3338 3289 3400 Liebe; nebenbei ein dri
2750 3382 3292 3451 des weiblichen Geschled
2756 3428 3295 3504 angedeutet. Erst in aller
2753 3489 3293 3547 allgemeineren menschlich
2750 3537 3289 3620 celsus“, „Die Gefährtin“
2962 4114 3054 4187 Rmr
