3344 4384
-8 870 313 950 n poetischer K
-10 934 316 996 nund von un
-1 982 321 1047 m 1. Mai 181
2 1030 322 1091 escheidene Den
-11 1082 307 1151 dierte in Wien
-3 1132 324 1203 „Nächte“ und
-11 1180 323 1260 Lieder“, das
24 1234 323 1309 „Lieder vom
29 1281 315 1354 „Mater Dolor
22 1334 297 1401 " „Elegien“
-12 1386 328 1452 Zeck in einer
47 1434 326 1494 rakteristische
82 1484 325 1550 Enterbten
111 1532 321 1601 ihn bere
95 1580 324 1647 Kranke, de
73 1632 322 1705 aft poetisch
31 1683 325 1760 Beck's. „
175 2083 330 2157 Erbar
-10 2100 327 2194 ein Gedicht: „
0 2181 312 2246 nittel überhaup
-10 2233 314 2304 hienenstranges
-9 2283 318 2353 parzer und
-7 2331 328 2417 rliche“ Neuerun
-4 3078 327 3154 ie höchsten Le
1 3135 324 3201 aus dem Lebe
4 3182 318 3258 Marie“, man
-11 3234 328 3307 1jungen Jahre
15 3286 325 3355 „Sie alterten #
6 3336 320 3396 Ihr Hoffen; es
9 3381 314 3455 Und hast du
16 3432 324 3527 Ein eheletztes,
2392 160 2681 227 —
846 230 908 298 1
1279 221 1321 300 f
1799 223 2266 326 box 36/1
468 223 1649 318 1. Panp,ets Of. prints
475 915 869 1000 usgaben zu den
1320 964 2926 1029 An poetischer Kraft einem Lenaunahe verwandt, von den zeitgenössischen
465 974 865 1058 e mit Homer,
1200 1016 2930 1062 Wienern und von uns Nachgeborenen fast ganz vergessen, verdient Karl Beck
496 1028 866 1094 der Gebildeten
1198 1067 2937 1112 (geb. am 1. Mai 1817 zu Baja, gest. am 9. April 1879 zu Wien) mehr als
472 1070 860 1145 edicinische, ins¬
1200 1120 2933 1182 das bescheidene Denkmal, dass wir ihm an dieser Stelle errichten dürfen.
465 1127 865 1192 t, wie er auch
1192 1152 2922 1215 Er studierte in Wien Medicin. Seine poetischen Werke sind: die Gedichtesamm¬
461 1170 859 1252 ediciner kläglich
1197 1213 2925 1265 lungen „Nächte“ und „Gepanzerte Lieder“ (1837), „Der fahrende Poet“ (1839),
469 1226 852 1295 rhältnisse zu der
1210 1269 2914 1320 „Stille Lieder“ das Trauerspiel „Saul“, das Epos „Janko“ (1840), „Gedichte“
469 1279 850 1344 hach Vergessen“
1211 1319 2926 1386 (1844), „Lieder vom armen Mann“ (1845), „Aus der Heimat“ (1852), der
475 1327 845 1396 apelle“ gemünzt
1198 1357 2922 1437 Roman „Mater Dolorosa“ (1853), „Jadwiga“ (1861), „Oesterreich in zwölfter
473 1381 794 1446 nsinn voraus.
1201 1407 2925 1465 Stunde“, „Elegien“ (1868), „Still und bewegt“ (1870). Als Landschaftsmaler
1210 1467 2921 1519 steht Beck in einer Linie mit Lenau, als Epiker ist er bedeutend; aber
1197 1511 2916 1569 seine charakteristische Eigenthümlichkeit ist, dass er der classische Dichter der
1204 1569 2913 1613 Armen und Enterbten ist. Die socialen Probleme, von denen unsere Zeit wieder¬
1202 1615 2917 1677 hallt, haben ihn bereits leidenschaftlich beschäftigt. Der alte Knecht, die alte
1207 1660 2930 1709 Magd, der Kranke, der Hungrige, das sind seine Vorwürfe, die er mit grosser
1193 1706 2921 1793 Meisterschaft poetisch verarbeitet. Die „Armenleutpoesie“ ist die eigenthümlichste
1202 1760 2484 1816 Domäne Beck's. „Einem Armen“ widmet er die Zeilen:
1554 1814 2565 1879 „Der Tag beginnt und wieder musst du wandern
1544 1856 2392 1942 Ins altgewohnte Joch nach deinem Brot:
1532 1920 2388 1983 Du hörst im Schmerzenssang der andern
1534 1970 2210 2033 Das Echo nur der eig’nen Noth.
1538 2027 2627 2090 Ach, was du denkst, ist Zahl und Mass und Wage,
1532 2071 2410 2128 Ach, was du treibst, ist Trug und Streit;
478 2062 850 2145 e Mediciner die
1542 2104 2278 2199 Die Plage theilt sich mit der Klage
1541 2159 2187 2231 Erbarmungslos in deine Zeit.“
1313 2219 2908 2290 Sein Gedicht: „Die „Eisenbahn“ ist wohl das schönste Poem, das diesem
1192 2271 2920 2330 Culturmittel überhaupt gewidmet wurde, und zwar zu einer Zeit, da die Bedeutung
1196 2306 2922 2373 des Schienenstranges kaum von den Nationalökonomen erfasst wurde, da ein
1200 2364 2930 2433 Grillparzer und andere erleuchtete Köpfe ihrer Empörung über die
1205 2430 2362 2484 „gefährliche“ Neuerung energischen Ausdruck gaben.
1650 2466 2247 2545 „Die Papiere — feilgeboten
1640 2516 2012 2583 Steigen — fallen
2004 2497 2393 2590 — 0 Gemeinheit!
1629 2559 2254 2621 Mir sind die Papiere Noten,
1629 2614 2406 2693 Ausgestellt auf Deutschlands Einheit,
1629 2669 2318 2740 Diese Schienen Hochzeitsbänder,
1645 2718 2291 2783 Trauungsringe blankgegossen;
1635 2766 2352 2836 Liebend täuschen sie die Länder
1631 2814 2301 2887 Und die Ehe wird geschlossen.
462 2795 827 2902 ir auch nur in
1634 2863 2324 2939 Eisen! du bist zahm geworden!
465 2881 825 2952 sse auf Dichten
490 2930 825 3002 zeichnen. An
1629 2952 2364 3034 Rasend rauschen rings die Räder,
469 2984 831 3049 er Alma mater
1625 3023 2426 3090 Rollend, grollend, stürmisch sausend,
472 3033 821 3099 nten Schwarz¬
1634 3067 2188 3133 Tief im innersten Geäder,
494 3084 835 3155 darunter die
1626 3111 2444 3173 Kämpft der Zeitgeist freiheitsbrausend.“
1301 3174 2900 3239 Die höchsten Leistungen Beck’s sind jedoch seine balladenartigen Dich¬
1189 3222 2917 3289 tungen aus dem Leben der Diensthoten. Man lese das erschütternde Gedicht
1206 3273 2910 3323 „Anna Marie“, man lese „Knecht und Magd“: Beide lieben sich, können sich
1194 3323 2035 3383 aber in jungen Jahren nicht heiraten.
1364 3374 2693 3419 „Sie alterten rasch, doch jugendlich blieb ihr gläubig Vertrauen,
1354 3415 2859 3479 Ihr Hoffen; es war wie die Blümchen im Korn, die schönen, die blauen;
1347 3473 2764 3531 Und hast du tagüber gepflückt — du schaust am künftigen Morgen
1347 3521 2439 3597 Ein eheletztes, ein letztes, ein allerletztes verborgen.“
