3344 4384
2093 156 2427 235 —
907 226 982 297 0f
1526 214 1978 305 box 36/1
194 224 1389 344 1. Panphiets fprints
818 842 2555 928 Klarheit, Wissen!“ Lenau's Werke, die in zahlreichen Ausgaben zu den
813 891 2553 983 Lieblingen des deutschen Volkes zählen und auf einem Fache mit Homer,
819 942 2553 1031 Shakespeare, Goethe, Schiller die Wohnungen der Gebildeten
813 984 2537 1059 schmücken, geben freilich Zeugnis davon, dass er einige medicinische, ins¬
814 1036 2546 1113 besondere anatomisch-physiologische Kenntnisse besessen hat, wie er auch
814 1092 2551 1155 mehrere Prüfungen mit Erfolg abgelegt hat. Dass Lenau als Mediciner kläglich
814 1143 2538 1223 versagte, hatte hauptsächlich seinen Grund in seinem Liebesverhältnisse zu der
805 1201 2535 1244 leichtsinnigen Bertha, auf welches die Gedichte „Sehnsucht nach Vergessen“
820 1246 2548 1306 „Das todte Glück“, „Am Bette eines Kindes“, „Die Waldkapelle“ gemünzt
814 1298 2484 1390 sind. In dem letzten Gedichte malt er prophetisch seinen Wahnsinn voraus.
1169 1343 2156 1424 „Horch! plötzlich stört ein Ruf die Einsamkeit:
1144 1420 2086 1488 Klang’s nicht aus der Kapelle öden Mauern?
1158 1466 2086 1543 Wer ist es, der so wunderlich dort schreit,
1155 1512 2232 1598 Dass mich’s unheimlich fasst mit kalten Schauern?!
1159 1580 2219 1639 „ „Herr Gott! wir loben dich — ha, ha, ha, ha!““
1150 1625 2192 1691 Nun schweigt er still, der grausame Gottverächter,
1149 1662 2059 1735 Und donnernd ruft er nun: „„Allelujah!““
1141 1729 2076 1787 Und überdonnernd folgt sein Hohngelächter.
1150 1758 2060 1846 Da stürzt er mir vorbei, voll scheuer Hast,
1142 1820 2118 1907 Das wirre Haar von bleicher Wange streifend.
1137 1867 1989 1939 Die Augen wild bewegt und ohne Rast,
1150 1917 2204 2004 Irrlichter, in der Nacht des Wahnsinns schweifend.“
923 1986 2541 2070 Am Bette eines (seines?) Kindes spricht der verunglückte Mediciner die
790 2026 1136 2104 erschütternden
1150 2032 1330 2101 Worte:
1180 2092 2107 2170 „Wiege sie sanft, o Schlaf, die holde Kleine,
1158 2149 2087 2220 Durch die zarte Verhüllung deines Schleiers
1152 2206 2077 2289 Lächelt sie: so lächelt die Rose still durch
1280 2246 1603 2320 Abendgedüfte.
1160 2290 2043 2388 Wiege sie sanft, und lege deinem Bruder
1150 2366 1972 2431 Sie, dem ernsteren, leise in die Arme,
1151 2411 2136 2474 Ihm, durch dessen dichteren Schleier uns kein
1267 2465 1820 2539 Lächeln mehr schimmert!
1156 2504 2138 2586 Denn mit gezücktem Dolche harrt der Kummer
1149 2577 1960 2644 An der seligen Kindheit Pforte meines
1148 2629 2118 2712 Lieblings, der Friede sie scheidend küsst und
1274 2679 1770 2750 Schwindet auf immer.“
905 2734 2515 2832 Es würde den Rahmen dieser Studie sprengen, wollten wir auch nur in
791 2777 2523 2874 Umrissen ein Bild von Lenau's Grösse und von seinem Einflusse auf Dichten
788 2835 2516 2927 und Denken des deutschen Volkes bis auf den heutigen Tag zeichnen. An
776 2888 2515 2976 dieser Stelle durften wir nur auf seine Beziehungen zu unserer Alma mater
780 2931 2519 3031 hinweisen. Lenau wohnte in dem allen Aerzten wohlbekannten Schwarz¬
790 2986 1985 3060 spanierhause; hier schrieb er wichtige Theile seines
1986 3007 2531 3089 „Faust“, darunter die
773 3038 1378 3120 Scene auf der Anatomie:
1135 3090 2012 3170 „Wenn diese Leiche lachen könnte, traun!
1124 3163 2033 3223 Sie würde plötzlich ein Gelächter schlagen,
1115 3207 2063 3263 Dass wir sie so zerschneiden und beschau'n,
1113 3262 2048 3314 Dass wir die Todten um das Leben fragen.
1110 3315 2159 3385 Mein Freund, das plumpe Messer tappt vergebens
1117 3363 2114 3434 Verlass’nen Spuren nach des flücht’gen Lebens;
1112 3418 2071 3486 Längst ist das scheue Wild auf und davon.“
2993 876 3346 948 An poetischer K
2895 923 3354 995 Wienern und von ur
2896 978 3354 1048 (geb. am 1. Mai 181
2886 1083 3015 1146 Er st
2878 1133 3046 1200 lungen
3001 3076 3355 3148 Die höchsten L
2883 3131 3352 3202 tungen aus dem Leh
2895 3180 3353 3248 „Anna Marie“, man
2882 3238 3353 3302 aber in jungen Jahre
3058 3287 3340 3354 „Sie alterten
3050 3335 3351 3398 Ihr Hoffen;e
3047 3383 3353 3457 Und hast du
3058 3429 3352 3515 Ein eheletztes
