3344 4384
88 902 380 980 Die todte Mi
0 955 393 1042 nächsten Morgen 2u
102 1613 394 1698 Ludwig He
-4 1668 391 1739 Wien Medicm und
0 1725 384 1798 Kunstkritiker und A
-11 1778 394 1845 geliefert. Aus sein
-2 1832 382 1894 Tom“: „Kleine
5 1873 392 1946 „Budapest“ (1873
7 1926 389 1990 „Auf der Schneil
-11 1985 397 2059 Säkkingen“, „Wil
107 2030 394 2098 Professor Du
-9 2075 388 2148 berg, gest. am 2
1 2134 383 2196 Wagner“ (1873),
106 2177 389 2244 Dr. Abrahan
0 2226 375 2296 in den Jahren
-1 2274 393 2348 dem „Wiener Son
6 2331 366 2397 sichten über die
2 2378 369 2453 gute und scharfe
103 2427 377 2500 Ein Traum
3 2483 366 2549 grossentheils sehr
-6 2531 382 2600 nach rückwärts tru
7 2583 379 2650 überstanden. Eine
-4 2638 382 2697 Frauen, welchen
2 2673 390 2751 Abscheu erregte un
-11 2730 388 2803 für den Untergang
-1 2786 374 2852 Gelegenheit, eine
0 2822 383 2904 kennen zu lernen.
-6 2883 388 2956 barg sich die Son
-2 2932 393 3003 erniedrigung, dere
-2 2983 375 3052 liegend, krochen
2 3007 392 3110 nachzogen, bis an
2 3078 393 3153 heran und küssten
8 3132 402 3207 empfindlicher Fus
9 3184 397 3252 war das Signal zu
2 3230 391 3301 stelligt werden m
3 3276 389 3353 wie beim erstenma
12 3330 392 3400 sich dieselbe Proc
5 3385 387 3459 Ein heiliger Zorn
125 3433 395 3499 Prof. Dr. M
9 3484 395 3555 öffentlichte mel
2379 124 2733 196 ——
1579 207 1698 268 ts
1883 192 2338 292 box 36//1
937 185 986 267 1
539 199 1716 306 1. Panp, ets Offpr in
1315 842 2936 915 Die todte Mutter schickt das Kind nachhause und verspricht ihm, es am
1186 910 1765 980 nächsten Morgen zu holen.
1731 955 2285 1033 „Ach, Vater, Vater mein,
1725 1009 2314 1100 Jetzt richtet einen Schrein!“
540 1055 949 1146 h in der Wieder¬
555 1125 952 1193 mögen hier die
1731 1121 2284 1195 Krank war es einen Tag,
544 1176 960 1264 ück und begrüsst
1725 1170 2329 1247 Todt war’s am zweiten Tag,
1729 1221 2286 1301 Im Grab am dritten Tag.“
1899 1297 2240 1386 „Die Liebe.
1544 1356 2382 1442 0 Liebe, Liebe, du hast nicht Bestand,
1538 1426 2314 1486 Bist die flüchtige Flut am Uferrand.
1538 1475 2385 1531 Fluten zerrinnen, die Liebe fliesst auch,
1542 1523 2490 1591 Wie das Blatt verwelkt vom Rosmarinstrauch.“
1311 1573 2926 1642 Ludwig Hevesi (geb. am 20. December 1843 zu Heves) studierte in
540 1558 941 1668 nAlbert'scher
1195 1625 2923 1674 Wien Medicin und ist seit 1865 literarisch thätig. Er ist einer der ersten
1196 1681 2916 1748 Kunstkritiker und Aesthetiker der Residenz und hat zahlreiche schöngeistige Arbeiten
1188 1745 2932 1798 geliefert. Aus seiner Feder kamen, zum Theile unter dem Pseudonym „Onkel
543 1750 649 1824 tzte,
1194 1787 2931 1847 Tom“: „Kleine Leute“ (1871—1874), „Sie sollen ihn nicht haben“ (1871),
1201 1843 2921 1899 „Budapest“ (1873), „Des Schneidergesellen Andreas Jelki Abenteuer“ (1875),
1211 1881 2929 1946 „Auf der Schneide“ (1884), „Buch der Laune“ (1889), „Von Kalau bis
553 1917 699 2001 eseda.
1207 1938 2276 1993 Säkkingen“, „Wilhelm Juncker (1897) u. a. m.
1319 1982 2910 2040 Professor Dr. Theodor Puschmann (geb. am 4. Mai 1844 zu Löwen¬
535 1982 688 2053 ang.“
1195 2030 2917 2103 berg, gest. am 28. Sept. 1899 zu Wien) schrieb eine Studie über „Richard
555 2035 924 2111 eine Anthologie
1210 2083 2772 2146 Wagner“ (1873), „Reisebriefe aus Spanien“ und eine Novelle „Leonie“.
548 2092 931 2173 in Liebling des
1313 2141 2923 2200 Dr. Abraham Eitelberg (geb. am 4. Februar 1847 zu Tarnopol) hat
564 2151 933 2216 zu den grossen,
1199 2179 2921 2235 in den Jahren 1871—1873 eine Reihe belletristischer Artikel zumeist in
555 2196 937 2257 neben Friedrich
1198 2234 2909 2296 dem „Wiener Sonntagsblatte“ publiciert, ferner ein Buch: „Unmoderne An¬
548 2242 923 2311 tern am Dichter¬
1204 2284 2922 2355 sichten über die moderne Cultur“ (1892) geschrieben. Eitelberg führt eine
550 2290 929 2365 teht Vrchlicky
1197 2341 2778 2406 gute und scharfe Feder. Eine seiner Erzählungen sei hier kurz skizziert.
548 2346 942 2414 Ier's „Wilhelm
1307 2397 2915 2449 Ein Traum entführte ihn in ein böses Land, wo kleine Kerlchen wohnten, die
549 2399 936 2468 schenkt — neben
1197 2444 2919 2505 grossentheils sehr devot und gebückt herumwandelten, theilweise den Kopf stolz
548 2447 930 2515 he Begabung, die
1191 2491 1771 2550 nach rückwärts trugen —
1764 2500 2913 2555 je nachdem sie „Höheren“ oder „Untergebenen“ gegen¬
554 2502 931 2586 ebbel erinnert,
1205 2535 2919 2606 überstanden. Eine imposante Minderheit bestand jedoch aus normalen Männern und
1190 2589 2929 2638 Frauen, welchen letzteren schon der Anblick jener gebogenen Charaktere einen
545 2582 928 2666 hmlung würdigt
1200 2641 2918 2703 Abscheu erregte und deren zarte Seele sich dagegen sträubte, zur Erhaltung eines
544 2650 926 2719 ss „Volkslieder“.
1196 2685 2921 2753 für den Untergang reifen Geschlechtes beizutragen. Eines Tages hatte unser Erzähler
562 2699 930 2767 kaum zu über¬
1196 2741 2924 2803 Gelegenheit, eine wichtige Landessitte, das Wettkriechen, aus eigener Anschauung
560 2750 944 2834 ierigen Problems
1203 2793 2918 2845 kennen zu lernen. „Es war ein düsterer Herbstmorgen. Hinter dichten Wolken ver¬
1205 2837 2917 2889 barg sich die Sonne, als wollte sie nicht Zeuge sein der schändlichsten Selbst¬
542 2821 941 2925 t; da sie älter
2274 2891 2931 2950 Mit dem Bauche am Boden
1202 2901 2282 2957 erniedrigung, deren die Menschen fähig sind....
536 2895 708 2987 An hin,
1193 2937 2927 3002 liegend, krochen die Kerle, indem sie, sich auf die Hände stützend, den Körper
1196 2989 2905 3050 nachzogen, bis an die in Lehnstühlen lächerlich aufgebläht ruhenden „Protectoren“
1205 3036 2918 3113 heran und küssten ihnen die nicht einmal sauber geputzten Schuhe. Ein nicht un¬
1204 3087 2922 3149 empfindlicher Fusstritt, bei dem sogar mancher .. laut wehklagend aufschrie,
1211 3139 2917 3191 war das Signal zum Rückzuge, der in der demüthigst kriechenden Weise bewerk¬
1215 3191 2919 3254 stelligt werden musste. Dann begann abermals das „Vorkriechen“, welches, gleich
1205 3235 2920 3313 wie beim erstenmale, mit einem erhaltenen Fusstritte abschloss. Dreimal erneuerte
1204 3292 2922 3349 sich dieselbe Procedur vor meinen Augen. Ich konnte es nicht länger mit ansehen.
1202 3345 1969 3391 Ein heiliger Zorn erfasste mich
1317 3393 2919 3458 Prof. Dr. Moritz Heitler (geb. am 21. März 1848 in Korompa) ver¬
1194 3438 2929 3490 öffentlichte mehrere schöngeistige Arbeiten in Tagesblättern und eine
2010 3548 2117 3626 21
