3344 4384
1336 165 1438 223 —
1957 164 2576 236 ——
1530 224 1999 319 box 36/1
307 235 1431 340 Panphlets offorints
954 805 2563 892 Der Stephansdom, der Prater werden schwungvoll gefeiert. Bei Rheinwein
826 871 2560 953 gedenkt der Dichter des „bedenklich“ herben und saueren Sievringers, und in der
195 858 602 950 vol Scheffel's
823 918 2564 1015 Fremde fühlt er es zitternd in der Brust, dass er seine Vaterstadt ewig liebe. Dass er
210 934 611 1010 bezeichnend bier
832 967 2562 1048 als vornehmer Lyriker dem Getriebe der Politik aus dem Wege geht, ist nur
844 1021 2403 1103 löblich. Doch schildert er gelegentlich die Rüstungen der Culturvölker:
1439 1090 1917 1168 „Mordwaffen ersinnen
1431 1153 1955 1224 Wetteifernd die Geister,
1438 1207 1924 1275 Die giftige Pest nennt
1433 1264 1911 1318 Staunend sie Meister.
1435 1305 1895 1372 Hekatomben stürmen
1438 1356 1920 1421 Im Marschtakt dahin,
1451 1404 1948 1472 Wo die Würfel fallen,
1436 1449 2017 1532 Die Leichen sich thürmen.“
956 1489 2581 1596 Docent Dr. Alois Pick (geb. am 15. October 1859 in Prag) schrieb zwei
852 1562 2584 1650 Schwänke: „Briefsteller für Liebende“ (1877) und „Lord Beefsteak“ (1883).
855 1631 2094 1727 Von seiner lyrischen Begabung zeugt folgendes Gedicht:
203 1634 623 1721 ss er auch den
1461 1707 2011 1783 „Frühlingswogen.
1355 1764 1969 1853 Leise Lüfte, Frühlingswogen
1364 1825 2031 1893 Und geheimnisvolles Rauschen.
1374 1882 2054 1953 Jetzo kommt der Lenz gezogen!
1373 1914 2212 1986 Alle Knospen neigen sich und lauschen:
1366 1972 2125 2047 Horch, ein Singen und ein Klingen
1449 2034 1798 2100 Füllt die Lüfte.
1431 2086 1735 2153 Blumendüfte
360 2136 615 2223 aber nie
1376 2138 2084 2228 Schwellend in den Acther steigen.
1382 2195 2021 2259 In den Aesten leises Knistern,
438 2227 614 2315 Refrain
1373 2247 1994 2318 Und die Blumen alle neigen
440 2297 627 2357 Vienerin
1380 2282 2062 2378 Ihre Köpfchen und sie flüstern:
422 2348 627 2419 h durchs
1384 2345 2037 2419 „ „Neue Lieder, Zauberweisen,
424 2398 622 2466 1, zupfte
1385 2393 2095 2469 Bringt der junge Frühling wieder,
432 2451 622 2509 1 blauen
1383 2446 2073 2515 Als Geschenk von seinen Reisen
458 2498 648 2568 lündert
1389 2492 2031 2577 Bringt er neue Liebeslieder.“
1394 2549 1988 2619 Welche schöne Zaubertöne,
1454 2607 1764 2672 Holde Sänge,
1458 2654 1802 2730 Sphärenklänge!
1391 2703 2083 2797 Welch ein wunderbares Weben!
1392 2772 2014 2843 Blüthenknospen, zarte Triebe,
393 2781 630 2882 bringen.
1393 2818 2012 2890 Alles ringt zu neuem Leben,
1387 2852 2095 2959 Aufgeweckt vom Lied der Liebe.“
1004 2927 2609 3027 Dr. Siegmund Fried (geb. am 28. October 1859 zu Lemberg) ver¬
889 2968 2601 3064 öffentlichte im 18. Lebensjahre die Novelle „Die Novize“ im „Familien-Journal“
891 2997 2625 3130 ferner „Ein seltsames Wiederfinden“ (1880), „Vor der Scheidung (1887); er ist
902 3105 1580 3199 ausserdem publicistisch thätig.
1015 3128 2615 3225 Dr. Heinrich Kahane (geb. am 20. Juli 1862 zu Sereth) hat mehrere
898 3168 2630 3275 Dramen geschrieben, die im Buchhandel nicht erschienen sind. Sein Lustspiel
916 3223 2624 3332 „Das neue Geschlecht“ erhielt im December 1890, anlässlich der vom Deutschen
901 3273 2633 3363 Volkstheater ausgeschriebenen Concurrenz, den dritten Preis. Unter dem
906 3320 2632 3436 Pseudonym K. Heinrich hat er eine Reihe humoristisch gefärbter Skizzen
901 3382 2346 3478 verfasst. Wir theilen hier den Schluss der Skizze „Vorsätze“ mit.
1731 3500 1823 3581 25
