3344 4384
1987 185 2321 258 —
310 258 422 325 am
473 257 708 324 hlets
1453 250 1923 337 box 36//1
237 256 1303 367 OrTprints
857 975 2507 1069 Und mit den Farben von Anastasius Grün gemalt ist der „Sonntag auf
738 1011 1072 1089 dem Meere“:
1183 1054 2027 1156 „Das Meer liegt glatt und athmet kaum
1178 1126 1663 1202 In heisser Sonnenglut,
1182 1176 1974 1256 Nur meine Barke weckt den Schaum
1168 1230 1724 1302 Der blaulich hellen Flut.“
858 1274 2468 1372 Bedeutender und ursprünglicher ist Ludwig August Frankl als Epiker
737 1345 2464 1415 gewesen. Sein „Habsburgslied“ (1832) enthält vorzügliche Einzelheiten, seine
744 1385 2480 1469 „Dichtungen“ und „Sagen“ entbehren nicht einer den angeschlagenen Themen
733 1444 2476 1519 entsprechenden Grösse: „Christoforo Colombo“ (1836) ist wohl sein bestes
725 1494 2473 1563 episches Werk; in „Rachel (1842) behandelt er ein biblisches Thema, in
736 1541 2485 1621 „Don Juan de Austria“ (1846) den bekannten Helden. Eine Strophe, die Don
723 1591 2300 1685 Jnan’s Tod behandelt, möge von der schönen Darstellungskraft zeugen.
1250 1642 1998 1711 Die Nonne senkt das todtenbleiche
1087 1704 1974 1775 Und bange Antlitz auf des Helden Hand,
1089 1763 2058 1827 Frei zieht die Seele schon zum Sternenreiche —
1091 1808 2012 1877 Durchs Fenster wirft der rothe Abendbrand
1090 1845 1970 1931 Leis' einen Purpurmantel auf die Leiche —
1087 1896 1975 1972 Der seine Sehnsucht nicht im Leben fand.
1087 1955 2099 2029 Ein tiefes Schweigen rings, nur hörbar hämmert
1075 2000 2057 2083 Ein banges Herz; das Abendroth verdämmert.“
845 2055 2463 2138 Wir können auf diese und verwandte epische Dichtungen Frankl's
731 2113 2450 2193 nicht näher eingehen. Dagegen dürfen wir an dieser Stelle bei seinen
721 2161 2459 2226 Satyren verweilen. Die dramatischen Skizzen „Hippokrates und die moderne
720 2206 2445 2302 Medicin“ (1853), „Die Charlatane“ (1854), „Hippokrates und die Cholera“
718 2262 2452 2348 sind der Vergessenheit anheimgefallen, trotzdem sie noch immer zeitgemäss
717 2315 1647 2389 sind. Frankl selbst schreibt darüber:
1711 2340 2449 2400 ich band vor das lyrisch¬
720 2367 2460 2429 bleiche, episch-breite Gesicht die Larve des Momus und regte die schweren
723 2406 2388 2498 Füsse des Trimeters und holperte auch wohl über die Knittel einer -
716 2463 2447 2565 Satyre!“ Folgen wir Hippokrates wenigstens auf seinem ersten Leidenswege
722 2502 1442 2581 durch das medicinische Wien!
838 2557 2462 2649 Hippokrates schliesst sich einem Barbier an, der ihn in die Tiefen und Untiefen
714 2617 2459 2718 der zeitgenössischen medicinischen Kunst einführt. Der Barbier ist ausser sich über
716 2658 1360 2736 die Gelahrtheit des Fremden:
1170 2706 1917 2784 „Was dieser Alte weiss und kennt!
1146 2771 2024 2840 Ist sicher ein „Wochenschrift“-Abonnent;
1159 2818 1984 2894 Da kann man auch oft Gelehrtes lesen,
1160 2864 1994 2946 Thut aber kein Mensch davon genesen.“
827 2924 2460 3015 Hippokrates gibt seiner Bewunderung für die Wiener Schule Ausdruck; selbst
694 2967 2031 3057 in der Unterwelt erhielt er Kunde von ihr; darauf der Barbier:
1165 3026 1984 3114 „Da kann sie freilich leicht hindringen,
1157 3089 1974 3178 Weil sie die Kranken hinunterbringen.“
1155 3189 1958 3260 „O, lernen können Sie manches, viel;
1144 3242 2087 3319 Gar wenn Sie Curse nehmen, ist’s ein Spiel!
1137 3287 1939 3360 Doch ist gesalzen der Weg zum Ziel.
1143 3331 1932 3405 Der Reichste kann nur etwas lernen,
1145 3390 2043 3458 Der Arme muss sich ungecurst entfernen.
1144 3441 1897 3507 Lernfreiheit ist ein schönes Recht,
1128 3486 2054 3577 Könnt' jeder nur lernen auch, der’s möcht'
1135 3535 1941 3617 Sie lehren aber nur den, der blecht!“
1333 4048 1488 4154 M
2781 4139 2835 4196 G
