3344 4320
273 287 967 378 5thBirhday
1149 254 1557 354 box 39/4
2018 536 2670 605 Dr. Max Goldschmidt
2023 631 2649 694 Büro für Zeitungsausschnitte
2393 680 2812 744 Teleion: Norden 3051
1845 688 2127 752 BERLIN N4
1778 819 2844 886 Die Literarische Velt. Berlin. d.
2420 880 2801 963 20.Mai 27
2162 1013 2834 1074 Das war das süße Mädel ...
2137 1076 2862 1136 (Zu Arthur Schnitzlers 65-Geburtslag.)
2088 1126 2919 1173 Der Refrain eines Schlagerliedes um 1900
2063 1174 2920 1215 summt noch einmal durch unsere Ohren;
2060 1197 2914 1245 aus einer Operelle von Ileinrich Reinhardt
2060 1237 2905 1288 (auch aus Preßburg; aber von anderer Linic),
2059 1277 2921 1320 die eine neue, peinliche Acra der Gattung ein¬
2092 1323 2916 1364 eilete. Ihr Titel Das süße Mädel“ hatle lite¬
2061 1346 2458 1400 FArsearr
2500 1345 2925 1403 m rtreg 1
2060 1388 2918 1425 der lieben, leichtlebigen und selbstlosen Frenn¬
2070 1423 2920 1477 din seiner Wiener Junggesellen war im letzlen
2075 1466 2626 1529 Dezennium populär geworden.
2200 2794 2782 2856 Jugendbildnis Arthur Schnitzlers
2072 2837 2905 2886 (Mit Erlaubnis des Amalthea-Verlags, Wien, aus
2047 2889 2913 2938 dem Buche: Josef Körner Arthur Schnilzlers
2295 2905 2679 2972 Gestallen-Probleme.)
2093 2985 2926 3023 Zuerst ist diese in seinen Werken, besonders
2055 3028 2919 3079 den Dramen, oft abgewandelle Figur in der
2062 3079 2917 3115 „Liebelei“ erschienen (1894 enlstanden, 1895 auf¬
2063 3108 2921 3149 geführt). Schnitzler hatle „das Vorstadtmädel
2062 3143 2915 3181 burgtheaterfähig gemacht“, wie Karl Kraus in
2060 3182 2910 3228 seiner Satire der „demolierten Literatur“ schon
2055 3223 2916 3281 sagle. Josef Körner hal in seinem Schnitzler-Buch
2300 3259 2374 3306 ing,
2612 3260 2734 3310 Haline
2792 3258 2911 3308 „Lie¬
2062 3293 2919 3340 belei“ durch die späteren Bücher verfolgt, das
2058 3337 2915 3393 sentimentale „süße Mädel“, das Adolf Bartels der
2063 3372 2911 3427 Wiener Maitressenwirtschaft“ zuzählt, in vielen
2054 3414 2919 3456 Werken Schnilzlers variiert wiedergefunden. Als
2051 3454 2919 3504 Vorgängerinnen die Ninelte des „Märchen“ und
2047 3501 2910 3542 die Marie im „Sterben“; als Nachfolgerinnen
2055 3536 2911 3582 (neben den Dirnchen und Dirnen des „Reigen“)
2051 3571 2917 3616 Toni Weber im „Vermächtnis“, die Beatrice im
2062 3611 2902 3655 „Schleier“, Kalharina und besonders Marie im
2053 3645 2910 3702 „Ruf des Lebens“, Anna Rosner und weniger
2047 3690 2916 3740 Amy im Weg ins Freie“, Elisabeth im „Jungen
2058 3728 2895 3764 Medardus“, Katharina im „Doktor Gräsler“
2053 3766 2911 3804 aber auch Marie im „Neuen Lied“ und Elise im
2059 3801 2904 3849 „Mörder“. Den ersten Erfolg hatte jedenfalls
2058 3843 2907 3894 Christine aus der Galerie der „kleinen, süßen.
2056 3881 2893 3927 blonden Köpferl“, von denen es im „Weg“
2060 3920 2903 3964 später hieß: „Solche Sachen dürfen nicht länger
2053 3959 2459 4012 dauern als ein Jahr.“
2077 4000 2901 4049 Deshalb ist es vielleicht von Interesse, den
2057 4034 2913 4085 ersten Einfall zum Schauspiele „Liebelei“ zu
2047 4073 2908 4119 lesen, das ursprünglich als Volksstück in Bildern
2043 4117 2880 4156 gedacht war. Die Skizze wurde einmal faksimi¬
