3436 4256
1928 189 2212 306 — —
1081 303 1537 420 box 39/4
220 326 925 436 65th Birthday
430 465 2927 763 Zeitungs-Informationsdienst
2563 720 2768 821 Nerng.
906 729 2417 849 für aktuelle und wissenschaftliche Fragen
516 741 790 840 Redaktion:
460 821 852 895 BERLIN SW. 68,
910 831 2415 912 Apr BiamoiamMilanhsrimsiemmslmelms.
2466 811 2863 907 Minsentoneren 1.30
488 869 833 927 Ritterstraße 52
2474 894 2859 953 Abonnements nach
442 903 874 978 Die Correspondenz ist
2472 937 2857 998 besonderer Verein¬
467 948 861 1030 als Manuskript ge¬
919 916 2424 1048 Metropol Verlags-Gesellschaft
2567 978 2753 1037 barung.
585 979 740 1045 druckt.
2526 1014 2825 1080 Fernsprecher:
457 994 867 1097 Erfüllungsort: Berlin
1344 1014 1956 1111 E. Matthes & Hinzler
500 1061 820 1131 Postscheckkonto:
2494 1045 2837 1123 Dönhoff 2878
677 1095 724 1131 n0
1852 1072 2507 1182 Ritter-Straße 52 —
522 1110 805 1160 Berlin 39936
815 1086 1489 1190 1 BERLIN SW. 68
2042 1340 2811 1463 Berlin, den 11. Mai 1927.
987 1472 2203 1586 Artur Schnitzier 65 Jahre alt
1044 1540 1773 1623 Gedenkblatt zum 15. Mai
828 1591 2333 1677 pen Serenn ar den aun und ull ger uich ven aine die vur vuit din vir den dn din en wrn din dund dun dund und und dee ve en bend ihm de uc gen den ge uin n de den Meen de um Mi W E
663 1666 2894 1787 Es ist ein tragisches Schicksal, dass auch die IJungen' alt verden, Nür von der
506 1751 2946 1851 älteren Generation sind immer noch gewöhnt, Schnitzler und seinen Kreis zu der jjungen
508 1813 2940 1898 Wiener Schule“ zu rechnen und sind heute doch recht erstaunt, zu hören, dass Schnitzler
514 1870 2744 1978 65 Jahre alt geworden ist, also doch wirklich die erste Jugend abgestreift hatt
629 1910 2918 2007 Die Wiener und unter ihnen besonders Scimnitzler bilden in der-Literatur eine ganz
505 1957 3014 2084 besondere Klasse für sich, Mediziner von Beruf, wie schon sein Vater, wandte er sich früh¬
504 2033 2880 2111 zeitig der Literatur zu. Es var die grosse Zeit der literarischen Revolution der 80er
504 2069 2923 2186 und 90er Jahre, die Zeit des 1jüngsten Deutschland“, als Schnitzler in Wien zuerst von
514 2129 2965 2253 Schlenther die Bühne nit seinen dramatischen enenen 'Anatoln geöffnet wurde; zur selben
514 2203 2480 2284 Zeit etwa wie Gerhart Hauptmann in Berlin durch Brahm entdeckt #urde
644 2218 2896 2338 Man hat für den Kreis um Schitzler um die Jahrhundertvende den Ausdruck #fin de
517 2299 2909 2384 siecle“ geprägt und ihm damit das Schild einer gewissen Dekadence angehängt. Man hat
512 2355 2869 2449 gerade Schnitzler viel gelästert vegen der unbektimnerten, ja man möchte sagen naiven
504 2445 2871 2520 Erotik seiner Schrift. Nas aber z.B. Vedekind mit beissender Satyre und Hohn heraus¬
521 2463 2902 2566 sprudelt, das sagt Schnitzler mit einer solchen echt wienerischen Grazie und Liebens¬
523 2512 2915 2625 würdigkeit, dass man keineswegs das Gefühl des Anstössigen hat, Ja selbst der vielge¬
521 2581 2949 2671 schmähte VReigen“ , der allerdings fir die Bihne absolut ungeeignet ist, (Leider ist er
519 2642 2969 2748 ja eine Zeitlang in Deutschland aufgeführt worden und zuar mist von Leuten, die auf die
522 2691 3022 2783 niederen Instinkte der Denschen rechnetenldieser Reigen ist mit soviel geistreichen Spott,
519 2788 2948 2860 mit einer solchen echt vienerischen Leichtblütigkeit geschrieben, dass er trotz der ge¬
522 2813 2981 2894 vagtesten Szenen beim Lesen keinesvegs verletzend virkt. Eine Lektüre für Kinder ist er
527 2882 2878 2951 allerdings nicht. — Als echter Viener schöpft Schnitzler nirgends wärklich-tief,
526 2909 2980 3027 wo er Probleme stellt, gleitet er mist mit seiner glücklichen Phäakennatur darüber hin.
515 2986 2309 3066 Das schvermitige Grübeln des Norddeutschen ist nicht sein Fall.
623 3018 2898 3118 Aber gerade darum lieben vir Schnitzler; denn er, der sich überall so völlig na¬
526 3097 2908 3195 türlich gibt, ist doch immer noch ein VJunger“ geblieben trotz seiner 65 Jahre. M.P.
1010 3203 1696 3307 m.Scheimat Kempner *
1421 3284 1776 3358 en
958 3256 1427 3355 menrerenerene
705 3316 2951 3401 Mitten aus seinem unermidlichen Schaffen ist wieder einer unserer bedeutendsten
524 3392 2987 3471 Virtschaftler dahingegangen. Als Jurist und Anvalt begann er seine Tätigkeit und steilte
518 3424 2937 3511 sein grosses Missen und Können ausschliesslich in den Dienst von Handel und Industrie,
517 3480 2986 3599 Er galt als eine der grössten Kapazitäten auf dem Gebicte des Akticnrechts,und niemand
515 3566 2200 3662 verstand es so gut vie er , Generalversamnlungen zu leiten.
708 3598 2945 3719 Das Kalisyndikat verdankt ihm grössten Teils sein Bestehen und so manche Aktien¬
529 3666 2952 3784 gesellschaft hat er in den Zeiten der schversten Mirtschaftskrise durch seinen nie ver¬
525 3765 1768 3840 sagenden Rat vor dem Zus amnenbruch bevahrt.
712 3758 2943 3873 Gerade jetzt befand er sich auf der Rickreise aus den Vereinigten Staaten, vo er
522 3845 2938 3946 Studien über anerikanische Wirtschaftsverhältnisse gemacht hatte, um diese Erfahrungen
529 3899 2613 4012 unserer heimischen notleidenden Volkswirtschaft zu Nutze machen zu können.
715 3943 2862 4038 Leider sollte es hierzu nicht mehr komen. Auf der Heimeisc erlag Geheinrat
525 4031 2386 4120 Kempner im Hotel VZuropäischer Hof“ in Amsterdam einem Herrschlag.
700 4037 2922 4162 Sein Tod reisst einc grosse Lücke in unser Dirtschaftsleben, dic nar schuer zu
527 4128 1045 4240 füllen sein vird
