3436 4320
1135 267 1594 364 box 39/4
273 285 985 397 65th Birthday
2050 961 2549 1057 Neues Wiener Journal
1214 1004 1443 1092 Sonntag
543 997 778 1096 Seite 10
1429 1021 3048 1133 per kg S 240 bessere S 4=40, geschlisene 8 5·80, gefüllte Polster aus gut. Nanling.
1433 1073 3058 1169 60/80 cm. S 4·90 und S 6·90, gefüllte Tuchenten aus gut. Nanking, 120/180 om. S 17·20
1429 1123 3047 1205 u. S 22 20, Steppdecken, geblumt. S 17•—, Matratzen, Reinleinen dreiteilig. mit bester Afrique¬
1425 1144 3056 1249 füllung, v. Bett S 39 90. Flanelldecken, kompl.Größe. Stravazqual 84·80 Dannendecken, Bettwäsche.
1441 1196 3066 1281 „Aga"=Eisen= u. Messingbetren in bekannter Qualirät u. Ausführung. — Verlangen Sie Preieliste A
2072 1234 3054 1291 VI., Amerlingstraße 8. Verkaufsniederlagen: Galzburg, Hagen
1436 1267 1836 1324 Verkaufsniederlagen Wien:
2504 1260 3056 1318 auerptatz 1 u. Linz, Landstraße 68.
2089 1278 2495 1338 X., Havorttenstraße 37.
1455 1283 2052 1356 I., Tuchlauben 7a (Tuchlaubenhof),
2514 1288 3054 1361 Zentralburo ans Großverkauf:
2029 1307 2510 1369 XVII., Ottakringerstraße 48.
1435 1317 1995 1381 III., Landstraße Hauptstraße 88.
2850 1324 3083 1395 Auglobauk).
2517 1327 2810 1376 I., Strauchgasse
2057 1345 2506 1393 XX., Wallensteinstraße 35.
2504 1352 2931 1413 Telephon Gerlé v3=dep5.
582 1329 1908 1445 Tenferern. Margaretenstraße 20.
1531 1374 2442 1435 Telephone: 29595 Serie, 65015, 57414, 52226, 7046, 49050, 84458.
506 1445 2962 1540 können wir niemals endgültig schlüssig werden. Individuell zußerliche Umstände, die der Redakteur unendlich bedauert, es,
1729 1471 2969 1571 notwendig machen, das vorzügliche Manuskript, das eine Zierde
523 1521 1738 1594 empfinden heißt ja, diesen Widerspruch nach seiner Weise zu ver¬
1717 1556 2963 1619 des Blattes geworden wäre, dem verehrten Einfender, der ja nur
527 1585 839 1664 söhnen suchen.
634 1590 2957 1696 Björnson hat vor nicht langer Zeit die Forderung, daß der bald wieder seine Gunst dem Blatte zuwenden möchte, zurück¬
528 1655 1950 1749 Mann seiner künftigen Gattin ebenso rein entgegentreten müsse, zureichen.
1847 1683 2970 1781 Weit schwieriger aber als bei uns ist die technische Seite
529 1711 1760 1791 als sie ihm, dramatisch formuliert, und das betreffende Stück „Der
1747 1746 2953 1821 des Zeitungswesens. Die Schwierigkeit beginnt schon beim „Umbruch“,
532 1755 1744 1847 Handschuh“ hat einen lebhaften Widerstand der Meinungen hervor¬
2949 1742 3078 1840 sehr
1757 1791 2949 1875 die zwar auch bei uns in einer stillen Balgerei mit dem Metteur
531 1804 1755 1887 gerufen. Daß die Männer die in dem Drama ausgesprochene
2949 1820 3094 1879 mir #
1753 1844 2956 1921 gipfelt, aber doch ein Kinderspiel ist gegen die Arbeit in einer
527 1849 1749 1926 Forderung als übertrieben und fast unmöglich belächeln, mag in
2951 1863 3087 1927 klein
1752 1911 2320 1972 japanischen Zeitungsdruckerei.
530 1900 1757 1989 einer durch jahrhundertelange Gewohnheit begründeten Anmaßung
2958 1912 3070 1978 ein
1854 1927 2964 2018 Durch die Art des Satzes — die Zeile läuft ja senkrecht,
525 1941 1759 2014 liegen; und aus diesem Verhalten darf man kaum einen berechtigten
1752 1988 2971 2061 von oben nach unten — ist ein Abbrechen eines Artikels, um
531 1994 1752 2077 Schluß ziehen. Daß aber auch die Frauen im allgemeinen eine
1763 2000 3106 2113 die Spaltenlänge zu erreichen, mit sehr großen Schwierigkeiten schatz
532 2041 1757 2128 leichte Heiterkeit über die Forderung des stolzen Mädchens in dem
2980 2060 3061 2115 un
1759 2078 3068 2170 verbunden. Oftmals muß einfach der ganze Artikel neu gesetzt ##r.
542 2090 1757 2172 Björnsonschen Drama nicht unterdrücken können — das muß uns
1756 2128 2974 2226 werden, da ein Umbrechen des Artikels sinnstörend wirken könnte.
544 2131 1754 2238 nachdenklich machen. Denn die wissen sicher, warum sie lächeln.
2961 2145 3094 2204 alle
1862 2173 2995 2250 Es erfordert weit mehr Routine als bei uns, das Blatt
1146 2189 1750 2267 Dr. Artur Schnitzler.
1754 2202 3132 2289 nach Redaktionsschluß sertigzustellen und daher wird bei einer hälinit.
2962 2249 3116 2303 nicht.
1759 2272 2976 2356 japanischen Zeitung der Schlußdienst nicht, wie häufig bei uns,
2979 2278 3125 2361 Schöl
1769 2315 2975 2411 von einem einzigen Nachtredakteur, sondern von der Gesamt¬
2967 2343 3127 2403 dieser,
1767 2392 2141 2462 redaktion besorgt.
547 2281 1770 2480 Drei Jahre Redakteur in Japan.
2967 2391 3120 2452 fanstiß
2636 2394 2971 2489 einer japanischen
1869 2411 2531 2513 Schwieriger als bei uns ist es
2971 2435 3138 2520 getrei
555 2433 1780 2549 In einer japanischen Provinzredaktion.
2607 2472 2985 2539 geben. Da eine
1772 2473 2627 2544 Zeitung eine wohlgefällige „Aufmachung"
1097 2511 1231 2589 Von
1763 2510 2994 2607 japanische Zeitung nicht eine festgesetzte Spaltenanzahl hat, sondern
1763 2559 3000 2653 drei bis sieben Spalten auf einer Blattseite besitzt, müssen die
880 2561 1448 2657 Roro Saebenspurgkh.
665 2603 2990 2721 Manchmal wirbelt das Leben einen Journalisten durch die einzelnen Artikel nach Wichtigkeit und Länge geordnet werden,
551 2666 3001 2791 ganze Welt. Daß ich einmal in der papierenen Redaktion der um doch Deutlichkeit zu besitzen und dabei sich nicht gegenseitig
2969 2706 3118 2792 danek
1785 2730 2012 2811 zu drücken.
562 2737 1786 2840 „Nagoja Shin Aichi Shimbun“ in Japan sitzen werde, wenn
1882 2748 3002 2837 Eines aber ist in Japan wie in Europa gleich: der
564 2780 1801 2862 auch nur als Externer, hätte ich mir dazumal, als ich noch in
2973 2806 3134 2896 licht
1790 2815 2851 2913 Leser und seine vielfachen, so oft unerfüllbaren Wünsche.
562 2819 1806 2909 der lieben, verrauchten Stube einer süddeutschen Kleinstadtschrift¬
1889 2836 3113 2956 Oft glaubte ich, noch in der kleinen deutschen Stadt zu sein der ##
557 2875 1807 2975 leitung saß, nicht träumen lassen. Meine Pläne, so ehrgeizig sie
569 2909 3110 3016 auch waren, wie alle Pläue, die ein junger Doktor Juris hat, und nicht im fernen, gelben Osten, wenn „der treue Abonnent“löche
1787 2959 3105 3029 mit der Drohung ein umfangreiches Manuskript einsendet, seinen: ball“
569 2972 1794 3052 der seinen „Beruf verfehlt“ und eines Tages in der Journalistik
2995 2996 3130 3080 Emp,
1782 3008 2998 3114 Bezug sofort einzustellen, wenn seine Arbeit nicht gebracht würde.
564 3024 1710 3114 landet — strebten über Berlin oder Frankfurt nicht hinaus.
1796 3061 3132 3122 Der alte Leser“ der das Jubiläum eines nur ihm bekannten wund
683 3063 1805 3161 Es kam anders. Nach einer Fahrt durch die halbe Welt
2994 3111 3115 3184 verg#
1793 3104 3008 3192 Mannes in der Zeitung mit größtem Typenmaterial veröffentlicht
564 3122 1801 3207 landete ich eines Tages in Japan. Wurde freundlich ausgenommen
573 3141 3015 3257 (Dank eines englischen Freundes, der mir alle seine Beziehungen sehen will, fehlt dort ebensowenig wie die „junge, begeisterte
3005 3174 3134 3262 sich k.
577 3201 3007 3313 zur Verfügung stellte) und nun arbeitete ich dort, allerdings mehr Anhängerin“ die ihre Erstlingsgedichte einreicht, um von dem
2983 3231 3145 3309 Meiste
1788 3269 2680 3346 Blatt aus den „Weg zum Ruhm“ anzutreten.
584 3289 1275 3367 an mir selbst, wie an der Zeitung.
2997 3296 3145 3359 könnt
1902 3299 3010 3381 Auch die üblichen Nörgeleien sind an der Tagesordnung,
695 3309 1813 3405 Nagoya ist eine Provinzstadt, der ihr Kleid zu eng wird.
3010 3343 3152 3407 „Das¬
1806 3355 3015 3439 die auch uns in Europa nie erspart bleiben. Dem einen Leser wird
580 3376 1802 3449 Ueberall wächst die Stadt über ihr angepaßtes Röckchen hinaus
1804 3385 3154 3488 zu viel, dem anderen zu wenig Politik gebracht; die schöne fache
580 3427 1806 3503 und muß angesetzt werden. Auf das altjapanische Kleidchen setzt
1814 3444 3170 3529 Leserin will Lesestoff, der ernste Leser mehr Wissenswertes. die R
585 3472 1810 3563 man modern europäische Streifen an, kehrt aber doch bald wieder
1816 3476 3159 3576 Der Lokalteil nimmt allen zu wenig Bedacht auf die den !
585 3521 1810 3611 reumütig zu dem Stile japanischer Baukunst zurück, der wesentlich
1805 3525 3187 3628 jedem einzelnen, aber auch nur ihm, wichtigen Ereignisse in Ehrli
583 3567 1814 3638 praktischer und dem unruhigen Boden des vulkanischen Gebietes
1803 3579 3163 3691 seiner Umgebung. Und diejenigen, die es immer besser wissen würde.
595 3642 1020 3718 angepaßter erscheint.
714 3642 3167 3731 Aber diese über sich hinausgewachsenen Städte sehen nun und daher mit tausenderlei Anregungen kommen, sind dort ebenso weiß
3005 3674 3181 3743 lauten
601 3719 2302 3796 ganz eigenartig geflickt aus. Und am schlechtesten wirkt der Streifen zahlreich wie anderswo.
1920 3718 3167 3823 Die Menschen bleiben sich eben gleich, ob sie nun in einer sort
603 3766 1820 3831 Europa, der freilich bloß dem Asiaten europäisch erscheinen mag.
1825 3775 3182 3875 weißen oder gelben Haut stecken. Und auch die anderen, die Rüffel
713 3810 1812 3876 In diesem Betonhausstreifen nun stand das Verlagshaus
1811 3807 3186 3924 „Zeitungsschreiber“ haben es in Japan ebensowenig erleint, gesetzt.
606 3856 1818 3931 der großen Zeitung „Nagoja Shin Aichi Shimbun“, die täglich
1808 3862 3164 3964 allen recht zu tun und recht zu geben, wie im alten Abend= bes¬
3001 3902 3183 3974 Dieset
603 3896 1545 3995 im allergrößten amerikanischen Format erscheint.
3009 3957 3174 4021 der 3
718 3958 1964 4039 Es stand dort. Denn heute wird die Zeiling wieder in lande.
1919 3963 3021 4057 Viel wichtiger aber als bei uns, wird der Theater= und
3028 3990 3170 4071 werde
617 3993 1845 4088 einem zierlichen, japanischen Häuschen hergestellt, bei dessen Bau
1821 4028 3026 4123 Kunstteil genommen, der täglich ausführliche Besprechungen über
613 4051 1815 4135 Beton und Stein nur zur Einbettung der Rotationsmaschinen ver¬
1829 4082 3029 4162 neue Stücke und Bücher, aber auch biographische Abhandlungen
3024 4089 3162 4164 Zitatt
612 4096 1830 4169 wendet wurde. Das europäische Haus aber wurde, wie so viele
2544 4130 3005 4193 Intereisant ist, daß and
2275 4142 2457 4195 HHrame
971 4131 1825 4203 des vorletzten Erdbehens und fst he#te eine
1845 4160 1942 4217 H
