3392 4256
1833 135 1933 195 Vous
1436 143 1516 182 "
1441 194 1898 282 box 34/6
944 204 1123 272 Kak
236 211 1285 313 7. Der gruene Häflidu
779 971 1236 1070 Telephon 12801.
389 1067 1615 1141 Alex. Weigl's Unternehmen für Zeitungs-Ausschnitte
1418 1105 1624 1179 Ausschnitt
1460 1175 1704 1259 Nr. 61
390 1134 1286 1284 105 „OBSERVER“
279 1254 1737 1356 I. österr. behördl. conc. Bureau für Zeitungsberichte u. Personalnachrichten
501 1315 1534 1410 Wien, IX/I, Türkenstrasse 17.
709 1395 1340 1482 Filiale in Budapest: „Figyelö“
293 1440 1729 1554 Vertretungen in Berlin, Chicago, Genf, London, Newyork, Paris, Rom, Stockholm.
297 1620 819 1700 Ausschnitt aus:
1026 1658 1375 1801 Die Welt am
302 1771 500 1843 vom:
563 1796 970 1899 21/41902
493 1965 1710 2043 physikus Dr. Klein mit einem Kriminalbeamten ins Haus. Der
487 2016 1707 2099 Herr Dr. Klein fand meine Angaben hinsichtlich der Erkrankung
494 2060 1714 2111 meines Kindes korrekt, erklärte dagegen, daß mein Zustand nicht
497 2105 1700 2166 besorgniserregend sei, und daß der Beamte seine Pflicht thun und
505 2148 1617 2203 mich ins Gefängnis abführen könne, was dann auch geschah.
579 2192 1693 2259 Wie sehr der Herr Kreisphysikus die Gefährlichkeit der
493 2239 1708 2302 Situation erkannte, bewies er dadurch, daß er zu meiner bei uns
500 2267 1701 2336 wohnenden Nichte in energischer Weise auf die Lebensgefahr hin¬
493 2315 1699 2377 wies, welcher sie sich unmittelbar in der Nähe dieser Krankheiten
505 2349 1700 2410 selbst aussetzte, und sie zu veranlassen suchte, den Seuchenort zu
510 2389 1707 2454 fliehen. Am Tage nach meiner Abführung erkrankte das zweite
498 2435 1705 2511 Kind an denselben Seuchen und gleich darauf auch mein tapferes
495 2467 1698 2540 Weib, das bis dahin sich aufrecht gehalten in Erfüllung ihrer
498 2505 1744 2584 heiligen, so schweren Pflicht, als man ihren Mann, ihrer natür¬
326 2543 439 2610 Für
495 2546 1695 2615 lichen Schützer und Helfer, ihr raubte. Die Meinigen sind sämt¬
498 2585 1688 2657 lich wieder genesen dank der umsichtigen und liebevollen Behand¬
501 2626 1697 2692 lung des Dr. Schimmelpfennig in Charlottenburg und dank jenem
499 2665 1684 2733 jungen Mädchen, das sich vom Herrn Kreisphysikus nicht ein¬
1700 2696 1792 2750 das
497 2710 1679 2767 schüchtern ließ, das den Tod nicht achtete, uns in treuer, nie er¬
1704 2742 1790 2797 den
498 2746 1678 2828 lahmender Pflege bei meinen kranken Kindern und meinem kranken
492 2784 1067 2840 Weibe bis zuletzt auszuharren.
333 2781 486 2847 Abonn
345 2824 493 2900 Abonn
576 2824 1676 2898 § 488 der Strafprozeßordnung sagt: Auf Antrag des Ver¬
1687 2859 1782 2926 die
470 2885 1689 2947 urteilten kann die Vollstreckung (der Strafe) aufgehoben werden,
495 2904 1184 2950 zu reisen Edienstein.“
1694 2906 1793 2950 en
346 2945 1753 3003 Inhalt die das Element nicht trifft, worauf die Gestalt der Christine be¬
496 2974 1791 3027 ruht, und die in die „Zärtlichkeit ohne Pathos“ allzu sentimental=lich
344 2996 495 3050 blät
506 3022 1794 3078 pathetische Töne hineinbringt. Sie hat dem Mädel, das in seines Mit
363 3040 490 3090 wodut
502 3058 1694 3104 Herzens Einfalt an der Wehmut zertretener Liebe stirbt, das Herz
364 3078 491 3127 Leber
488 3090 1693 3144 genommen und ihm einen Geist gegeben, dessen ganze umständliche
356 3115 483 3178 theilt
490 3132 1703 3196 Mühewaltung ein einziger naiver Naturlaut aufwöge. All jene
484 3170 1688 3218 durch Verstand nie erreichbaren Untertöne, die das stille Weben
475 3208 1689 3264 dieser zarten Brust charakterisiren müßten, werden so schmerzlich
478 3249 1685 3299 vermißt wie die Empfindung warmer Wohligkeit, die das weiche
489 3291 1681 3336 Geschöpf ausströmen soll. Das irre Lächeln, das diese Christine
480 3321 1689 3369 im dritten Akt kleidet, entstellt sie im ersten, und ihr hysterisches
477 3363 1688 3415 Weinen haben wir in der gleichen Melodie von Maria Magdalene
476 3404 1685 3463 gehört. Hier mehr oder minder feine Unterscheidungen instinktiv
481 3428 1699 3485 oder bewußt zu finden, ist eine der Hauptaufgaben des nachschaffen¬
486 3480 1697 3532 den Künstlers. Diese Schattirungkunst der Seelenmalerei hat
489 3530 1689 3571 Fräulein Triesch, nachgerade wird es klar, wenig ausgebildet, und
487 3559 1685 3610 so stellt sie wieder eine temperirte Wildkatze für das „süße Mädel“
476 3593 1696 3655 hin. Die Allüren einer robusteren wiener Pflanze trägt Fräulein
467 3637 1703 3691 Rauch flott zur Schau jaber nur äußerlich angeflogen erscheinen
2322 1046 2754 1125 Telephon 12801.
1949 1143 3170 1210 Alex. Weigl's Unternehmen für Zeitungs-Ausschnitte
2950 1203 3173 1262 Ausschnitt
2169 1231 2861 1346 „OBSERVER“
3004 1265 3240 1346 Nr. 63
1832 1329 3269 1408 I. österr. behördl. conc. Bureau für Zeitungsberichte u. Personalnachrichten
2065 1402 3065 1472 Wien, IX/I, Türkenstrasse 17.
2240 1469 2865 1551 - Filiale in Budapest: „Figyelö“.
1830 1550 3266 1606 Vertretungen in Berlin, Chicago, Genf, London, Newyork, Paris, Rom, Stockholm.
1823 1671 2374 1759 Ausschnitt aus:
2541 1696 3190 1891 Præsidente Dokang, Berlin
1827 1816 2441 1908 vom: 22/4,1902
2190 2083 2970 2211 Kunst und Wissenschaft.
2034 2217 3184 2264 Im Deutschen Theater ging am Sonnabend Arthur
1972 2248 3194 2302 Schnitzlers „Liebelei“ in neuer Einstudirung und in vor¬
1947 2294 3183 2361 züglicher Darstellung in Szene. Irene Triesch als Christine
1972 2326 3188 2383 gab das verliebte hingebende Mädchen anfangs vielleicht etwas zu
1971 2382 3196 2435 sentimental, sie wuchs aber zusehenos mit der Tragik ihrer Rolle.
1972 2409 3209 2458 Von erschütternder Leidenschaft und Naturwahrheit war ihr Spiel
1973 2440 3182 2502 bei der Nachricht vom Tode des Geliebten, der im Quell gefallen
1965 2475 3194 2546 Jenny Rauch als Mizzi war ein waschechtes, leichtlebiges,
1976 2529 3189 2581 temperamentvolles Wiener Madel. Oskar Sauer gab die un¬
1970 2573 3193 2624 heimliche Figur des betrogenen, Rache fordernden Ehemanns mit
1831 2597 1944 2662 Für
1969 2598 3218 2654 beißender Ironie und schneidendem Sarkasmus. Rudolf e
1969 2652 3195 2708 Rittner (Fritz Lobheimer), Hanns Fischer (Theodor
1967 2691 3186 2747 Kaiser) und Max Reinhardt (Hans Weiring) führten
2995 2713 3266 2775 Auf der is.
1864 2734 1912 2782 "
1985 2722 2926 2779 mit gewohnter Meisterschaft ihre Rollen durch.
1869 2768 1946 2826 „
1980 2773 3184 2825 gleichen Höhe stand die Darstellung der darauf folgenden
3198 2781 3285 2842 das
2151 2812 3182 2862 „Der grüne Kakadu“ von demselben Verfasser.
1981 2814 2154 2863 Groteske
3186 2837 3289 2894 den
1836 2840 3185 2892 Abonn Die Gesellschaft der heruntergekommenen Schauspieler, zu denen
1988 2880 3190 2947 sich ein überspannten Philosoph und ein fragwürdiger Dichter ge¬
1847 2887 1986 2949 Abonn
1990 2929 3192 2976 sellen, wurde außerordentlich echt in ihrer grotesken Komik und
2767 2952 3288 3020 Otto Sommer= die
1979 2960 2758 3010 ihrem verstiegenen Pathos dargestellt.
2964 2988 3277 3056 ein Gott en¬
1849 3005 2952 3057 Inhalt storff als Held der Truppe strahlte wie
2974 3033 3282 3090 Rudolf og�)
1848 3038 2977 3102 blät unter dem Lampengesindel der Schmierenkomödianten.
1848 3085 3281 3143 wodus Rittner gab den abgerissenen langsingernden „Strolch" ichs
1844 3128 3285 3174 Leben mit verblüffender Realistik in Spiel und Maske. Irene Mit¬
1985 3155 3182 3215 Triesch spielte mit Meisterschaft die Rolle der ungetreuen Gattin.
1835 3176 1984 3235 theilu
1984 3201 3190 3253 Auch die vornehme Gesellschaft der Herzöge. Grafen und Marquisen,
1992 3245 3187 3293 die in der Spelunke Prospères (Hanns Fischer) sich eingefunden
1988 3284 3191 3328 hat, wo die Schauspieler allabendlich ihre Zusammenkünfte haben,
1979 3303 3223 3366 wurde vorzüglich charakterisirt. Insbesondere war Rosa
1981 3337 3217 3429 Bertens als die sensationslüsterne, gefallsüchtige Marquise wie
1955 3402 2540 3476 immer echt und lebenswahr.
