3436 4352
1363 189 1906 304 box 34/6
949 195 1104 279 Kal
226 210 1297 325 7. Der gruene Rukadu
469 1525 1586 1630 „an maßgebender Stelle“, gewiß nicht mit fröhlichem
1604 1530 2711 1627 seinem Volke. Wohlgemerkt: wenn es an einem
2730 1537 3346 1630 nung tragen: breitere Fronte
465 1623 1583 1678 Herzen, zu den in Rede stehenden, in ihren Folgen
1599 1609 2710 1677 anderen Wege fehlt. Ist das nicht der Fall, und muß
2729 1624 3342 1686 Schützenlinien; Aufnahme des
462 1652 1577 1728 weittragenden Versuchen entschlossen hat, so geschah
1603 1666 2714 1731 eine bestimmte Aufgabe bedingungslos gelöst werden,
2720 1673 3326 1746 die mittleren Entfernungen,
464 1717 1588 1770 es nur auf Grund der im Burenkriege einwandfrei
1570 1691 2709 1777 dann giebt' es natürlich keinerlei Rücksichten für den
2713 1715 3347 1784 an, weil schon auf solche Ent
1610 1812 2721 1880 schimpfen. Otto Brahm aber könnte das geradezu
599 1817 1465 1897 Schnitzlers „Liebelei" und
2729 1820 3346 1884 süßer Rührung, wie sie edle
1608 1871 2704 1921 ehrenrührig finden, er könnte darob einen Beleidigungs¬
2736 1881 3353 1934 dieser edlen Herzen ist empör
709 1882 1322 1964 „Grüner Kakadu".
1595 1914 2706 1978 prozeßanhängig machen. Wie immer, verdient er auch für
2733 1924 3335 1988 der Wirklichkeitswelt auf ein
583 1939 1468 2047 Neuaufführung im Deutschen Theater.
1608 1974 2707 2031 diese Saison den Nichtentdeckungspreis. Paul Lindau hat
2731 1970 3340 2045 einem „fremden Herrn" in d
1606 2017 2702 2080 doch wenigstens ein jüngeres Talent den Berlinern
2730 2019 3350 2090 und sich ihm hingiebt, ohne
563 2015 1577 2102 Die Erde rüstet sich zur Hochzeitsfeier, zur Maien¬
1602 2073 2702 2137 vorgestellt, den Samosatanischen Lukian, der bloß
2732 2072 3358 2142 rechnen. Aber im Theater ri
484 2074 1584 2150 nacht. Ringsum jauchzt das Land in Knospen
1597 2117 2711 2175 1800 Jährchen warten musjte, um entdeckt zu werden.
2722 2111 3357 2184 Und auch dadurch erfreut diese
456 2134 1577 2208 und Liedern. Ueberall grünt es, blüht es und duftet
1605 2163 2705 2236 Den Trinmph jedoch, jetzt schon zum fünften oder
2734 2166 3358 2245 der vertrautesten Bühnenerschei
467 2192 1574 2249 es. Die ganze Welt wird neu... nur die Weltstadt
1599 2211 2710 2282 sechsten Mal genau dasselbe Häuschen Premieren¬
2729 2215 3355 2273 en miniature. Man bleibt ga
456 2225 1577 2303 macht nicht mit. Auch in ihre Winkel dringt der
1606 2262 2705 2329 dichter in genau derselben Reihe vorzuführen, den
2725 2263 3355 2327 pfindungsgebiet. Und daß det
464 2286 1575 2361 Frühlingshauch, aber seine Kraft versagt an Ministerial¬
1607 2316 2711 2391 läßt Otto Brahm von keinem andern sich be¬
2734 2310 3336 2386 alles andere als ein Faust i
469 2326 1590 2393 gebäuden, Anschlagssäulen und Asphalt. Für die
1613 2352 2713 2430 streiten. Hauptmann, Sudermann, Schnitzler, Dreyer,
2731 2363 3344 2430 Wert. Er fordert geistig und
458 2382 1586 2454 Weltstadt bedeutet der Frühling nur: es staubt, es
1604 2412 2707 2488 Hirschfeld. Rien va plus. Es steckt ein großer Zug in
2720 2405 3352 2499 Anstrengung, dieser liebe, böse
469 2426 1575 2490 stinkt und — es gastet. Das Gasten ist die Er¬
1606 2453 2713 2521 dieser Selbstbeschränkung, in dieser eisernen Beharrung.
468 2474 1575 2549 scheinung, in der das Theater seine Frühlings
1597 2508 2707 2569 Sie hat unbedingt etwas Spartanisches. Eine gewisse
463 2527 1581 2581 gefühle äußert. Einzeln oder truppweise pilgern von
1596 2556 2710 2627 Aehnlichkeit zwischen Leonidas und Otto Brahm ist
2763 2529 3358 2631 Irene Triesch giebt die Chri
455 2576 1576 2643 allen Seiten Gäste herbei, um bei der Auskehr der
1600 2608 2711 2673 unverkennbar. Hundert Talente drängen sich sehnsüchtig
2722 2605 3360 2687 Künstlerinnen, die nicht dick we
456 2623 1577 2696 Saison einzuheimsen, was noch an Resten von Gunst
1605 2657 2712 2725 vor den heiligen Pforten des Deutschen Theaters.
2724 2660 3359 2724 besagen für den, der im Laufe
469 2676 1590 2742 und Geld zu erhaschen ist. Und nicht nur die Mimen
1598 2703 2708 2764 Brahm aber stirbt lieber an der Seite seines Georg
2719 2703 3357 2772 linge des Publikums aus den
2721 2744 3390 2827 liche, aus der Grazie zur Putte
1598 2756 2705 2835 Hirschfeld, als daß er mit einem Neuling lebt und
452 2777 1577 2834 wagen noch einmal sich ans Rampenlicht und erinnern
1605 2801 1735 2873 siegt.
2731 2797 3372 2876 wachsen sehen. Die Gunst des
455 2819 1576 2879 durch ein kurzes Gastspiel an ihre Existenz. Wie die
2730 2859 3336 2926 diese Wirkung hat künstlerisch
465 2868 1583 2948 Erstaufführung den Anfang, so beherrscht die Neu¬
1626 2872 2712 2967 Nur nichts Neues, nur kein Wagnis, nür keinen
2719 2906 3364 2964 der Mime oder die Mimin de
463 2920 1573 2983 aufführung das Ende der Saison. Dank diesem
1589 2925 2703 3011 Kampf. Lieber nochmals Sudermann und nochnals
2721 2957 3362 3018 umfang allzu sehr überschreitet, s
468 2969 1571 3034 ehernen Kulturgesetz haben wir das Vergnügen, heuer
1598 2999 2712 3073 Schnitzler und zum dritten Male Schnitzler, als ein
2715 3013 3364 3059 und da das auf die Dauer
454 3010 1590 3088 wieder einmal Schnitzlers Christine sterben und
1590 3048 2704 3114 Ritt ins Unbekannte, als ein Ringen mit dem Publikum
2719 3056 3364 3119 Herzens zu einer anderen Beschä
456 3061 1205 3154 Schnitzlers Henri morden zu sehen.
1592 3099 2692 3149 um neue Ziele, neue Menschen. Schnitzlers „Liebelei“
2722 3098 3371 3166 einem Dichter oder Denker kon
1596 3146 2707 3214 ist eine sichere, ganz sichere Sache, zu riskieren ist
2717 3146 3373 3221 nicht an, aber bei Bühnenersche
508 3167 1594 3239 All unsere Bühnenleiter, einer wie der andere, dürften
1583 3194 2711 3262 damit nichts. Der erste Akt hat seine Reize für den
2721 3200 3363 3275 zusatz verhängnisvoll wirken.
469 3227 3370 3335 sich ehrlich entrüsten, wollte sie jemand Talentenmeldeter östherrischen Menschen, die anderen leiden Mte sind voll nennen, unterlasse es aber,
