3344 4352
1157 107 1989 162 10. Im Deutschen Ayrater gelangte mit
1052 149 2259 202 Abend Arthur Schnitzlers Schauspiel „Liebelei“ und des¬
1044 203 2260 245 selben Verfassers Groteske „Der grüne Kakadu" neu-
1048 230 2268 293 einstudirt und theilweise neu besetzt zur Aufführung. Beide
1048 273 2270 329 Stücke, ganz besonders das erstere, das durch die Mitwirkung
2166 324 2264 375 ge-
1037 319 2173 374 von Irene Triesch als Christine erhöhtes Interesse
1047 361 2260 412 wonnen hatte, wurden glänzend gespielt. Die Christine hat
1041 406 2272 456 man hier oft von der Sorma gesehen, und ihre Leistung galt
1056 457 2272 513 hier für unübertrefflich. Auswärts war man anderer Mei¬
1055 509 2268 548 nung. In Frankfurt a. M. zum Beispiel und auch in anderen
1051 551 2278 594 Städten stellte man die Christine der Triesch über die der
1051 558 2280 643 Sorma. Hier regt man sich über einzelne Leistungen nicht
1053 622 2270 684 auf, und es war vorauszusehen, daß es zu einem Kampf der
1048 672 2275 735 Meinungen nicht kommen werde, aber eine gewisse Spannung
2291 679 2494 755 inclusive
1051 710 2273 768 war doch unverkennbar im Zuschauerraum vorhanden.
2314 736 2466 784 Porto.
1054 764 2274 823 Wer die Bessere sei wurde nicht diskutirt aber
2296 769 2473 829 Zahlbar
1047 797 2500 859 der Umstand, daß Fräulein Triesch unter der Er= in Voraus.
1044 838 2273 902 innerung an ihre beruhmte Vorgängerin nicht zu leiden
2280 855 2515 938 tte ist das
1046 884 2273 950 hatte, und man, so lange sie auf der Bühne stand, an dieselbe
2278 921 2518 982 teht es den
1053 952 2273 988 garnicht dachte, spricht am beredtesten zu ihren Gunsten. Ihre
2279 959 2388 1014 dern.
1049 981 2270 1032 Christine ist verkörperte Natur. Mit wunderbarer Feinheit
1047 1013 2500 1094 und Vertiefung gestaltet sie den Charakter. Jedes Wort, jeder haltend die
1052 1064 2498 1125 Blick, jede Bewegung ist lebenswahr und entspricht dem Bilde Morgen¬
1052 1107 2502 1172 dieses süßen, lieben Wiener Mädels, dessen erste Liebe auch Zeitung“)
1048 1174 2498 1220 seine letzte ist, und das von Anfang an ahnt, daß es an dieser ischaftliche
1054 1195 2511 1239 Liebe zu Grunde gehen werde. Richtig und fein empfunden Diese Mit¬
1059 1241 2284 1295 ist gleich ihr erstes Auftreten, wo sie etwas scheu und zaghaft
1060 1290 2278 1340 in das Zimmer ihres Geliebten tritt, um erst nach und nach
1061 1319 2279 1387 ruhigere Sicherheit zu finden. Und wie hier ihr Spiel,
1054 1368 2286 1437 selbst auf Kosten des äußeren Effekts, ganz von Natur erfüllt
1145 1409 2282 1479 so bleibt es auch im Verlaufe des ganzen Abends. In
1113 1442 1151 1484 ,
1058 1463 2284 1513 ihrer Darstellung empfand man auch weniger die unwahre
1052 1508 2290 1565 Schlußszene. So bedeutend sich auch die „Liebelei“ über die
1056 1542 2289 1605 meisten Erzeugnisse der letzten zehn Jahre erhebt, und so hoch
1060 1587 2287 1654 ich den Verfasser schätze, diese Schlutzszene, in der Christine sich
1061 1649 2293 1710 selbst untreu wird und äußerer cheatralischer Wirkungen halber
1053 1686 2296 1758 plötzlich ungerechte und phrasenhafte Beschuldigungen gegen
1055 1723 2286 1801 den Geliebten erhebt, verleidet mir das ganze Stück. Irene
1062 1772 2291 1830 Triesch, die die Christine zu erleben schien, verbesserte hier,
1061 1813 2288 1875 unbewußt vielleicht, den Dichter, im Gegensatz zu den meisten Dar¬
1059 1855 2292 1918 stellerinnen, die seine Fehler noch dick unterstreichen, damit ihnen
1051 1905 2287 1956 die Gelegenheit, sich auch als Tragödinnen großen Stils zu zeigen,
1056 1959 2290 2006 nicht entgehe. Ein seiner Zug ihrer Darstellung ist es auch,
1067 1992 2289 2056 daß sie den Dialekt nur andeutete. Besonders hier fiel es an¬
1058 2035 2292 2090 aenehm auf, wo Herr Rittner als Fritz gar keinen Wiener
1056 2090 2287 2139 Dialekt sprach. Der Künstler, der auch früher die Rolle inne
1060 2115 2294 2194 hatte, spielt dieselbe ganz meisterhaft. Das Zusammenspiel
1067 2183 2292 2231 dieser Beiden ist wirklich mustergültig. Frisch, lebendig und
1064 2214 2289 2268 durchaus charakteristisch war auch das zweite Liebespaar durch
1061 2263 2288 2325 Herrn Fischer und Frl. Rauch vertreten. Herr Fischer hat
1063 2304 2296 2357 sich wieder als ein fabelhaft vielseitiger Schauspieler bewährt,
1061 2345 2292 2407 Frl. Rauch als ein versprechendes Talent eingeführt,
1062 2410 2293 2456 von der noch viel Gutes zu erwarten ist, obgleich
1070 2438 2297 2500 sie noch Manches zu lernen und Manches zu ver¬
1067 2484 2296 2544 lernen hat. Eine prächtige Gestalt schuf Herr Reinhardt
1074 2524 2296 2587 als Vater Christines. Auch Frau v. Poellnitz war als
1076 2580 2299 2632 Frau Binder vorzüglich. Daß sie berlinerisch statt wienerisch
1073 2615 2292 2675 sprach, störte nicht einmal, vielleicht weil sie garnicht erst den
1071 2653 2298 2715 Versuch dazu machte. Nicht an richtiger Stelle war Herr
1079 2706 2297 2761 Sauer als „Ein Herr". Dieser sonst so natürliche Schau¬
1070 2749 2299 2804 spieler kam in dieser kleinen Rolle aus hohler Theatralik nicht
1072 2799 2302 2843 heraus. Das Publikum, das mit innigster Antheilnahme dem
1072 2838 2294 2897 Gang der Handlung folgte, spendete starken, lang anhaltenden
1073 2881 2301 2943 Beifall. Besonders kräftig war der Beifall nach dem
1066 2927 1341 2997 zweiten Akt.
1171 2960 2300 3025 „Der grüne Kakadu", der zu den best inszenirten
1072 3020 2297 3075 Stücken des Deutschen Theaters gehört, erweckte dieses Mal
1077 3062 2296 3115 weniger Beifall als bei der Erstaufführung. Das Tempo
1067 3097 2290 3155 war etwas schleppender als damals. Den Schauspieler Henri
1080 3153 2287 3210 gab Herr Sommerstorff, nicht mit der hinreißenden Kraft
1076 3196 2296 3244 von Kainz und lange nicht so wirksam wie dieser, aber viel
1081 3242 2295 3289 leicht wahrer im Sinne der Dichtung. Kainz sprach die Er
1077 3273 2299 3356 zählung von der Ermordung des Herzogs von Cadignan, als
1075 3337 2309 3384 ob es thatsächlich geschehen sei, man vergaß darüber
1079 3368 2286 3420 den Schauspieler. Sommerstorff charakterisirte auch in
1074 3404 2303 3464 dieser Stelle den Schmierenschauspieler. Die übrigen
1085 3451 2307 3510 Schauspieler, die die Verbrecher spielen, waren zumeist
1086 3499 2304 3560 in der alten Besetzung geblieben. Neu war Frau
1070 3550 2311 3609 Bertens als Marquise. Das Frivole, Lasterhafte und die
1070 3598 2306 3645 Lust, sich selbst an einem Morde zu erfreuen, wenn es die
1074 3651 2302 3698 Nerven nur angenehm aufregt, all diese Züge und auch das
1076 3668 2300 3742 Liebenswürdige, das wie ein versöhnender Schleier über der
1087 3729 2307 3784 Figur liegt, kamen in ihrer Darstellung außerordentlich wirkungs¬
1077 3765 2306 3805 voll zur Geltung. Der Leocadie, die ehemals Frau Reisen¬
1082 3805 2315 3867 hofer prächtig gab, blieb Frl. Triesch ebenfalls nichts
1085 3852 2292 3918 schuldig. Sehr nett war Herr Wahlsdorf als der „schon"
1081 3897 2299 3954 17 jährige Chevalier. Die Herren Fischer als Wirth und
1078 3931 2305 3985 Rittner als Strolch sind in ihren Rollen bekannt. Beide
1075 3991 2298 4047 spielten trefflich. Herr Fischer könnte aber ruhig etwas stärker
1086 4022 2313 4087 auftragen und Herr Rittner es etwas weniger thun. Von
1083 4072 2308 4132 imponirender Wirkung war wieder die Schlußszene, in der der
1085 4120 1990 4193 Beginn der Revolution zum Ausdruck kommt.
2275 4115 2340 4191 L
