3344 4320
59 279 151 356 9.
831 271 1289 361 box 34/8
314 284 649 349 teratur
230 295 274 349 1
161 343 691 383 —
895 937 1287 1021 Telephon 12801.
159 1048 224 1125 6
225 1101 1261 1214 Wlds WerrereTarsretan
234 1193 1292 1277 I. österr. behördl. konz. Unternehmen für Zeitungs-Ausschnitte
167 1223 226 1264 O
169 1260 234 1311 70
323 1265 1200 1346 Wien, I., Concordiaplatz 4.
552 1319 991 1399 Vertretungen
224 1363 1303 1446 in Berlin, Budapest, Chicago, Christiania, Genf, Kopen¬
225 1422 1302 1490 hagen, London, Madrid, Mailand, Minncapolis, New-Vork,
155 1441 223 1497 713
255 1459 1275 1523 Paris, Rom, San Francisco, Stockholm, St. Petersburg.
561 1505 961 1566 (Quellenangabe ohne Gewähr.)
164 1522 230 1568 00
928 1534 990 1604 —
165 1560 233 1613 —
221 1542 1383 1638 Ausschnitt aus: DRESDNE SURNA
167 1605 214 1663 8
169 1641 236 1684 155
150 1629 650 1754 E vom: 10M0l 190
220 1753 1355 1815 Königl. Schauspielhaus. (Einakterabend.) Von
133 1812 1344 1867 den drei Einaktern, die am vergangenen Mittwoch aufgeführt
138 1853 1339 1900 wurden, „Herbst“ von Walter Schmidt=Häßler, „Lite¬
135 1900 1268 1972 ratur“ und „Der Puppenspieler“ von Arthux Schnit
141 1934 1336 1991 ler, ist nur der zuletztgenannte für Dresden neu. Der begärte
142 1986 1332 2027 Wiener Dichter formt auch in diesem neuen Einakter wieder
145 2031 1329 2088 mit geschickter Hand einen fesselnden Stoff, ja, soweit die scharfe
136 2075 1332 2114 Beobachtung der Menschenseele in Frage kommt und soweit es
145 2115 1330 2173 sich um die Wiedergabe eines bestimmten Milieus handelt, kann
149 2158 1336 2209 das Werkchen den besten Schnitzlerschen Einakterdramen an die
137 2202 1327 2257 Seite gestellt werden. Nur eines fehlt ihm zu vollerer Bühnen¬
143 2247 1333 2294 wirkung: dramatische Kraft. Und doch bot sich dem Dichter
134 2295 1334 2351 gerade in der Idee zu diesem Drama ein Vorwurf, der wert
136 2328 1329 2393 gewesen wäre, statt mit tändelnder Hand, wie sie Schnitzler
150 2384 1346 2450 liebt, mit ernster, starker, fortreißender Kraft angefaßt zu werden,
133 2445 1319 2549 selbst um den Preis eines vielleicht düsteren, tragischen Aus¬
132 2510 1311 2594 gangs der Handlung. Der Held des Stückes ist ein Mann,
123 2557 1314 2621 auf den die Welt einstmals Hoffnungen als Künstler setzte;
131 2600 1319 2675 sein kraftgenialisches Wesen ließ ihn jedoch zu keiner
133 2639 1315 2721 inneren Sammlung kommen, seine Talente sanken zur Kaffee¬
129 2673 1324 2758 hausgenialität herab aus einem Künstler wurde er ein
137 2725 1320 2811 Kunstzigeuner. Dieser Mann liebte es einst, mit seinen
126 2769 1326 2845 Gefährten wie mit Puppen zu spielen; so ward er ungewollt
135 2804 1317 2899 zum Verknüpfer von zwei Menschen, die ihn, jeder in
145 2869 1308 2943 seiner Weise, liebten, mit deren Schicksal er jedoch Spott und
136 2904 1313 2978 Spiel trieb. Nach zehn Jahren sieht er sie wieder; sein freoles
135 2937 1327 3020 Spiel hat zum Glück der Beiden geführt; in enger
137 2983 1323 3081 aber friedvoller Gemeinschaft leben sie, während er friedlos die
139 3051 1329 3114 Lande durchzieht. In anderem Sinne ist er jetzt eine Puppe,
134 3075 1327 3156 mit der das Schicksal spielt. Leider geht Schnitzler in der
134 3135 1332 3197 Charakterisierung seines Helden nicht über die Charakteristik
140 3169 1331 3231 eines Kunstzigeuners hinaus; er nimmt seiner Gestalt die
150 3208 1326 3287 tiefere, nachwirkende Teilnahme des Zuschauers, weil er ihr statt
153 3255 1335 3332 einer tragisch gearteten eine tragi=komische, ja mehr noch,
818 3293 1335 3364 Hierdurch verliert selbst
144 3323 800 3380 eine tragi=groteske Linie gibt.
153 3346 1331 3419 der feinpoetische Schluß, den Schnitzler seinem Werke verleiht,
157 3395 1321 3470 viel von der Wirkung, die er haben würde, wenn der
147 3429 1329 3503 Dichter der Gestalt seines Helden größere, dramatischere Linien
162 3477 1323 3556 gegeben hätte. Anerkannt an dem Werkchen darf insbesondere
164 3516 1322 3598 die zarte Stimmung werden, in die es getaucht ist, der feine poetische
158 3562 1331 3642 Reiz, der über dem Milieu der Dichtung liegt. Die Darstellung
161 3610 1333 3685 der Titelrolle durch Hrn. Mehnert war ausgezeichnet; dem
161 3667 1345 3722 Spiele des Hrn. Wierth hätte etwas mehr Kraft, dem
161 3692 1344 3770 des Frl. Verden mehr Frische und innere Anteilnahme
169 3760 1334 3818 an den Vorgängen eignen können. In dem Schmidt=Häßler¬
165 3770 1339 3860 schen Einakter zeichnete sich Hr. Müller, in der ergötzlichen
177 3844 1357 3911 Satire „Literatur“, Frl. Serda und mit ihr Hr. Rens- durch
1090 3872 1326 3942 W., Dgs.
172 3884 758 3975 vortrefflich belebtes Spiel aus.
253 3955 393 4005 „
2467 354 2860 439 Telephon 12801.
1733 514 2839 630 : Mbe Werenn
1729 604 2857 696 O l. österr. behördl. konz. Unternehmen für Zeitungs-Ausschnitte
1752 669 1799 715 7
1891 666 2768 759 Wien, I., Concordiaplatz 4.
2113 737 2535 810 Vertretungen
1748 801 2851 853 O in Berlin, Budapest, Chicago, Christiania, Genf, Kopen¬
1720 833 2859 902 hagen, London, Madrid, Mailand, Minneapolis, New-Vork,
1827 870 2838 934 Paris, Rom, San Francisco, Stockholm, St. Petersburg.
2145 921 2517 982 (Quellenangabe ohne Gowähr.)
1726 971 2203 1045 * Ausschnitt aus:
1975 1013 2248 1095 10 MA1 190
1724 1045 1807 1091 130
2019 1010 2909 1182 bagampien ANzgieen
1718 1087 1953 1151 E vom:
1721 1132 1831 1199 P
1794 1163 2885 1243 * Ein Einakterabend im Kgl. Schauspielhaus. Drei Stücke,
1709 1207 2875 1282 die zwar der Zufall zu einander geführt, die aber außerordent¬
1723 1263 2872 1337 flich gut zusammen passen: zwei von ihnen auf Resignation und
1718 1308 2876 1378 kstille Trauer gestimmt, mit leisen behutsamen Schritten, mit
1718 1343 2887 1406 jnovellistischen Mitteln über das nie ausgeschöpfte Thema von
1714 1403 2885 1460 Menschenschicksal und einsamen Tod dahingleitend, zwei Stücke
1711 1431 2890 1500 lin Pianissimo; das dritte übermütig, herausfordernd satirisch,
1701 1476 2879 1549 das Menschenschicksal karitierend, ein Stück in Allegro con brio.
1721 1518 2883 1580 Gute literarische Arbeiten, feine Züge, ungewöhnliche Sorgfalt
1710 1575 2873 1633 in Erzeugung von Stimmungen, aber fühlbar nur Kunst= und
1718 1617 2884 1658 Kulturwerke, aus der Reflexion, nicht aus dem Leben geboren.
1722 1652 2882 1713 Die drei Einakter, von denen hier die Rede ist, sind Herbst von
1719 1690 2880 1764 Walter Schmidt=Häßler und Der Puppenspieler und
1713 1739 2872 1792 Literatur von Arthur Schnitzler. In allen dreien, in
1711 1780 2262 1843 Literatur vielleicht noch an
2385 1786 2889 1852 hat man den Eindruck,
1709 1837 2892 1873 daß die Stücke mehr fürs Lesen als fürs Sehen, mehr für das
1711 1860 2908 1945 Buch als für das Theater geeignet sind. Herbst von Schmidt¬
1695 1927 2881 1980 Wäßler ist ein Seelengemälde, ein rückwärts gewandter biogra¬
1718 1953 2882 2026 shisch=novellistischer Versuch. Langsam, ja zögernd geht die Hand¬
1723 1984 2882 2060 fung vor sich. Zwei Personen, ein Graf und Freund Hein, — der#
1721 2045 2871 2103 Tod, nur in modernem Salonrock statt mit Stundenglas und
1712 2091 2895 2138 Hippe — stehen lange, mancher wird sagen allzu lange, einander#
1722 2131 2882 2206 gegenüber und sagen sich etwas. Und wenn sie sich nichts mehr
1720 2175 2868 2233 zu sagen haben, fällt der Vorhang. Aus üblichen Novellenmitteln
1705 2219 2870 2295 stammen die künstlich hervorgerufenen Stimmungen: die Blätter
1701 2267 2870 2334 fallen vom Baum, der Wind treibt sie wirbelnd gegen das Fenster,
1711 2304 2882 2375 Herbstnebel steigen, aus vergilbten Papieren rauschen Gestalten¬
1706 2345 2871 2414 der Vergangenheit heran. Das Ganze liebenswürdig, melancho¬
1702 2387 2867 2450 lisch, ein Werk der Dämmerstunde, nur leider ein Werk ohne inne##
1693 2431 2872 2504 Notwendigkeit, ein Werk, von Trivialität umwittert. Das Stückt
1701 2482 2870 2536 spreizt sich vie zu sehr: den gräflichen Durchschnittsmenschen
1705 2527 2868 2568 skönnte Freu Sein ohne viel Umstände und ohne Gedicht¬
1697 2561 2009 2624 zdeklamation aus
2077 2573 2861 2632 gewöhnlichen Geschäftsweg zur letzten Ruh¬
1712 2601 1993 2659 statt holen. H##
2084 2608 2869 2670 iele hat sich Arthur Schnitzler im Puppen=
1709 2654 2010 2704 spieler geste
2051 2657 2863 2723 Zwei Themen sind miteinander verbunden:
2778 2703 2848 2733 W.
1708 2684 2865 2745 Das Thema ##n dem genialen Künstler, den es in der Fuue¬
1703 2743 2870 2801 innerer Gesichte anekelt, nur unvollkommen das wiederzugeben,
1714 2783 2876 2850 was in ihm glühend lebt und der daher auf künstlerisches Schaffen
1696 2831 2870 2886 überhaupt verzichtet, und das in Ibsens späten Werken so ofts
1702 2866 2870 2944 behandelte Thema von der Willensübertragung. Das zweite
1696 2910 2853 2960 Thenka ist unstreitig interessanter als das erste durchgeführt. Ein
1693 2952 2860 3016 Mann, der in eingebildetem oder wirklichem überlegenheitsgefühl
1708 2994 2857 3058 durch seine Willenskraft mit den anderen Menschen wie mitt
1705 3033 2861 3083 Puppen glaubt spielen zu können, muß einsehen, daß er in einem
1711 3074 2865 3139 psychologisch wichtigen Fall getäuscht worden ist und daß man
1704 3128 2866 3194 dabei mit ihm gespielt hat. Das Problem ist fesselnd; nur hat
1700 3172 2860 3218 der Dichter das Thema schließlich in zu weichlicher Art durch¬
1704 3211 2858 3290 geführt, statt in Hebbels und Ibsens Geist dem Schmerz sein Recht
1711 3301 2864 3360 zu geben und vor allem die Tragikomik des vernichteten Geistes¬
1718 3339 2870 3405 titanen fühlen zu lassen. Charakteristik, Ausdruck und Gedanken
1727 3379 2869 3433 stehen höher als bei Schmidt=Häßler. Endlich ist über Litera¬
1715 3425 2865 3482 tur von Arthur Schnitzler zu sagen, daß es nicht bloß das be¬
1724 3464 2873 3525 kannteste, sondern auch das beste und lebendigste dieser drei
1718 3513 2874 3563 kleinen Werke ist. Das Publikum ward von allen drei Stücken
1706 3533 2871 3613 angeregt. Dargestellt wurde das erste Werk von Herrn Müller,
1710 3591 2855 3650 Herrn Wierth, Frl. Werner, Herrn Froböse und Herrn Huff;
1706 3633 2863 3697 typische Aufgabe und typische Leistungen, nur Herr Froböse als in
1722 3679 2873 3735 höherem Auftrag reisender Tod war zu geziert. Ein schau¬
1727 3717 2867 3771 spielerischer Versuch war die Besetzung des zweiten Stücks: Herr
1720 3769 2880 3828 Wierth und Frl. Verden gingen indessen in ihren Leistungen nicht
1722 3810 2866 3854 über das Konventionelle hinaus. Eindrucksvoll war dagegen Herr
1723 3854 2867 3908 Mehnert als Georg Merekin. In Literatur sind Herr René,
1718 3893 2871 3941 namentlich aber Frl. Serda ausgezeichnet; Herr Tiller vertraute
1718 3945 2872 3996 zuviel dem Wiener Dialekt, den er sehr gut beherrscht, war aber
1718 3982 2871 4019 nicht eigentlich komisch, und nahm dem Stück damit zum Teil das
1711 4017 2871 4091 Ziel, nach dem die Pfeile der Satire des Dichters fliegen. F. K.
2860 2572 2934 2641 00
