3344 4256
132 225 757 317 —
914 210 1372 293 box 34/8
2232 278 2401 337 1
2085 385 2151 448 6
2033 558 2185 657 1(
2266 896 2430 1011 #7
2095 1040 2512 1107 Ernst v. Dohnang.
1981 1110 2670 1172 Efter at Folk havde moret sig —
1910 1156 2707 1211 behersket — med de to Schnitzlerske
1915 1190 2709 1274 Enakter, kom Turen til „Pierretter“
1921 1246 2709 1330 Sler“ den Schnitzlerske Pantomime,
1928 1315 2710 1367 som er en gammel Kending paa det,
1921 1358 2189 1419 kel. Teater.
1982 1412 2703 1473 I Gaar Aftes blev den delvis ny
1929 1456 2255 1515 for vore Oren.
1977 1497 2671 1568 Det begyndte med, at en bleg o
1919 1559 2701 1618 mager lille Mand — en Yngling at se
1929 1599 2705 1665 til, moget henimod en teologisk Stu¬
1927 1646 2713 1722 dent, glathaaret, med bart Ansigt og
1933 1702 2713 1764 skarpe Trek — besteg Dirigentplad¬
1928 1751 2712 1803 sen. Og de, der kendte Ernst von
1928 1795 2704 1866 Dohnang fra tidligere Besgg, klap¬
1924 1833 2713 1909 pede, og han bukkede, mens de andre
1929 1897 2719 1973 sagde til sig selv: Herregud det lille
1929 1948 2708 2009 Menneske, han er jo kun halv saa stor
1933 2001 2232 2071 som Hgeberg.
1984 2045 2708 2116 Hvor dygtig han var som Musiker
1921 2095 2710 2159 og Dirigent, larte man snart. Han,
1926 2148 2702 2213 der har skrevet denne livfulde, talen¬
1925 2198 2713 2256 de Musik, er naturligvis den, der
1930 2255 2705 2306 bedst kan dirigere den, saaledes at
1927 2295 2702 2361 hvert af dens tallese, fine og ud¬
1927 2348 2718 2420 tryksfulde Vendinger kommer frem.
1929 2402 2703 2470 Helt ny blev Musiken dog ferst, da
1928 2436 2713 2504 man naaede til Forspillet til andet
1940 2495 2704 2560 „Billede“ — den store Vals — da
1924 2536 2716 2602 reiste Folk sig et Stykke i Saderne og
1919 2591 2702 2661 gned Ojnene. Var det det kgl. Teater
1933 2642 2715 2711 og (Kapel? Saaledes kan man altsaa
1933 2685 2708 2756 spille den Vals, naar den rette Trold¬
1936 2728 2713 2801 mand faar Taktstokken i Haanden.
1997 2787 2719 2856 Man glemte nesten at folge med,
1924 2843 2709 2906 hvad der foregik paa Scenen — uagtet
1937 2894 2708 2948 man der havde den nydelige Iscene¬
1931 2938 2718 3013 seettelse af 2den Akt og Johannes
1934 2981 2714 3058 Poulsens mesterlige Djevel af en nar¬
1931 3042 2709 3106 ret Brudgom at fryde sig over. Og saa
1935 3095 2707 3147 en Gest, Wienerskuespillerinden Elsa
1935 3131 2718 3208 Galafrés, der indtog Hjerterne ved sit
1949 3185 2709 3244 smukke Ansigt med de store udtryks¬
1937 3218 2711 3295 fulde Ojne og ved sit fint udarbejdede
1945 3298 2274 3356 naturlige Spil.
1984 3326 2709 3396 Naturligvis blev Wienerfruen kaldt
1937 3390 2716 3445 frem; men Dohnanyi vilde man dog
1944 3433 2708 3495 ferst og fremmest hilse paa. Det skete.
1944 3492 2705 3555 Den lille magre, beskedne Mand buk¬
1940 3531 2714 3605 kede fra Dirigentstolen. Saaledes
1940 3586 2705 3652 endte Aftnen under almindelig Op¬
1947 3635 2716 3702 remthed, og ned ad Trapperne led det:
1940 3690 2708 3757 „Hvor den Mand kan dirigere“
1950 3732 2708 3807 eller „Tenk, at det kgl. Kapel kan
1938 3787 2712 3839 spille saaledes“.. og „Den Fyr skul¬
1945 3838 2716 3896 de da en Aften give Taktpinden til
1942 3882 2716 3954 „Tristan““ Ogsaa det sidste lod sig
1946 3931 2708 3995 here. — Forelgbig dirigerer Dohnanyi
1955 3991 2628 4056 sin Pantomime igen paa Onsdag.
2517 4036 2654 4106 U. S.
