3344 4352
169 287 772 339 —
883 231 1317 320 box 34/8
1842 231 2438 308 Theater und Alufik
1779 305 2493 363 Arthur Schnitzler: Drei Einakter
1702 351 2596 393 Von Goktfried Kellers Muse hat irgendwer einmal
1687 388 2594 435 gesagt, sie sei ein hübsches und dralles Bauernmädchen
1695 428 2608 468 gewesen, das der Dichter gern zuweilen auf den Schoßz
1687 451 2609 500 genommen und in die Backen gekniffen habe: und von
1685 499 2606 536 der Muse Wilhelm Raabes dürfte man mit Fug sagen,
1694 530 2617 566 es sei ein genz lichtblondes Wesen, dem der Dichter zu¬
1692 565 2612 600 weilen gas tief in die blauen Augen geschaut habe. Solche
1686 591 2614 637 Verkildlichungen und Verleibungen rein geistiger Vor¬
1693 623 2617 671 gänge mögen manchem ein wenig geschmacklos vor¬
1692 658 2619 704 kommen; aber es ist ganz reizvoll, nach der Regeldetri
1691 694 2613 746 Arthur Schnitztlers Muse zu errechnen, dessen 60. Ge¬
1697 728 2616 775 burtstag das Schauspielhaus gestern mit der Auf¬
1693 768 2613 812 führung dreier Einakter beging. Auf den ersten Blick
1695 806 2620 851 scheint diese Muse ein zieres Wiener Madel zu sein,
1695 827 2622 877 wie man sichs aus der Ferne wohl vorstellt; schaut
1699 865 2620 913 man näher zu, hat sie einen Stich ins Kesse und
1707 908 2611 951 Parsümierte; und tritt man ganz nahe heran, ist's
1706 944 2617 985 ihr eigner Schatten, ein Großstadtkind mit verlebten
1693 977 2619 1018 Zügen. „Literatur": ein reizender und seinge¬
1699 1005 2622 1055 wobener Scherz, wenn man sich einmal auf den
1705 1036 2625 1084 Standpunkt stellt, solcherlei Dinge seien des Ver¬
1698 1068 2626 1133 dichtens wert; „Abschiedesouper“; ein hübsch
1700 1124 2625 1159 dargestollter Vorgang wenn man schon einmal
1699 1144 2631 1195 lebensernste Dinge in sebernden Gesprächen erledigen
1700 1180 2633 1229 will. Die einzige tiefere Berechtigung wärfs, wenn
1699 1212 2620 1271 diese Stücke als Satiren erkenntlich wären; aber das
1714 1245 2625 1303 sind sie nicht ausschließlich genug, um nicht davon zu
1706 1278 2627 1334 überzeugen, daß Schnitzler selbst von dieser müden
1701 1315 2628 1382 Lebenshaltung angefressen sei, kein Weltverdichter, ein
1697 1362 1987 1417 Halbweltdichter.
1736 1368 2615 1439 Wie sehr er das ist, beweist seine „Groteske“ Der
1703 1416 2631 1476 grüne Kakadu, ein Stück aus der französischen
1703 1444 2633 1508 Revolution. Wie Schnitzler da in dem Gasthaus des
1714 1495 2639 1545 ehemaligen Theaterdirektors Prospere seine Schauspieler¬
1715 1528 2634 1580 truppe allabendlich auftreten läßt mit mimischen Vor¬
1719 1549 2627 1611 führungen von Verbrechen und Gruseltaten, die in
1706 1592 2645 1643 Wahrheit ihm ermöglichen, in seinem Haus die Treiber
1709 1621 2632 1684 der Revolution zu versammeln; wie in demselben Raum
1713 1652 2638 1711 die Aristokraten zusammenkommen und sich dieser
1721 1688 2632 1746 Ernsthaftigkeiten freuen, weil sie sie als Späße, als
1723 1726 2630 1778 Nervenreiz, ansehen; wie der Schauspieler Henri in
1710 1761 2633 1825 den Saal stürzt und gesteht, daß er seine ihm eben
1714 1787 2645 1844 angetraute Frau Léocadie in den Armen des Herzogs
1723 1831 2631 1876 von Cadigman angetroffen und ihn ermordet habe; wie
1706 1857 2641 1910 da keiner weiß, ob das Verstellung oder Wirklichkeit
1718 1895 2645 1953 ist, bis Cadigman in den „grünen Kakadu“ tritt und
1726 1921 2644 1984 nun von Henri, der erfährt, daß er nur zu gus er¬
1729 1953 2647 2016 funden hat, wirklich erschlagen wird; wie dann die
1722 2000 2642 2050 Bürger nach dem Fall der Bastille ihre große Rache
1726 2016 2640 2086 beginnen, auch an den Aristokraten im „grünen Kakadu“:
1722 2060 2647 2121 wie das alles geschieht, erkennen wir die unsehlbar
1728 2096 2645 2153 sicher bauende Hand des Theatermannes Schnitzler mit
1727 2127 2655 2180 besonderer Unmittelbarkeit. Aber auch das Ethos des
1725 2179 2649 2215 Dichters? Er soll ebensowenig, wie Büchner im
1723 2211 2657 2256 Danton, auf einer Seite stehen, aber er soll überall
1733 2226 2631 2286 mit drängendem, leidendem Herzen dabei sein. Es
1725 2256 2656 2328 wäre falsch, zu sagen, Schnitzler hätte kein Ethos, keine
1744 2301 2653 2357 „Sitte“ in Schillers Sinn, doch ist es kritisch rück¬
1731 2321 2658 2385 blickend gerichtet, nicht aber nach vorn. Daran liegt
1730 2366 2662 2426 es, daß Schnitzler im heranwachsenden Geschlecht keine
1745 2393 2663 2459 Freunde hat, während das deutsche Geschlecht auf und
1742 2427 2649 2489 nach der Mittagshöhe aufmerksamer auf diesen Bespötter
1735 2461 2651 2517 der eignen Zeitläufte zu horchen pflegt. Es wird sich
1745 2499 2654 2556 wohl in Kürze entscheiden, ob dieser Dichter, dem wir
1732 2530 2650 2582 übrigens ja eine kleine Anzahl besonders feingesetzter
1746 2564 2648 2622 Novellen verdanken, ein Vaumeister am deutschen Wesen
1737 2597 2657 2668 und Schrifttum gewesen ist; er wird eine Abkehr er¬
1738 2627 2663 2697 leben, denn es ist die Zeit der Wiederkehr der Ideale
1746 2678 2659 2719 heraufgekommen. Und hier beginnt Schnitzlers per¬
1736 2694 2667 2768 sönliche Tragik; sein Lebenswerk ist in sich einheitlich
1747 2730 2653 2788 und geschlossen erbaut, Zeuge einer großen Begabung,
1737 2759 2655 2819 und doch muß und wird derlei Kunst unbarmherzig fallen
1736 2793 2665 2852 müssen, wenn es aufwärts gehen soll in Deutschland.
1777 2834 2670 2884 Es müssen verschiedene sehr günstige Umstände zu¬
1742 2865 2662 2928 sammengetroffen sein, daß die Aufführung im Schau¬
1748 2908 2675 2961 spielhaus, zumal die der Einakter, so ausgezeichnet ver¬
1748 2933 2676 2997 lief. Warum gelangen gerade diese gekünstelten Stücke
1740 2960 2671 3034 so gut? In „Literatur“ gab Friedl Münzer das
1743 3005 2667 3069 Weibchen Schriftstellerin, im „Abschiedssouper“ die
1751 3034 2669 3102 Annie außerordentlich; Grazie, Wehmut. Gier, Reiz¬
1749 3074 2667 3130 samkeit in einer Mischung, die ihr auch in ihrer Rolle
1761 3110 2675 3170 im letzten Stück besondern Glanz gab. Korth, in
1758 3142 2677 3204 den ersten Einaktern Spielleiter, setzte erst den Literaten
1764 3190 2685 3239 Gilbert, dann den glatten Max und endlich den Wirt
1752 3209 2688 3288 m „grünen Kakadu“ rund hin. Hätte Korth seine
1749 3245 2677 3308 Sprache besser gepflegt, er wäre heute vielleicht ein
1754 3277 2675 3360 großer Schauspieler. Weinlein gab den adligen
1759 3314 2682 3372 Freund der Margarethe im ersten Stück sehr hübsch;
1758 3351 2687 3419 Aßmann im zweiten als Anatoi wußte aber doch
1759 3394 2684 3453 die Unwiderstehlichkeit des Kavaliers besser zu treffen,
1765 3421 2685 3486 es ist das seine Domäne. Nitzgen gab den Kellner.
1769 3454 2687 3515 Aus der Aufführung des „grünen Kakadu“ ragte die
1771 3489 2679 3549 Gestalt des Schauspielers Henri über alle andern hervor;
1769 3525 2679 3586 Pfund gab sie elementar, aus Tiefen, aus Stürmen.
1766 3560 2687 3617 Daß am Schluß Adele Schönfeld als Léocadie in
1780 3592 2698 3655 ihrem Aufschrei nicht hinter Pfund zurückstand, will
1773 3624 2701 3692 nicht #reniges besagen; es war aus Könnensvollkraft
1774 3663 2689 3733 hrafgepreßt. Senden als entnervter, zittriger
1763 3695 2698 3760 Edelmann, Goetz als ein schon in der Maske treff¬
1775 3731 2698 3787 licher Marquis. Gode als brüllender Schauspieler und
1776 3774 2700 3832 Eggerth als der Philosoph Grasset seien aus der
1772 3800 2693 3860 großen Reihe der Mitwirkenden herausgegriffen. Dr.
1774 3846 2706 3898 Liebscher hatte die Spiekleitung; Raum, Verteilung
1775 3869 2701 3925 der Massen, Herausschälung der tragenden Spieler
1778 3915 2701 3962 waren ihm gut geglückt, immer war eine Abgewogenheit
1781 3944 2694 3996 des Bildes bemerkbar, die nur aus einem Gesetz in der
1772 3975 2697 4040 Brust des Spielführers erklärlich ist. Übrigens ist der
1779 4014 2703 4067 „grüne Kakadu“ sprachlich genommen, ein Stück
2101 4049 2702 4112 sichen eing Doefiebe Oiebschers. —ü—.
1778 4043 2077 4123 Symphonie und ##
