3392 4352
148 244 877 349 9. Literatur
919 240 1383 323 box 34/8
1837 94 2959 169 endwo in einer
1789 131 2967 211 Vorstadt Wiens hat der Oboespferer Eduard agisch sein
1798 170 2962 231 Heim, sein liebes Weib und einen prächtigen Buben. Er
1802 207 2972 283 spielt im Opernorchester, es geht ihnen gut, sie können sogar
1793 251 2957 310 ein Mädchen halten. Trauliches, bürgerliches Behagen,
1794 294 2960 354 eine enge Welt, aber erfüllt von Glück, von Vertrauen
1799 325 2961 393 und Reinlichkeit. In dieses Heim bringt Jagisch eines
1792 353 2959 434 Tages einen Freund seiner Jugend, an den er nie auf¬
1790 403 2964 471 gehört hat zu denken, Georg Merklin. Elf Jahre war er
1803 440 2960 508 seinen Augen entschwunden, nun hat er ihn wieder. Wie
1796 479 2968 535 sie sich verändert haben, aber die Herzen sind die gleichen
1799 517 2965 600 geblieben; Eduard, die naive, kindliche Künstlerseele,
1796 547 2959 623 strömt über vor lange zurückgedrängter Herzlichkeit. Fremd
1792 597 2950 654 und versonnen steht der andere in den blanken Bürger¬
1792 628 2952 700 stuben. Was ist ihm das — er schreitet seine eigenen Pfade,
1784 673 2956 739 ünenkannt geht er durch die Menge, ein König durch die
1794 712 2950 774 Welt seiner Gedanken und Empfindungen, zu stolz, um
1783 749 2958 815 von ihnen mitzuteilen. Er „berechtigte einmal zu großen
1788 780 2948 852 Hoffnungen“ aber sie haben keine Erfüllung gefunden —
1794 824 2958 903 für die andern. Er selber ist ein Eigener geblieben, der
1799 863 2953 930 sich wohlzufühlen scheint auf selbstgewählten Pfaden, ab¬
1795 902 2954 976 seits der großen Heerstraße. Und eine wunderliche Kraft
1786 939 2952 1010 steckt in ihm, er hat Macht über die Menschen und ein
1783 974 2957 1051 königliches Vergnügen ist es ihm, sie zu lenken gleich
1788 1017 2948 1081 Puppen an den Drähten. Auch auf das Leben des Freundes
1812 1060 2945 1122 tt er einmal bestimmenden Einfluß geübt, als er dem
1780 1084 2956 1162 Schüchternen, Scheuen, Armseligen das Selbstbewußtsein
1761 1162 2948 1220 gab, Glück mitzuteilen und zu empfangen. Es war nur
1770 1205 2947 1258 ein verabredet Spiel, das Mädchen, die blonde Anna, war
1769 1248 2942 1296 mit im Bunde. Aber die Komödie war doch eigentlich der
1765 1283 2948 1331 Anlaß, daß aus dem Aengstlichen ein Mann wurde mit
1763 1317 2939 1371 dem Mut zum Leben. Der Freund lacht ihm bestätigend
1769 1373 2954 1411 zu, ein bißchen verlegen. aber doch mit dem Gefühl des
1776 1392 2952 1453 Siegers. Die blonde Anna ist ja eben sein liebes Weid.
1768 1438 2954 1487 Gerade tut sich die Tür auf, sie bringt den hübschen Buben
1773 1473 2953 1520 aus der Schule heim — Georg heißt er, wie der Freund.
1775 1512 2957 1564 Zwischen den dreien wachen verklungene Tage und Empfin¬
1767 1555 2951 1603 dungen auf. Anna liehte ja eigentlich Georg Merklin und
1775 1596 2949 1644 hätte ihn gern aus der Zerrissenheit seines Lebens in
1773 1628 2993 1678 bürgerliche Ordnung gerettet. Der läßt den ironischen Blick“
1775 1665 2960 1717 über das saubere Milieu schweifen. Nur um ihn eiser¬
1771 1711 2962 1752 süchtig zu machen, hat sie sich zu dem Spiel hergegeben, aus
1775 1747 2950 1799 dem dann beglückender Ernst werden sollte. Der Tisch wird
1763 1783 2945 1830 gedeckt, Georg Merklin steht auf und schickt sich an, zu gehen.
1777 1836 2953 1877 Er spürt leise die klammernde Liebe mit dem engen Horizont,
1779 1856 2948 1906 die ihn von weltfernen Wegen ins kleine enge Leben zu¬
1781 1904 2948 1946 rückziehen will. Für ihn gibt es nur eins noch, die Frei¬
1768 1934 2954 1987 heit seines Ich, unbehindert durch Zwang und Enge.
1780 1987 2958 2034 Vielleicht ist diese Freiheit nur eine Illusion des alten
1782 2020 2958 2065 „Puppenspielers“ aber er braucht sie, um existieren zu
1774 2061 2962 2100 können. Sein Weib, der einzige Mensch, der ihn verstand,
1778 2087 2963 2143 hat sich doch von ihm gewendet, sein Junge ist tot, nur einen
1773 2134 2955 2184 Augenblick fällt das Streiflicht auf ein tief verwundetes
1767 2172 2958 2233 krankes Herz, warum muß der Junge des Jagisch auch Georg
1774 2201 2971 2261 heißen, nach ihm. Dann geht er mit ein paar Abschieds¬
1772 2242 2954 2291 worten, halb wehmütig, halb ironisch. — Die Studie trägt
1779 2288 2965 2331 alle Merkmale der Kunst des Wiener Poeten. Das eigent¬
1781 2325 2951 2383 lich Dramatische wird nur mit leisem Finger angedeutet;
1777 2362 2962 2403 eine robustere Natur hätte ja mit leichter Mühe vie heraus¬
1771 2407 2959 2456 holen können. Schnitzler liebt es, zart über die Saiten zu
1777 2438 2962 2500 gleiten, was unter der Bewußtseinsschwelle schlummerte zu
1779 2481 2953 2530 erwecken und die Untertöne vibrieren zu lassen. Dadurch
1780 2520 2959 2570 ergeben sich für den genießend Mitempfindenden Stim¬
1787 2557 2960 2606 mungen von feinstem Reiz. Die Anmut seiner Technik
1784 2595 2960 2647 und die zarte, sichere Hand, die sich bei Gestaltung der
1791 2633 2964 2682 Charaktere und psychologischen Details offenbart, berühren
1791 2674 2952 2734 namentlich in unseren Tagen erfreulich, wo man wieder
1786 2714 2962 2763 für handgreifliche Ausdrucksmittel Neigung verspürt. Ober¬
1789 2758 2955 2812 flächliche und stumpfe Sinne bedürfen allerdings stärkerer
1780 2790 2122 2843 Aufpeitschung. —
2135 2796 2955 2841 Das Spiel war sorglich getönt. Herr
1775 2830 2953 2868 Mehnert überzengte als Georg Merklin durch die Ein¬
1779 2860 2958 2915 fachheit seiner trefssicheren Charakterisierungskunst, man
1788 2901 2961 2954 fühlte, daß der Darsteller die Gestalt in richtiger Beleuch¬
1784 2951 2951 3005 tung gesehen hat und erlebte. Für die naive Glückssicher¬
1782 2985 2962 3044 heit des zufriedenen Oboespielers hatte Herr Wierthi
1782 3024 2965 3082 einen hübschen Ton. Die Anna konnte etwas hausfrau¬
1781 3065 2952 3108 licher gegoben werden, wie Fräulein Verden es tat; sie
1784 3102 2958 3151 wirkte auch in der Erscheinung noch zu sehr als „süßes
1782 3140 2960 3180 Mädel“. — Voran ging der interessanten Studie das Schau¬
1772 3188 2958 3233 spiel Herbst“ von Schmidt=Häßller, das hier be¬
1783 3213 2959 3259 reits gegeben wurde. Das Werk hat manche hübsche Einzel¬
1780 3250 2960 3305 heit, es wird aber in Stimmung gemantscht. Der alte Graf
1781 3286 2955 3338 erhielt durch Herrn Müllers schlichte Vornehmheit und
1770 3338 2951 3391 die milde Wehmut des Tons das richtige Gepräge. Der
1774 3374 2951 3416 „Fremde“ gab Herrn Frobösse Gelegenheit zu ausge¬
1777 3414 2959 3452 zeichneter Maske. Die kleineren Rollen waren in guten
1774 3451 2959 3490 Händen. Die Bühnenarbeit gewann durch die glückliche
1774 3491 2954 3529 Interpretation und stimmungsvolle Ausarbeitung der
2261 3530 2947 3574 Den Abschluß machte wieder ein
1781 3526 2166 3572 szenischen Details.
1781 3569 2919 3616 Schnitzler: das amüsant geführte Lustspiel „Literatur“
1776 3600 2950 3646 in dem der etwas bornierte, aber korrekte Aristokrat, die
1773 3640 2951 3686 Schriftstellerin und der Dichter durch bunte Fäden mit
1776 3672 2956 3732 einander verbunden sind. Die Eleganz der Technik und
1785 3722 2958 3758 das Sprühen des feinen, beweglichen Geistes machen diese
1775 3752 2953 3807 Dichtung Schnitzlers besonders anziehend. Herr Tiller
1785 3797 2952 3861 hatte für den Weltmann Clemens einen ganz samosen
1786 3836 2951 3889 „Tschaperl“=Ton, Fräulein Serda plauderte leicht, an¬
1773 3876 2953 3923 genehm, mit hübschen Nüancen, nur zu absichtlich „weane¬
1783 3911 2956 3961 risch“. Herr René wirkte in der Erscheinung, namentlich
1787 3951 2955 3998 durch unvorteilhafte Perücke, etwas zu spießig, seine Dar¬
1791 3983 2961 4031 stellung brachte all das Nette dieser Bohémefigur amos
1772 4028 1947 4094 heraus.
2401 4024 2921 4102 Paul Hermann Hartwig.
