<?xml version="1.0" encoding="UTF-8" standalone="yes"?>
<PcGts xmlns="http://schema.primaresearch.org/PAGE/gts/pagecontent/2013-07-15" xmlns:xsi="http://www.w3.org/2001/XMLSchema-instance" xsi:schemaLocation="http://schema.primaresearch.org/PAGE/gts/pagecontent/2013-07-15 http://schema.primaresearch.org/PAGE/gts/pagecontent/2013-07-15/pagecontent.xsd">
    <Metadata>
        <Creator>prov=University of Rostock/Institute of Mathematics/CITlab/Gundram Leifert/gundram.leifert@uni-rostock.de:name=ONB_Newseye_GT_M1+(htr_id=10810)::::v=2.4.2
prov=University of Rostock/Institute of Mathematics/CITlab/Tobias Gruening/tobias.gruening@uni-rostock.de:name=de.uros.citlab.module.baseline2polygon.B2PSeamMultiOriented:v=2.4.2
prov=University of Rostock/Institute of Mathematics/CITlab/Tobias Gruening/tobias.gruening@uni-rostock.de:name=/mnt/transkribus/LA/DEA/URO/LA_news_onb_att.pb:de.uros.citlab.segmentation.CITlab_LA_ML:v=2.4.2
Transkribus</Creator>
        <Created>2019-10-07T12:13:34.996+02:00</Created>
        <LastChange>2019-10-08T21:39:24.164+02:00</LastChange>
        <TranskribusMetadata docId="224045" pageId="9507177" pageNr="20" tsid="16610432" status="IN_PROGRESS" userId="40391" imgUrl="https://files.transkribus.eu/Get?id=BHKJQXFIARUOIQEJCBVEDCEF&amp;fileType=view" xmlUrl="https://files.transkribus.eu/Get?id=NWQDLDXTDSGHRQLXAHVWBBSL" imageId="6196925"/>
    </Metadata>
    <Page imageFilename="224045_0020.jpeg" imageWidth="3392" imageHeight="4320">
        <ReadingOrder>
            <OrderedGroup id="ro_1711444407494" caption="Regions reading order">
                <RegionRefIndexed index="0" regionRef="r1"/>
                <RegionRefIndexed index="1" regionRef="r2"/>
                <RegionRefIndexed index="2" regionRef="r3"/>
            </OrderedGroup>
        </ReadingOrder>
        <TextRegion orientation="0.0" id="r1" custom="readingOrder {index:0;}">
            <Coords points="121,208 121,362 155,362 155,208"/>
            <TextLine id="r1l1" custom="readingOrder {index:0;}">
                <Coords points="115,307 121,308 135,324 140,324 149,319 161,321 168,261 159,258 155,260 152,257 135,261 130,257 121,256"/>
                <Baseline points="121,308 155,312"/>
                <TextEquiv>
                    <Unicode>9</Unicode>
                </TextEquiv>
            </TextLine>
            <TextEquiv>
                <Unicode>9</Unicode>
            </TextEquiv>
        </TextRegion>
        <TextRegion orientation="0.0" id="r2" custom="readingOrder {index:1;}">
            <Coords points="245,284 245,338 739,338 739,284"/>
            <TextLine id="r2l1" custom="readingOrder {index:0;}">
                <Coords points="475,315 496,318 517,307 534,316 566,316 583,302 596,314 609,314 608,253 588,250 553,271 534,266 525,274 475,266"/>
                <Baseline points="482,306 512,305 542,305 572,306 602,304"/>
                <TextEquiv>
                    <Unicode>rat</Unicode>
                </TextEquiv>
            </TextLine>
            <TextLine id="r2l2" custom="readingOrder {index:1;}">
                <Coords points="239,325 388,351 746,338 746,313 238,306"/>
                <Baseline points="245,325 271,326 297,326 323,327 349,327 375,327 401,328 427,328 453,327 479,327 505,327 531,327 557,326 583,326 609,326 635,325 661,325 687,324 713,324 739,324"/>
                <TextEquiv>
                    <Unicode>—</Unicode>
                </TextEquiv>
            </TextLine>
            <TextEquiv>
                <Unicode>rat
—</Unicode>
            </TextEquiv>
        </TextRegion>
        <TextRegion orientation="0.0" id="r3" custom="readingOrder {index:2;}">
            <Coords points="904,279 904,3524 2104,3524 2104,279"/>
            <TextLine id="r3l1" custom="readingOrder {index:0;}">
                <Coords points="897,297 964,324 1184,304 1232,327 1266,304 1312,312 1354,285 1354,272 1281,244 1233,265 1209,248 1179,261 1142,243 1101,270 1073,254 1017,271 995,254 934,250 897,267"/>
                <Baseline points="904,300 930,301 956,302 982,303 1008,303 1034,304 1060,304 1086,305 1112,305 1138,305 1164,305 1190,305 1216,305 1242,304 1268,303 1294,302 1320,301 1347,299"/>
                <TextEquiv>
                    <Unicode>box 34/8</Unicode>
                </TextEquiv>
            </TextLine>
            <TextLine id="r3l2" custom="readingOrder {index:1;}">
                <Coords points="1732,1146 1840,1160 1926,1148 1977,1161 2085,1156 2107,1148 2108,1089 2084,1096 2003,1076 1958,1090 1923,1077 1862,1096 1804,1076 1762,1101 1733,1097"/>
                <Baseline points="1740,1131 1765,1129 1791,1128 1817,1128 1842,1128 1868,1128 1894,1129 1920,1130 1945,1130 1971,1131 1997,1132 2022,1132 2048,1132 2074,1132 2100,1131"/>
                <TextEquiv>
                    <Unicode>Telephon 12.801.</Unicode>
                </TextEquiv>
            </TextLine>
            <TextLine id="r3l3" custom="readingOrder {index:2;}">
                <Coords points="1834,1251 1853,1250 1869,1233 1881,1235 1903,1248 1917,1250 1917,1213 1906,1212 1896,1218 1857,1194 1834,1197"/>
                <Baseline points="1840,1238 1875,1234 1910,1238"/>
                <TextEquiv>
                    <Unicode></Unicode>
                </TextEquiv>
            </TextLine>
            <TextLine id="r3l4" custom="readingOrder {index:3;}">
                <Coords points="1236,1300 1283,1318 1309,1296 1361,1315 1391,1296 1599,1287 1742,1310 1850,1296 1873,1259 1791,1222 1727,1259 1503,1232 1478,1257 1422,1235 1236,1265"/>
                <Baseline points="1243,1292 1274,1288 1305,1284 1336,1282 1367,1280 1398,1279 1429,1278 1461,1277 1492,1277 1523,1278 1554,1279 1585,1279 1616,1280 1647,1281 1679,1282 1710,1283 1741,1284 1772,1284 1803,1285 1834,1284 1866,1284"/>
                <TextEquiv>
                    <Unicode>„ODOLIIVER</Unicode>
                </TextEquiv>
            </TextLine>
            <TextLine id="r3l5" custom="readingOrder {index:4;}">
                <Coords points="1009,1345 1996,1376 2111,1356 2112,1300 1009,1300"/>
                <Baseline points="1016,1348 1070,1347 1124,1347 1179,1346 1233,1346 1288,1346 1342,1346 1396,1347 1451,1347 1505,1348 1560,1348 1614,1349 1668,1349 1723,1350 1777,1350 1832,1350 1886,1350 1940,1350 1995,1350 2049,1349 2104,1348"/>
                <TextEquiv>
                    <Unicode>I. österr. behördl. konz. Unternehmen für Zeitungs-Ausschnitte</Unicode>
                </TextEquiv>
            </TextLine>
            <TextLine id="r3l6" custom="readingOrder {index:5;}">
                <Coords points="1149,1406 1209,1439 1998,1424 1932,1373 1891,1390 1835,1365 1563,1389 1383,1363 1327,1390 1149,1364"/>
                <Baseline points="1156,1413 1197,1415 1239,1416 1281,1417 1323,1418 1365,1419 1406,1419 1448,1419 1490,1419 1532,1419 1574,1419 1615,1419 1657,1419 1699,1419 1741,1419 1783,1419 1824,1419 1866,1419 1908,1420 1950,1420 1992,1421"/>
                <TextEquiv>
                    <Unicode>Wien, I., Concordiaplatz 4.</Unicode>
                </TextEquiv>
            </TextLine>
            <TextLine id="r3l7" custom="readingOrder {index:6;}">
                <Coords points="1353,1483 1382,1498 1461,1485 1511,1499 1523,1488 1556,1500 1643,1490 1667,1502 1774,1481 1774,1458 1752,1448 1617,1458 1567,1433 1413,1455 1384,1430 1354,1434"/>
                <Baseline points="1360,1479 1385,1480 1410,1480 1436,1481 1461,1482 1487,1483 1512,1483 1538,1483 1563,1484 1588,1484 1614,1484 1639,1485 1665,1484 1690,1484 1716,1484 1741,1483 1767,1482"/>
                <TextEquiv>
                    <Unicode>Vertrefungen</Unicode>
                </TextEquiv>
            </TextLine>
            <TextLine id="r3l8" custom="readingOrder {index:7;}">
                <Coords points="1010,1531 2095,1541 1949,1487 1409,1518 1135,1489 1010,1519"/>
                <Baseline points="1016,1531 1069,1532 1123,1533 1176,1534 1230,1534 1284,1535 1337,1535 1391,1535 1444,1536 1498,1536 1552,1536 1605,1536 1659,1536 1712,1537 1766,1537 1820,1537 1873,1536 1927,1536 1980,1536 2034,1536 2088,1536"/>
                <TextEquiv>
                    <Unicode>in Berlin, Budapest, Chicago, Christiania, Genf, Kopen¬</Unicode>
                </TextEquiv>
            </TextLine>
            <TextLine id="r3l9" custom="readingOrder {index:8;}">
                <Coords points="1017,1575 2100,1587 2090,1543 1017,1537"/>
                <Baseline points="1023,1570 1076,1570 1130,1571 1183,1572 1237,1572 1290,1573 1344,1573 1397,1574 1451,1574 1504,1575 1558,1575 1612,1575 1665,1576 1719,1576 1772,1576 1826,1577 1879,1577 1933,1577 1986,1577 2040,1577 2094,1577"/>
                <TextEquiv>
                    <Unicode>hagen, Lendon, Madrid, Mailand, Minneapolis, New-Vork,</Unicode>
                </TextEquiv>
            </TextLine>
            <TextLine id="r3l10" custom="readingOrder {index:9;}">
                <Coords points="1049,1614 2070,1625 2070,1596 1956,1581 1050,1584"/>
                <Baseline points="1056,1608 1106,1610 1156,1611 1207,1611 1257,1612 1308,1612 1358,1613 1408,1613 1459,1613 1509,1613 1560,1613 1610,1613 1660,1613 1711,1613 1761,1614 1812,1614 1862,1615 1912,1616 1963,1617 2013,1619 2064,1621"/>
                <TextEquiv>
                    <Unicode>Paris, Rom, San Francisco, Stockholm, St. Petersburg.</Unicode>
                </TextEquiv>
            </TextLine>
            <TextLine id="r3l11" custom="readingOrder {index:10;}">
                <Coords points="1353,1657 1477,1676 1515,1660 1619,1667 1641,1652 1664,1667 1680,1654 1747,1657 1771,1645 1771,1626 1567,1619 1541,1630 1482,1617 1353,1629"/>
                <Baseline points="1360,1647 1385,1646 1410,1646 1435,1646 1461,1646 1486,1646 1511,1647 1536,1647 1562,1647 1587,1647 1612,1648 1637,1648 1663,1648 1688,1648 1713,1648 1738,1648 1764,1648"/>
                <TextEquiv>
                    <Unicode>(Quellenalgabe ohne Gewkhr).</Unicode>
                </TextEquiv>
            </TextLine>
            <TextLine id="r3l12" custom="readingOrder {index:11;}">
                <Coords points="1009,1712 1071,1739 1265,1718 1611,1758 1944,1747 1945,1713 1825,1679 1731,1705 1573,1668 1531,1691 1446,1665 1400,1699 1011,1667"/>
                <Baseline points="1016,1719 1062,1719 1108,1718 1154,1719 1200,1719 1246,1719 1292,1720 1338,1721 1384,1722 1430,1723 1476,1725 1522,1727 1568,1729 1614,1731 1660,1733 1706,1735 1752,1737 1798,1740 1844,1742 1890,1745 1937,1748"/>
                <TextEquiv>
                    <Unicode>Ausschnitt aus: Der Merker, Wien</Unicode>
                </TextEquiv>
            </TextLine>
            <TextLine id="r3l13" custom="readingOrder {index:12;}">
                <Coords points="1214,1787 1236,1780 1290,1799 1312,1790 1338,1801 1379,1787 1407,1810 1481,1797 1511,1805 1512,1757 1471,1732 1302,1731 1270,1719 1216,1743"/>
                <Baseline points="1222,1778 1247,1778 1273,1779 1298,1780 1324,1780 1350,1782 1375,1783 1401,1785 1427,1786 1452,1787 1478,1787 1504,1786"/>
                <TextEquiv>
                    <Unicode>IGAPR.1910</Unicode>
                </TextEquiv>
            </TextLine>
            <TextLine id="r3l14" custom="readingOrder {index:13;}">
                <Coords points="1022,1817 1030,1817 1051,1832 1058,1828 1154,1829 1162,1827 1163,1789 1146,1788 1133,1780 1119,1782 1112,1775 1106,1781 1088,1778 1069,1787 1058,1783 1042,1794 1022,1786"/>
                <Baseline points="1029,1824 1054,1826 1079,1826 1105,1825 1130,1825 1156,1827"/>
                <TextEquiv>
                    <Unicode>vom:</Unicode>
                </TextEquiv>
            </TextLine>
            <TextLine id="r3l15" custom="readingOrder {index:14;}">
                <Coords points="1171,1899 1231,1923 1308,1900 1444,1924 1488,1901 1572,1924 1666,1902 1885,1923 1964,1901 1965,1876 1171,1869"/>
                <Baseline points="1177,1907 1216,1906 1255,1906 1294,1906 1333,1906 1372,1906 1411,1906 1450,1907 1489,1907 1528,1907 1567,1908 1606,1909 1645,1909 1684,1909 1723,1910 1762,1910 1801,1910 1840,1909 1879,1909 1918,1908 1958,1906"/>
                <TextEquiv>
                    <Unicode>Neue Wieger Bühne. Schnißlers</Unicode>
                </TextEquiv>
            </TextLine>
            <TextLine id="r3l16" custom="readingOrder {index:15;}">
                <Coords points="1099,1947 1962,1962 1960,1929 1828,1913 1706,1938 1319,1906 1099,1923"/>
                <Baseline points="1106,1946 1148,1947 1191,1948 1233,1948 1276,1949 1318,1949 1361,1950 1403,1950 1446,1950 1488,1950 1531,1950 1573,1950 1616,1950 1658,1950 1701,1950 1743,1950 1786,1950 1828,1950 1871,1950 1913,1950 1956,1950"/>
                <TextEquiv>
                    <Unicode>Einakter „Die Fragegan das Schicksal“,</Unicode>
                </TextEquiv>
            </TextLine>
            <TextLine id="r3l17" custom="readingOrder {index:16;}">
                <Coords points="1110,2002 1935,2000 1964,1961 1110,1964"/>
                <Baseline points="1116,1988 1158,1988 1200,1988 1242,1988 1284,1988 1326,1989 1368,1989 1410,1989 1452,1989 1494,1989 1536,1989 1578,1989 1620,1989 1662,1989 1704,1989 1746,1989 1788,1988 1830,1988 1872,1987 1914,1986 1957,1985"/>
                <TextEquiv>
                    <Unicode>„Die letzten-Masken“sund „Titeratur“ in</Unicode>
                </TextEquiv>
            </TextLine>
            <TextLine id="r3l18" custom="readingOrder {index:17;}">
                <Coords points="1106,2028 1836,2042 1967,2019 1967,1996 1106,2002"/>
                <Baseline points="1113,2028 1155,2028 1197,2028 1240,2028 1282,2028 1324,2029 1367,2029 1409,2029 1451,2029 1494,2029 1536,2030 1578,2030 1621,2030 1663,2030 1705,2030 1748,2030 1790,2029 1832,2029 1875,2028 1917,2028 1960,2027"/>
                <TextEquiv>
                    <Unicode>einer Rufführung der „Freien Volksbühne“</Unicode>
                </TextEquiv>
            </TextLine>
            <TextLine id="r3l19" custom="readingOrder {index:18;}">
                <Coords points="1094,2067 1985,2059 1898,2036 1094,2034"/>
                <Baseline points="1101,2068 1144,2068 1188,2068 1232,2068 1276,2067 1320,2067 1364,2067 1407,2067 1451,2067 1495,2067 1539,2067 1583,2067 1627,2067 1671,2067 1714,2067 1758,2067 1802,2067 1846,2067 1890,2067 1934,2067 1978,2067"/>
                <TextEquiv>
                    <Unicode>Keine ganz glückliche Wahl in der Zusammen¬</Unicode>
                </TextEquiv>
            </TextLine>
            <TextLine id="r3l20" custom="readingOrder {index:19;}">
                <Coords points="1102,2113 1979,2119 2011,2109 2011,2067 1776,2094 1689,2070 1102,2076"/>
                <Baseline points="1109,2107 1153,2107 1198,2107 1243,2107 1288,2107 1332,2106 1377,2106 1422,2106 1467,2106 1511,2106 1556,2106 1601,2106 1646,2106 1690,2106 1735,2107 1780,2107 1825,2107 1869,2107 1914,2107 1959,2107 2004,2107"/>
                <TextEquiv>
                    <Unicode>stellung der ersten zwei Stückchen, die trotz</Unicode>
                </TextEquiv>
            </TextLine>
            <TextLine id="r3l21" custom="readingOrder {index:20;}">
                <Coords points="1100,2143 1894,2156 1953,2144 1953,2119 1149,2109 1100,2133"/>
                <Baseline points="1107,2144 1149,2144 1191,2144 1233,2144 1275,2144 1317,2144 1359,2144 1401,2144 1443,2144 1485,2145 1527,2145 1569,2145 1611,2145 1653,2145 1695,2145 1737,2145 1779,2145 1821,2145 1863,2145 1905,2144 1947,2144"/>
                <TextEquiv>
                    <Unicode>all ihres äußeren Kontrastes, einander darin</Unicode>
                </TextEquiv>
            </TextLine>
            <TextLine id="r3l22" custom="readingOrder {index:21;}">
                <Coords points="1103,2191 1889,2195 1963,2156 1102,2161"/>
                <Baseline points="1110,2186 1152,2186 1194,2185 1236,2185 1279,2185 1321,2185 1363,2185 1406,2185 1448,2185 1490,2185 1533,2185 1575,2185 1617,2186 1659,2185 1702,2185 1744,2185 1786,2185 1829,2184 1871,2183 1913,2182 1956,2180"/>
                <TextEquiv>
                    <Unicode>zu ähnlich sind, daß in beiden eine entschei¬</Unicode>
                </TextEquiv>
            </TextLine>
            <TextLine id="r3l23" custom="readingOrder {index:22;}">
                <Coords points="1103,2226 1956,2232 1956,2206 1855,2186 1103,2195"/>
                <Baseline points="1109,2224 1151,2224 1193,2224 1235,2224 1277,2224 1319,2224 1361,2224 1403,2224 1445,2224 1487,2224 1529,2224 1571,2223 1613,2223 1655,2223 1697,2223 1739,2223 1781,2222 1823,2222 1865,2221 1907,2220 1950,2220"/>
                <TextEquiv>
                    <Unicode>dende Frage gestellt werden soll, auf die dann</Unicode>
                </TextEquiv>
            </TextLine>
            <TextLine id="r3l24" custom="readingOrder {index:23;}">
                <Coords points="1100,2265 1929,2276 1960,2233 1205,2227 1100,2250"/>
                <Baseline points="1107,2262 1149,2261 1191,2261 1234,2261 1276,2261 1318,2261 1361,2261 1403,2261 1445,2261 1488,2261 1530,2261 1572,2261 1615,2261 1657,2261 1699,2262 1742,2262 1784,2262 1826,2262 1869,2262 1911,2262 1954,2261"/>
                <TextEquiv>
                    <Unicode>doch in besserer Weisheit verzichtet wird, Nichts</Unicode>
                </TextEquiv>
            </TextLine>
            <TextLine id="r3l25" custom="readingOrder {index:24;}">
                <Coords points="1099,2301 1755,2318 1959,2291 1888,2267 1360,2288 1099,2267"/>
                <Baseline points="1106,2299 1148,2300 1190,2300 1232,2300 1275,2301 1317,2301 1359,2301 1402,2301 1444,2301 1486,2301 1529,2301 1571,2301 1613,2302 1655,2302 1698,2302 1740,2302 1782,2302 1825,2302 1867,2302 1909,2302 1952,2302"/>
                <TextEquiv>
                    <Unicode>überflüssiger, ais über die drei Meisterakte</Unicode>
                </TextEquiv>
            </TextLine>
            <TextLine id="r3l26" custom="readingOrder {index:25;}">
                <Coords points="1100,2355 1435,2330 1911,2353 1956,2339 1957,2311 1100,2312"/>
                <Baseline points="1107,2338 1149,2338 1191,2339 1233,2339 1275,2339 1317,2340 1359,2340 1401,2340 1443,2340 1485,2341 1528,2341 1570,2341 1612,2341 1654,2342 1696,2342 1738,2342 1780,2342 1822,2342 1864,2342 1906,2342 1949,2342"/>
                <TextEquiv>
                    <Unicode>zu sprechen: der erste in seiner spöttischen</Unicode>
                </TextEquiv>
            </TextLine>
            <TextLine id="r3l27" custom="readingOrder {index:26;}">
                <Coords points="1097,2374 1967,2381 1876,2344 1097,2347"/>
                <Baseline points="1104,2376 1146,2377 1189,2378 1232,2378 1275,2379 1318,2379 1360,2380 1403,2380 1446,2380 1489,2381 1532,2381 1574,2381 1617,2381 1660,2381 1703,2381 1746,2381 1788,2382 1831,2382 1874,2382 1917,2383 1960,2383"/>
                <TextEquiv>
                    <Unicode>Eleganz, der zweite in seinem hüllenlösenden,</Unicode>
                </TextEquiv>
            </TextLine>
            <TextLine id="r3l28" custom="readingOrder {index:27;}">
                <Coords points="1097,2417 1764,2434 1965,2413 1890,2382 1097,2392"/>
                <Baseline points="1103,2418 1145,2417 1188,2417 1231,2417 1274,2418 1316,2418 1359,2418 1402,2418 1445,2419 1487,2419 1530,2419 1573,2419 1616,2420 1658,2420 1701,2420 1744,2420 1787,2420 1829,2419 1872,2419 1915,2419 1958,2418"/>
                <TextEquiv>
                    <Unicode>allen hohlen Schein mitleidig unter sich lassen¬</Unicode>
                </TextEquiv>
            </TextLine>
            <TextLine id="r3l29" custom="readingOrder {index:28;}">
                <Coords points="1108,2465 1957,2463 1957,2435 1889,2425 1108,2430"/>
                <Baseline points="1115,2455 1156,2455 1198,2456 1240,2457 1282,2457 1324,2458 1365,2458 1407,2459 1449,2459 1491,2459 1533,2459 1574,2460 1616,2460 1658,2460 1700,2460 1742,2460 1783,2461 1825,2461 1867,2461 1909,2461 1951,2462"/>
                <TextEquiv>
                    <Unicode>den Tiefsinn und der dritte in seiner grotesken</Unicode>
                </TextEquiv>
            </TextLine>
            <TextLine id="r3l30" custom="readingOrder {index:29;}">
                <Coords points="1114,2546 1641,2560 1839,2533 1925,2561 1981,2546 1981,2512 1114,2516"/>
                <Baseline points="1120,2547 1162,2547 1205,2547 1248,2547 1290,2548 1333,2548 1376,2548 1418,2548 1461,2548 1504,2548 1547,2548 1589,2548 1632,2548 1675,2548 1717,2548 1760,2548 1803,2548 1845,2548 1888,2548 1931,2549 1974,2549"/>
                <TextEquiv>
                    <Unicode>Tariation des lbsen'schen Motivs von Wenn</Unicode>
                </TextEquiv>
            </TextLine>
            <TextLine id="r3l31" custom="readingOrder {index:30;}">
                <Coords points="1117,2583 1916,2598 1974,2586 1974,2551 1117,2555"/>
                <Baseline points="1124,2587 1166,2586 1208,2586 1250,2586 1292,2586 1335,2586 1377,2586 1419,2586 1461,2586 1503,2586 1546,2586 1588,2586 1630,2586 1672,2586 1714,2586 1757,2586 1799,2586 1841,2586 1883,2586 1925,2586 1968,2586"/>
                <TextEquiv>
                    <Unicode>wir Toten erwachen“ sind untadelige Mleinodien</Unicode>
                </TextEquiv>
            </TextLine>
            <TextLine id="r3l32" custom="readingOrder {index:31;}">
                <Coords points="1115,2652 1230,2625 1254,2645 1602,2619 1970,2633 1970,2597 1115,2603"/>
                <Baseline points="1121,2627 1163,2628 1205,2628 1247,2629 1289,2629 1331,2630 1373,2630 1415,2630 1457,2630 1499,2630 1542,2629 1584,2629 1626,2629 1668,2629 1710,2629 1752,2628 1794,2628 1836,2628 1878,2628 1920,2628 1963,2628"/>
                <TextEquiv>
                    <Unicode>einer geisivoll milden, in verdichtender Kraft</Unicode>
                </TextEquiv>
            </TextLine>
            <TextLine id="r3l33" custom="readingOrder {index:32;}">
                <Coords points="1476,2664 1485,2664 1494,2656 1500,2660 1517,2654 1535,2659 1547,2647 1553,2651 1562,2648 1574,2657 1612,2657 1612,2624 1589,2633 1582,2627 1565,2629 1558,2636 1541,2628 1525,2629 1517,2635 1510,2630 1476,2633"/>
                <Baseline points="1483,2654 1513,2653 1544,2651 1574,2651 1605,2654"/>
                <TextEquiv>
                    <Unicode>thre D.</Unicode>
                </TextEquiv>
            </TextLine>
            <TextLine id="r3l34" custom="readingOrder {index:33;}">
                <Coords points="1854,2659 1860,2659 1866,2663 1871,2660 1874,2662 1881,2662 1884,2660 1887,2662 1890,2660 1897,2661 1899,2631 1887,2629 1880,2630 1871,2627 1863,2631 1856,2630"/>
                <Baseline points="1861,2656 1890,2658"/>
                <TextEquiv>
                    <Unicode>1</Unicode>
                </TextEquiv>
            </TextLine>
            <TextLine id="r3l35" custom="readingOrder {index:34;}">
                <Coords points="1641,2656 1651,2659 1666,2659 1675,2655 1681,2658 1690,2656 1695,2658 1702,2668 1714,2669 1720,2630 1713,2629 1708,2632 1701,2629 1691,2632 1688,2628 1685,2631 1676,2631 1664,2627 1658,2631 1646,2627"/>
                <Baseline points="1649,2654 1678,2659 1708,2663"/>
                <TextEquiv>
                    <Unicode>I.</Unicode>
                </TextEquiv>
            </TextLine>
            <TextLine id="r3l36" custom="readingOrder {index:35;}">
                <Coords points="1119,2692 1976,2697 1976,2663 1772,2632 1708,2663 1547,2647 1422,2672 1119,2650"/>
                <Baseline points="1125,2688 1167,2690 1209,2691 1251,2692 1293,2693 1336,2694 1378,2694 1420,2694 1462,2694 1504,2694 1547,2694 1589,2694 1631,2693 1673,2693 1715,2692 1758,2692 1800,2691 1842,2691 1884,2690 1926,2689 1969,2689"/>
                <TextEquiv>
                    <Unicode>Form absolut erledigenden Kunst, in der</Unicode>
                </TextEquiv>
            </TextLine>
            <TextLine id="r3l37" custom="readingOrder {index:36;}">
                <Coords points="1112,2730 1962,2726 1929,2696 1401,2691 1371,2712 1112,2691"/>
                <Baseline points="1119,2728 1160,2729 1202,2730 1244,2731 1286,2731 1328,2732 1369,2732 1411,2732 1453,2732 1495,2732 1537,2732 1578,2732 1620,2732 1662,2731 1704,2731 1746,2731 1787,2730 1829,2730 1871,2729 1913,2729 1955,2729"/>
                <TextEquiv>
                    <Unicode>Schnitzler ein Meister ohne Nebenbuhler ist.</Unicode>
                </TextEquiv>
            </TextLine>
            <TextLine id="r3l38" custom="readingOrder {index:37;}">
                <Coords points="1108,2756 1151,2782 1357,2786 1966,2761 1943,2736 1108,2737"/>
                <Baseline points="1115,2767 1157,2768 1199,2769 1241,2769 1284,2770 1326,2770 1368,2771 1410,2771 1453,2771 1495,2771 1537,2771 1579,2771 1622,2771 1664,2770 1706,2770 1748,2770 1791,2769 1833,2769 1875,2769 1917,2768 1960,2768"/>
                <TextEquiv>
                    <Unicode>Bei der Aufführung, die an sich angenehm war</Unicode>
                </TextEquiv>
            </TextLine>
            <TextLine id="r3l39" custom="readingOrder {index:38;}">
                <Coords points="1117,2807 1931,2817 1967,2779 1117,2787"/>
                <Baseline points="1124,2807 1165,2807 1207,2808 1249,2808 1291,2809 1333,2809 1374,2809 1416,2810 1458,2810 1500,2810 1542,2809 1583,2809 1625,2809 1667,2809 1709,2808 1751,2808 1792,2807 1834,2806 1876,2805 1918,2804 1960,2803"/>
                <TextEquiv>
                    <Unicode>und in der drei Kollen der verständigen Ge¬</Unicode>
                </TextEquiv>
            </TextLine>
            <TextLine id="r3l40" custom="readingOrder {index:39;}">
                <Coords points="1121,2843 1954,2860 1975,2810 1120,2825"/>
                <Baseline points="1128,2845 1170,2846 1212,2846 1254,2846 1296,2847 1338,2847 1380,2847 1422,2847 1464,2847 1506,2847 1548,2847 1590,2847 1632,2847 1674,2846 1716,2846 1758,2846 1800,2846 1842,2845 1884,2845 1926,2844 1968,2844"/>
                <TextEquiv>
                    <Unicode>schicklichkeit des Herrn Charlé anvertraut</Unicode>
                </TextEquiv>
            </TextLine>
            <TextLine id="r3l41" custom="readingOrder {index:40;}">
                <Coords points="1125,2891 1970,2890 1970,2858 1903,2851 1125,2854"/>
                <Baseline points="1131,2882 1172,2884 1214,2885 1255,2886 1297,2887 1339,2887 1380,2887 1422,2887 1463,2887 1505,2887 1547,2887 1588,2886 1630,2886 1671,2886 1713,2885 1755,2885 1796,2885 1838,2885 1879,2885 1921,2885 1963,2886"/>
                <TextEquiv>
                    <Unicode>waren, durfte man freilich nicht an die des</Unicode>
                </TextEquiv>
            </TextLine>
            <TextLine id="r3l42" custom="readingOrder {index:41;}">
                <Coords points="1120,2925 1965,2916 1965,2892 1888,2886 1374,2911 1120,2891"/>
                <Baseline points="1126,2921 1167,2922 1209,2924 1250,2925 1292,2925 1334,2926 1375,2927 1417,2927 1458,2927 1500,2927 1542,2927 1583,2927 1625,2926 1666,2926 1708,2925 1750,2924 1791,2924 1833,2923 1874,2922 1916,2921 1958,2920"/>
                <TextEquiv>
                    <Unicode>Volkstheaters, geschweige denn an die Brahm¬</Unicode>
                </TextEquiv>
            </TextLine>
            <TextLine id="r3l43" custom="readingOrder {index:42;}">
                <Coords points="1119,2971 1982,2961 1948,2926 1119,2935"/>
                <Baseline points="1126,2963 1168,2964 1210,2964 1253,2965 1295,2965 1338,2965 1380,2966 1423,2966 1465,2966 1508,2966 1550,2966 1592,2965 1635,2965 1677,2965 1720,2964 1762,2964 1805,2963 1847,2962 1890,2961 1932,2960 1975,2959"/>
                <TextEquiv>
                    <Unicode>sche mit Bassermann, Rittner, Reinhardt und</Unicode>
                </TextEquiv>
            </TextLine>
            <TextLine id="r3l44" custom="readingOrder {index:43;}">
                <Coords points="1110,2997 1937,3013 1970,2969 1521,2967 1475,2993 1110,2970"/>
                <Baseline points="1117,3003 1159,3004 1201,3004 1244,3005 1286,3005 1328,3005 1371,3005 1413,3005 1455,3005 1498,3005 1540,3005 1582,3004 1625,3004 1667,3004 1709,3003 1752,3003 1794,3003 1836,3002 1879,3002 1921,3001 1964,3001"/>
                <TextEquiv>
                    <Unicode>der Triesch denken. Frl. Michalek hat nichts</Unicode>
                </TextEquiv>
            </TextLine>
            <TextLine id="r3l45" custom="readingOrder {index:44;}">
                <Coords points="1116,3042 1931,3054 1973,3003 1116,3020"/>
                <Baseline points="1122,3042 1164,3042 1206,3042 1248,3042 1291,3042 1333,3043 1375,3043 1417,3043 1460,3043 1502,3044 1544,3044 1586,3044 1629,3044 1671,3044 1713,3044 1755,3043 1798,3043 1840,3043 1882,3042 1924,3042 1967,3041"/>
                <TextEquiv>
                    <Unicode>vom süßen Mädel und zu viel vom Chantant</Unicode>
                </TextEquiv>
            </TextLine>
            <TextLine id="r3l46" custom="readingOrder {index:45;}">
                <Coords points="1123,3088 1570,3099 1769,3075 1842,3098 1971,3065 1123,3052"/>
                <Baseline points="1130,3080 1171,3081 1213,3081 1255,3082 1296,3082 1338,3082 1380,3082 1421,3083 1463,3083 1505,3082 1547,3082 1588,3082 1630,3082 1672,3082 1713,3082 1755,3081 1797,3081 1838,3081 1880,3080 1922,3080 1964,3080"/>
                <TextEquiv>
                    <Unicode>und vollends Frau von Linden mit ihrem un¬</Unicode>
                </TextEquiv>
            </TextLine>
            <TextLine id="r3l47" custom="readingOrder {index:46;}">
                <Coords points="1117,3118 1976,3122 1967,3096 1817,3085 1117,3094"/>
                <Baseline points="1124,3120 1166,3120 1208,3120 1250,3121 1293,3121 1335,3121 1377,3122 1420,3122 1462,3122 1504,3122 1547,3122 1589,3122 1631,3122 1673,3122 1716,3122 1758,3122 1800,3121 1843,3121 1885,3120 1927,3119 1970,3119"/>
                <TextEquiv>
                    <Unicode>möglichen Akzent, ihrer Routine und ihren</Unicode>
                </TextEquiv>
            </TextLine>
            <TextLine id="r3l48" custom="readingOrder {index:47;}">
                <Coords points="1117,3170 1936,3171 1969,3127 1117,3133"/>
                <Baseline points="1124,3159 1165,3160 1207,3160 1249,3160 1291,3161 1333,3161 1375,3161 1417,3161 1459,3161 1501,3161 1543,3161 1584,3161 1626,3161 1668,3161 1710,3161 1752,3161 1794,3160 1836,3160 1878,3160 1920,3159 1962,3159"/>
                <TextEquiv>
                    <Unicode>raumfüllenden Geberden hat nichts von der</Unicode>
                </TextEquiv>
            </TextLine>
            <TextLine id="r3l49" custom="readingOrder {index:48;}">
                <Coords points="1116,3206 1919,3212 1985,3183 1116,3167"/>
                <Baseline points="1122,3198 1164,3198 1207,3199 1250,3199 1293,3200 1336,3200 1378,3200 1421,3201 1464,3201 1507,3201 1550,3200 1592,3200 1635,3200 1678,3200 1721,3199 1764,3199 1806,3199 1849,3198 1892,3198 1935,3197 1978,3196"/>
                <TextEquiv>
                    <Unicode>Literatin und zu viel von einer Masseuse. Gut“</Unicode>
                </TextEquiv>
            </TextLine>
            <TextLine id="r3l50" custom="readingOrder {index:49;}">
                <Coords points="1118,3252 1970,3237 1905,3204 1118,3208"/>
                <Baseline points="1125,3239 1166,3239 1208,3239 1250,3238 1292,3238 1334,3238 1376,3238 1418,3238 1460,3239 1502,3239 1544,3239 1585,3239 1627,3239 1669,3240 1711,3240 1753,3240 1795,3240 1837,3240 1879,3240 1921,3239 1963,3239"/>
                <TextEquiv>
                    <Unicode>ist Herr Heyse ais Weihgast; gut Herr Ziegler</Unicode>
                </TextEquiv>
            </TextLine>
            <TextLine id="r3l51" custom="readingOrder {index:50;}">
                <Coords points="1114,3277 1872,3291 1975,3272 1975,3249 1114,3250"/>
                <Baseline points="1120,3276 1162,3277 1204,3278 1247,3279 1289,3279 1332,3279 1374,3279 1416,3279 1459,3279 1501,3279 1544,3279 1586,3279 1628,3278 1671,3278 1713,3278 1756,3277 1798,3277 1840,3277 1883,3277 1925,3277 1968,3277"/>
                <TextEquiv>
                    <Unicode>als Eilbert, obwohl Rittners Hartiebenerschei¬</Unicode>
                </TextEquiv>
            </TextLine>
            <TextLine id="r3l52" custom="readingOrder {index:51;}">
                <Coords points="1114,3315 1935,3327 1978,3311 1978,3265 1872,3292 1114,3292"/>
                <Baseline points="1120,3317 1162,3316 1205,3316 1247,3315 1290,3315 1333,3315 1375,3315 1418,3315 1460,3315 1503,3315 1546,3315 1588,3315 1631,3316 1673,3316 1716,3316 1759,3316 1801,3316 1844,3316 1886,3317 1929,3317 1972,3317"/>
                <TextEquiv>
                    <Unicode>nung glaubwürdiger war und obwo 1 er sich</Unicode>
                </TextEquiv>
            </TextLine>
            <TextLine id="r3l53" custom="readingOrder {index:52;}">
                <Coords points="1113,3359 1935,3372 1982,3345 1925,3319 1113,3325"/>
                <Baseline points="1119,3353 1161,3354 1204,3355 1247,3356 1290,3357 1333,3357 1376,3357 1418,3357 1461,3357 1504,3356 1547,3356 1590,3355 1633,3355 1676,3355 1718,3354 1761,3354 1804,3354 1847,3354 1890,3354 1933,3354 1976,3354"/>
                <TextEquiv>
                    <Unicode>die Freiheit nahm, die entzrickende Schluß¬</Unicode>
                </TextEquiv>
            </TextLine>
            <TextLine id="r3l54" custom="readingOrder {index:53;}">
                <Coords points="1106,3403 1974,3399 1974,3367 1912,3361 1106,3355"/>
                <Baseline points="1113,3393 1155,3394 1198,3394 1241,3395 1284,3395 1326,3395 1369,3396 1412,3396 1455,3395 1497,3395 1540,3395 1583,3395 1626,3394 1668,3394 1711,3394 1754,3394 1797,3394 1839,3394 1882,3394 1925,3395 1968,3395"/>
                <TextEquiv>
                    <Unicode>pointe durch eine von ihm ergänzte und oben¬</Unicode>
                </TextEquiv>
            </TextLine>
            <TextLine id="r3l55" custom="readingOrder {index:54;}">
                <Coords points="1104,3443 1953,3448 1975,3400 1104,3402"/>
                <Baseline points="1111,3432 1153,3433 1196,3433 1239,3434 1282,3434 1325,3434 1368,3435 1410,3435 1453,3435 1496,3435 1539,3435 1582,3435 1625,3435 1668,3435 1710,3436 1753,3436 1796,3436 1839,3436 1882,3436 1925,3436 1968,3437"/>
                <TextEquiv>
                    <Unicode>drein recht unlogische zu verderben. Der Schutz</Unicode>
                </TextEquiv>
            </TextLine>
            <TextLine id="r3l56" custom="readingOrder {index:55;}">
                <Coords points="1116,3476 1956,3490 1980,3435 1116,3448"/>
                <Baseline points="1122,3473 1164,3474 1207,3474 1249,3475 1292,3475 1334,3476 1377,3476 1419,3476 1462,3476 1504,3476 1547,3476 1590,3476 1632,3476 1675,3475 1717,3475 1760,3474 1802,3474 1845,3473 1887,3472 1930,3471 1973,3470"/>
                <TextEquiv>
                    <Unicode>des geistigen Eigentums gilt nicht nur im Sinn</Unicode>
                </TextEquiv>
            </TextLine>
            <TextLine id="r3l57" custom="readingOrder {index:56;}">
                <Coords points="1113,3523 1196,3515 1215,3525 1253,3520 1264,3530 1287,3521 1297,3528 1316,3519 1356,3523 1369,3520 1369,3486 1324,3479 1294,3489 1284,3481 1249,3485 1234,3478 1171,3490 1150,3478 1113,3491"/>
                <Baseline points="1120,3511 1146,3513 1173,3514 1200,3514 1227,3514 1254,3514 1281,3514 1308,3513 1335,3513 1362,3513"/>
                <TextEquiv>
                    <Unicode>des Plagiats.</Unicode>
                </TextEquiv>
            </TextLine>
            <TextEquiv>
                <Unicode>box 34/8
Telephon 12.801.

„ODOLIIVER
I. österr. behördl. konz. Unternehmen für Zeitungs-Ausschnitte
Wien, I., Concordiaplatz 4.
Vertrefungen
in Berlin, Budapest, Chicago, Christiania, Genf, Kopen¬
hagen, Lendon, Madrid, Mailand, Minneapolis, New-Vork,
Paris, Rom, San Francisco, Stockholm, St. Petersburg.
(Quellenalgabe ohne Gewkhr).
Ausschnitt aus: Der Merker, Wien
IGAPR.1910
vom:
Neue Wieger Bühne. Schnißlers
Einakter „Die Fragegan das Schicksal“,
„Die letzten-Masken“sund „Titeratur“ in
einer Rufführung der „Freien Volksbühne“
Keine ganz glückliche Wahl in der Zusammen¬
stellung der ersten zwei Stückchen, die trotz
all ihres äußeren Kontrastes, einander darin
zu ähnlich sind, daß in beiden eine entschei¬
dende Frage gestellt werden soll, auf die dann
doch in besserer Weisheit verzichtet wird, Nichts
überflüssiger, ais über die drei Meisterakte
zu sprechen: der erste in seiner spöttischen
Eleganz, der zweite in seinem hüllenlösenden,
allen hohlen Schein mitleidig unter sich lassen¬
den Tiefsinn und der dritte in seiner grotesken
Tariation des lbsen'schen Motivs von Wenn
wir Toten erwachen“ sind untadelige Mleinodien
einer geisivoll milden, in verdichtender Kraft
thre D.
1
I.
Form absolut erledigenden Kunst, in der
Schnitzler ein Meister ohne Nebenbuhler ist.
Bei der Aufführung, die an sich angenehm war
und in der drei Kollen der verständigen Ge¬
schicklichkeit des Herrn Charlé anvertraut
waren, durfte man freilich nicht an die des
Volkstheaters, geschweige denn an die Brahm¬
sche mit Bassermann, Rittner, Reinhardt und
der Triesch denken. Frl. Michalek hat nichts
vom süßen Mädel und zu viel vom Chantant
und vollends Frau von Linden mit ihrem un¬
möglichen Akzent, ihrer Routine und ihren
raumfüllenden Geberden hat nichts von der
Literatin und zu viel von einer Masseuse. Gut“
ist Herr Heyse ais Weihgast; gut Herr Ziegler
als Eilbert, obwohl Rittners Hartiebenerschei¬
nung glaubwürdiger war und obwo 1 er sich
die Freiheit nahm, die entzrickende Schluß¬
pointe durch eine von ihm ergänzte und oben¬
drein recht unlogische zu verderben. Der Schutz
des geistigen Eigentums gilt nicht nur im Sinn
des Plagiats.</Unicode>
            </TextEquiv>
        </TextRegion>
    </Page>
</PcGts>
