3436 4192
1217 611 2185 702 Gal 75—7 MLA–1108—p 297—9-11-31E.—B-0A—
2558 619 2723 704 —EW
1272 719 2711 804 The première was announced for December 23, 1020, in the Kleines
1231 778 2714 852 Schauspielhaus. This theatre had been opened in the fall of 1918 by Max
1236 848 2725 909 Reinhardt who had leased it from the Hochschule für Musik.? Afterthe
1240 898 2729 954 completion of the Großes Schauspielhaus Reinhardt withdrew and was
1238 950 2723 1024 succeeded first by Dr. Altmann and later by Gertrud Eysoldt and Maxi¬
1234 1007 2732 1064 milian Sladek. The Hochschule für Musik, and consequently also this
1237 1057 2731 1128 theatre, were under the jurisdiction of the Prussian Ministry of Art,
1237 1125 2733 1186 Science, and Education. At about this time the Social Democratie
1237 1184 2740 1244 ministry desiredtoterminate its contract with the lessees of this theatre
1239 1231 2725 1287 because of its plan to provide high-grade theatrical entertainment forthe
1250 1302 2734 1362 populace at nominal rates. Although no objection had been raised tothe
1239 1343 2730 1416 productions of Wedekind's Die Büchse der Pandora and Frühlings Er¬
1247 1396 2736 1459 wachen in this theatre under Reinhardt’s direction, the ministry now fell
1250 1449 2737 1523 back on a clause in the contract, contained in all such agreements, which
1255 1502 2734 1582 forbade performances of plays “welche in politischer, religiöser oder
1248 1570 2736 1626 sittlicher Beziehung Anstoß erregen.? A few hours before the première
1244 1638 2727 1694 the Hochschule für Musik obtained an injunction against the perform¬
1250 1678 2742 1746 ance under threat of imprisonment, on the ground that the book had
1257 1726 2740 1806 repeatedly been declared immoral.s° The directors, however, ignored
1253 1791 2734 1860 this, resolved to make an issue of it. The première took place without
1245 1856 2732 1910 any untoward incidents, and the majority of papers, with the exception
1249 1899 2744 1968 of the Tägliche Rundschau and a few others of the extreme right, spoke
1250 1955 2730 2023 very highly of the artistic and discreet staging of these dialogs. On Janu¬
1246 2028 2731 2101 ary 3, 1921, the injunction was voided by the same court (6. Zivilkam¬
1247 2061 2742 2133 mer des Landgerichts in) that had isse#ed it, after the directors had been
1249 2126 2740 2195 given a hearing and after the members ofthe court had witnessed a per¬
1252 2179 2741 2238 formance. In a carefully considered opinion the court not merely upheld
1257 2244 2752 2313 every claim of the defendants, but even calledthe performance“a moral
1256 2291 2739 2348 deed'’ and concluded:"Es kann für die Aufhaltung des sittlichen Ver¬
1249 2353 2743 2417 falles nur förderlich sein, diese Dinge so zurückhaltend und sachlich und
1253 2404 2753 2468 zugleich so deutlich und rücksichtslos aufzudecken und zur Erörterung
1254 2460 1979 2558 zu stellen, wie es hier geschieht. )'3
1309 2515 2742 2566 Although the findings of the court were widely published in the papers,
1255 2568 2739 2651 the prosecuting attorney's oflice of Landgericht mi almost immediately
1261 2631 2738 2695 began an investigation of its own as tothe propriety of the performance.
1254 2683 2745 2745 On February 4, 1921, Professor Karl Brunner, Regierungsrat in the
1255 2735 2734 2815 Prussian Ministry of Social Welfare and attached to the Zentral¬
1264 2797 2742 2868 polizeistelle zur Bekämpfung unzüchtiger Schriften'' as expert adviser,
1258 2849 2737 2920 submitted a report in which he denounced the performance in no uncer¬
1269 2901 2747 2962 tain terms and advised rigorous action. Professor Brunner also attended
1254 2959 2740 3024 a meeting of the female contingent ofthe Reichstag, called with the
1264 3029 2751 3099 intention of presenting an interpellation at the next session of the
1263 3078 2744 3141 Reichstag. A protest was drafted with his active assistance which was
1260 3124 2749 3191 later submitted to numerous societies in Ber in and the provinces and
1266 3184 2744 3251 signed by a host of people who had neither seen the performance nor read
1257 3237 2744 3306 the book. In this manner pressure was exerted on the prosecuting at¬
1258 3301 2744 3358 torney. On the basis of Professor Brunner’s report proceedings were in¬
1268 3356 2302 3418 stituted against the directors and actors involved.
1297 3403 2735 3475 During all this time no attempt had been made, outside of legal chan¬
1251 3474 2749 3526 nels, to interfere with the performance. On February 22, 1921, however,
1266 3532 2736 3586 an organized and prearranged demonstration on the part of nationalistic
1257 3573 2746 3632 and anti-Semitic elements took place in the fourth scene, amounting
1259 3631 2748 3702 almost to a riot. At a certain passage various members of the audience
1265 3694 2743 3758 began to shout“Schweinerei,'“ etc. This was the signal for the release of
1264 3762 2749 3815 stink-bombs, and a considerable uproar ensued. The directors as well as
1273 3798 2745 3859 the police had been forewarned and had taken precautionary measurcs.
1257 3848 2746 3918 Several dozen men and women were arrested and transported to the
1270 3921 2462 3985 police station, whereupon the performance was continued.
1310 3972 2745 4036 In view of the court'’s decision cited above the prosecuting attorney
1257 4016 2752 4074 foresaw difficulties in making out a case. Upon his motion the court (6.
1267 4067 2748 4139 Strafkammer of Landgericht in) on June 11 decided to drop the charge
1245 4127 2745 4185 against the defen lants since having ested in good faith, it was impos¬
