3392 4256
1079 113 2532 204 out ihe questionable presesfure ef uhe universttg: Schate, dple
1082 168 2540 243 pecially the waning of academie freedom in thatthe university authori¬
1075 225 2550 311 ties allowed themselves to be influenced in their jurisdiction by minis¬
1083 286 2542 349 terial decrees. It considered this all the more reprehensible as the minis¬
1075 337 2553 410 try had acted, not on ieseown initiative, but as the result of clerical
1082 373 2556 454 agitation, a charge that was not refuted. In Vienna meanwhile Hermann
1087 442 2560 514 Bahr rallied to the defencc of Reigen by announcing a public reading of
1090 500 2561 561 the book in the Bösendorfer Saal for November 8, 1903, which was, how¬
1077 567 2557 624 ever, promptly forbidden by the police. Bahr at once appealed tothe
1088 604 2561 684 Statthalterei. On November 4 he had a personal consultation with Prime
1077 673 2559 736 Minister Dr. v. Körber. Accroding to report,! Bahr’s remark that the
1075 745 2558 812 government might fear anti-Semitic demonstrations at the reading was
1088 792 2562 858 passed over in silence by the minister. Bahr also pointed out that
1086 823 2560 906 10,000 copies had already been sold without interference on the part of
1087 900 2552 960 the government. Among other things he submitted the following in sup¬
1088 954 1450 1027 port of his plea:
1096 1005 2556 1087 Es hat unserer Publizistik an dem Mut gefehlt, öffentlich für das Werk Schnitz¬
1090 1079 2561 1149 lers einzutreten. Gewiß, viele unserer Schriftsteller und Kritiker erkennen den
1090 1127 2563 1203 literarischen Wert der Dichtung Schnitzlers voll an, aber in keinem Blatte ist ein
1096 1179 2565 1248 Artikel für das Buch erschienen. So wurde das Werk eines Dichters totge¬
1102 1218 2573 1299 schwiegen, ja schlimmer als das, dem Unverstande und der Gehässigkeit
1093 1285 2557 1358 preisgegeben. Durch die Vorlesung will ich den Folgen dieser Unterlassung ent¬
1085 1355 2565 1397 gegentreten und will in den Hörern die Erkenntnis erwecken oder die Uberzeu¬
1092 1381 2572 1446 gung bekräftigen, daß es sich hier um ein literarisches Werk handelt, daß die
1098 1430 2573 1501 Form des Ganzen und die Idee, die ihm zu Grunde liegt, es zu einem Kunstwerke
1093 1485 2573 1560 machen, daß die heiklen Situationen, die in ihm vorkommen, nicht in den Dienst
1095 1537 2575 1602 frivoler Spielerei. sondern ernster Gedanken gestellt, und nicht um ihrer selbst
1098 1595 2570 1666 willen, sondern aus künstlerischen Gründen mit künstlerischer Notwendigkeit
1105 1649 1419 1715 behandelt sind.
1102 1707 2577 1785 The appeal, however, failed to change the government’s attitude. On
1094 1778 2577 1851 Friday, November 21, 1930 a reading of Reigen was given before the
1092 1838 2585 1899 Freitag-Vereinigung, a private literary society in Breslau, by Marcell
1103 1885 2578 1946 Salzer in the Riegner Saal “mit fabelhafter technischer Virtuosität und
1102 1940 2225 2000 feinster, aber keine Pointe verfehlender Diskretion.?!!
1139 2005 2576 2065 As an instance of the unpleasant consequences that followed in the
1108 2067 2571 2125 wake of Reigen Schnitzler relates that in March, 1904, the widow of a
1103 2109 2564 2187 tailor i. Vienna called on him to inform him that her son had been ex¬
1106 2159 2587 2249 pelled from the Gymnasium because he had borrowed a copyof the beok
1102 2227 1537 2302 from a schoolmate.
1152 2286 2565 2344 On March 16, 1904, the book was confiscated in Germany at the in¬
1112 2326 2569 2401 stigation of the prosecuting attorney's office in Berlin.“ In September of
1107 2396 2585 2455 the same year Ludwig and Otto Cyriacus, the two partners of the firm
1107 2440 2577 2505 Karl Knobloch, wholesale bookdealers, were summoned before the
1108 2503 2583 2568 criminal court in Leipzig, charged with the sale of Reigen. They pleaded
1106 2563 2576 2626 not guilty and were acquitted, but the further sale of the book was for¬
1112 2618 2584 2680 bidden for all of Germany. Against this decree the owner of the Wiener
1120 2659 2579 2726 Verlag, Fritz Freund, appealed, unsuccessfully, to the Supreme Court at
1104 2721 2581 2786 Leipzig.½ This prohibition of Reigen was later extended, according to an
1107 2775 2587 2842 announcement of the prosecuting attorney's office in Leipzig, to include
1115 2824 2577 2908 the Polish translation published in Cracow under the title Taniec mi¬
1108 2891 1438 2964 tosci i Zycia.!“
1144 2959 2581 3009 As early as 1905 Arnold Korff approached Schnitzler with suggestions
1109 2998 2579 3074 for producing the work, and a Mrs. Tagger began adapting it for the
1106 3057 2574 3138 stage in a French translation. In both cases the author refused his au¬
1119 3105 2586 3184 thorization. In the course of the next few years several readings of Rei¬
1105 3171 2570 3228 gen were given under private auspices, and tnerefore without interfer¬
1118 3215 2587 3276 ence on the part of the authorities. On Nevember 22, 1905, Joseph
1117 3275 2598 3348 Giampietro, the well-known actor, gave a recitation of Reigen in the
1146 3340 2580 3409 8 Cf. Schnitzler's letter to Giampietro of September 13, 1912, embodied in an article by
1114 3403 2590 3456 Max Epstein, Berliner Zeitung am Mittag, February 21, 1921 and reprinted in Der Kampf
1105 3457 1518 3535 um den Reigen, pp. 20 f.
1156 3478 2575 3584 * The complete“ Disziplinarbeschluss'’ was published in the Münchner Neueste Nachrich¬
1116 3547 1513 3613 ten, December 5, 1903.
1143 3580 1860 3650 10 Cf. Berliner Zeitung, November 8, 1903.
1148 3639 1959 3687 U1 Breslauer Morgen-Zeitung, November 11, 1003.
1148 3682 1992 3744 12 Münchner Neueste Nachrichten, March 18, 1004.
1146 3727 1745 3793 13 Die Zeit (Wien), October 1, 1904.
1146 3770 2587 3825 14 Leipziger Neueste Nachrichten, February 5, 1905. In 1904 the book was also translated
1117 3812 2593 3891 into Hungarian by Brödy Sändor under the title Körbe-körbe and published in Budapest.
