3392 3936
1148 141 2626 198 prohibit the performance, but the latter refused to change his original
1153 195 2616 250 decision.“ Thereupon the Federal Government forbade further perform¬
1151 238 2626 303 ances "aus Beweggründen der öffentlichen Ordnung,' basing its decision
1153 288 2619 360 on paragraph five of the theatre regulations of the year 1850. The burgo¬
1157 357 2630 413 master considered this unconstitutional and refused totake notice ofit.
1151 416 2637 468 Reigen was continued. Under the leadership of Deputy Leuthner the
1146 454 2633 512 Social Democrats immediately interpellated the minister whether he
1157 513 2633 578 would at once revoke the unconstitutional decree. Stormy scenes fol¬
1160 565 2627 642 lowed, resulting almost in physical encounters between Christian Social¬
1145 631 1725 691 ists and Social Democrats.
1201 685 2644 743 The Federal Government turned around and impeached Burgomaster
1156 742 2629 801 Reumann before the Constitutional Court“wegen schuldhafter Reichts¬
1150 799 2637 858 verletzung durch Nichtbefolgung einer von der Bundesregierung in einer
1151 839 2639 902 Angelegenheit der mittelbaren Bundesverwaltung ergangenen Anord¬
1166 914 2637 982 nung.' Proceedings began on April 26, 1921. The burgomaster was ac¬
1174 954 1394 1035 quitted.“
1215 973 2634 1066 What was Schnitzler’s attitude during all these imbroglios? On Febru¬
1150 1074 2644 1144 ary 12 an editor of a Viennese newspaper met him talking a walk, but
1169 1118 2642 1182 the author refused to be interviewed. When pressed to make an au¬
1166 1176 2646 1246 thoritative statement to help clear up misunderstandings, he at length
1158 1238 1299 1301 said:
1206 1286 2620 1368 Ob Reigen auf die Bühne gehört, darüber kann man, darf man diskutieren—
1156 1358 2644 1434 aus ästhetischen und dramaturgischen Gründen. Daß aber durch die Aufführung
1157 1428 2647 1491 meines Werkes die Sittlichkeit verletzt wird—das ist ein Standpunkt, über den
1157 1484 2643 1527 ernsthaft zu reden keine Möglichkeit bestcht. Es wäre vielleicht ein Möglichkeit,
1162 1519 2642 1570 darüber zu sprechen, wenn dieses—angeblich—beleidigte Sittlichkeitsgefühl
1161 1580 2657 1635 auch bei anderen Gelegenheiten sich zeigen würde oder gezeigt hätte und zum
1171 1623 2355 1681 mindesten den gleichen Anlaß zum Einschreiten geboten hätte.
1211 1691 2642 1757 After pointing out that the production was tactful, avoiding every¬
1170 1754 2069 1837 thing that might give offence, he continued:
1203 1845 2633 1912 Es gibt Leute, die in aller Ehrlichkeit Reigen für unerlaubt halten, die aus in¬
1160 1891 2640 1949 nerer Uberzeugung heraus mein Werk ablehnen. ich achte diese Uberzeugung,
1167 1938 2640 1998 wie ich jede Uberzeugung respektiere. Aber ich glaube nicht, daß die Leute zu
1158 2004 2651 2058 den aufrichtigen Menschen gehören, die aus einer ästhetisch-dramaturgischen
1163 2044 1736 2122 Frage ein Politikum machen.
1223 2107 2651 2188 When questioned as to probable further developments in the matter,
1158 2192 2636 2240 he laconically replied: Read my Professor Bernhardi.?' The editor
1168 2230 2648 2295 asked: " Because there too a non-political affair is made a political
1170 2283 2655 2349 issue?'' Schnitzler answered: The professor goes back to his work. /45
1216 2334 2652 2408 The appeal of the Deutsches Volkstheater against the prohibition of
1172 2395 2648 2465 Reigen was granted in January, 1922. Some newspapers shortly after¬
1176 2452 2649 2522 ward reported that Schnitzler had withdrawn his original refusal and
1175 2496 2649 2575 authorized the resumption of the performances. In a letter to Director
1175 2564 2650 2639 Bernau he flatly denies this and once more clearly sets forth his stand¬
1177 2623 1334 2702 point:
1205 2674 2641 2767 Ich werde die Wiederaufnahme der Reigen-Vorstellungen an den Kammer¬
1175 2752 2654 2818 spielen oder an irgendeiner anderen Wiener Bühne nur dann gestatten, wenn die
1167 2805 2647 2877 hier in Betracht kommenden Behörden, die selbstverständlich nach reiflicher
1181 2858 2658 2917 Uberlegung das Verbot erlassen, und es nun, selbstverständlich nach ehenso
1168 2905 2655 2980 reiflicher Uberlegung, aufgehoben haben, sich geneigt erklären, die Darsteller
1177 2951 2657 3023 und das Publikum sowohl vor Ausbrüchen mehr oder minder ecktersittlicher
1172 3003 2650 3068 Entrustung als auch vor angezettelten Pöbeleien zu schützen, und wenn diese Be¬
1175 3060 2659 3125 hörden überzeugt sind, solche Schutzmaßnahmen, wie es in anderen zivilisierten
1189 3101 2655 3173 Städten gelungen ist, mit Sicherheit praktisch durchführen zu können. Ehe nach
1176 3161 2643 3221 dieser Richtung hin die mir im Interesse der Darsteller und des Publikums not¬
1190 3217 2659 3267 wendig erscheinenden Garantien nicht vorliegen, erliebe ich in aller Form Protest
1172 3267 2648 3329 gegen jeden Versuch einer Wiederaufnahme meiner Szenenreihe Reigen in den
1185 3312 2650 3383 Spielplan der Kammerspiele, was ich Sie, verehrter Herr Direktor, freundlichst
1174 3368 1800 3454 zur Kenntnis zu nehmen bitte.“
1217 3433 2651 3529 3 Cf. Neue Freie Presse, February 8, 1021. The Illustrierte Kronenzeilung quotes the
1183 3524 2657 3577 optician Franz Hermann, one of those arrested, to the effect that all six of them belonged
1174 3562 2645 3627 tothe Deutsche Volkspartei (Orei Party) and that neither he nor his comrades had wit¬
1175 3608 2648 3669 nessed the performance or read the book, but had merely seen newspaper accounts of it.
1215 3658 1930 3712 *8 Cf. Neue Freie Presse, February 14, 1921.
1206 3707 2025 3764 39 Cf. Neues Wiener Journal, February 17, 1921.
1212 3744 2092 3812 40 Neue Freie Presse (Abendblatt), February 17, 1921.
1212 3788 2644 3853 4 The Neue Freie Presse, February 11, 1921, gives a lengthy account of this constitu¬
1183 3838 1963 3905 tional conflict with allthe pertinent documents,
1175 3891 1975 3938 42 Wiener Allbemeine Zeitung, Abril 20 1921.
