3436 4320
1212 214 1390 284 Cas
1751 221 2199 298 box 22/7
293 221 1600 310 17.2. Der tanferian
1677 1549 1842 1635 .
476 1589 2841 1694 34jährige Komponist, der übrigens als einstmaliger Schütz=hellen Formenbau. Mit der kaum zu übertreffenden Aus¬
466 1621 2842 1736 ling von Johannes Brahms und als jetziger Schwiegersohn führung dieses entzückenden Werkes voller Grazie und
474 1668 2842 1778 Anton Dvoräks a priori als eine interessante musikalische Humor (Scherzo!) lösten die Herren des Petri=Quartetts
464 1705 2849 1824 Persönlichkeit gelten darf, wiederholt vor die Dresdner seinen schier endlosen Beifallsjubel aus, der sie immer und
469 1733 2844 1867 getreten. Nicht ganz in dem gleichen Maße wie durch die limmer wieder auf die Stätte ihres Triumphes berief. Noch
466 1795 2843 1893 genannten Umstände führte sich Suk gestern mit seinemstiefere und nachhaltigere Eindrücke erzielten die Herren
471 1826 2841 1933 B=Dur=Quartett als interessante Musikerpersönlichkeit ein. mit der strotz eineusstreikenden E=Seite des Primgeigers
463 1867 2835 1985 Gewiß spricht alles in seinem Werl für ein tüchtiges for= ohne Unterhnechtsig zu Ende geführten) Wiedergabe des
465 1902 1652 1986 males Können; auch das ängstliche Vermeiden jedes Ge¬
1638 1937 2842 2037 kraft= und fäststrotzenden Brahmsschen C=Moll=Quartetts
461 1950 1646 2025 meinplatzes, jeder Trivialität nimmt für Suk und sein
468 1979 1640 2060 Schaffen ein. Was aber dem Werk sehlt, das ist jene frisch¬
1644 1985 2804 2075 qusApus 51, mit dem sie den Abend beschlossen. —dt.
459 2014 616 2077 „ulint.
1696 2027 2839 2122 ** Literarische Gesellschaft: Gastspiel des Münchner
1633 2072 2828 2159 Marionettentheaters. Puppenspiele! Der geheimnispolle
1641 2115 2825 2204 Reiz, der die an Schnüren baumelnden, feinmodellierten
1634 2153 2822 2232 Holzpuppen umgibt — der groteske Widersppuch zwischen
1627 2184 2828 2274 der Starrheit ihrer Miene und der erstaunlichen Lebendig¬
1624 2224 2834 2319 keit ihrer Gesten — endlich vielleicht ein Zurücksehnen nach
1626 2266 2828 2360 den einsachen, phantasie=umwobenen Spielen der Kind¬
1628 2304 2813 2392 heit — alles dieses hat gerade in unserer Zeit, in der
1619 2353 2824 2426 Periode der zu höchst gesteigerten Illusionskunst, dem
1624 2387 2826 2471 putzigen Treiben der Marionetten eine neue Beliebtheit
1615 2425 2812 2500 geschaffen. Allenthalben tun sich kleine Puppenbühnen auf.
1618 2460 2810 2531 Eine der ersten, vielleicht die erste künstlerische Marin¬
1621 2483 2614 2585 nettenbühne, die unter diesen Auspizien hervortra
2727 2532 2820 2593 das
1613 2529 2585 2611 unter Leitung von Paul Braun stehende „M.
1614 2580 2559 2650 theater Münchner Künstler“, das sich am Monta
1621 2616 2563 2689 des Neuen Kasinos den Mitgliedern der Litere
1613 2651 2405 2716 sellschaft mit der Aufführung von Axtur
1619 2696 2606 2769 rem Kafsian“ und Pergoleses #
1609 2728 2661 2809 buffa „Die Zofe als Herrin“ (La serva padrone) vor
1613 2784 2682 2848 hat. Diese Bühne ist mit allem Rüstzeng der moder
1614 2805 2742 2881 Theatertechnik versehen. Sie ist eine Drehbühne — Laute
1627 2848 2813 2925 schlägers letztes Werk — und auf der rückwärtigen Hälfte
1606 2901 2801 2959 der Scheibe steht schon die Szene für den nächsten Akteoder
1601 2920 2806 2992 das nächste Stück bereit. Quer über die Bühne läuft in
1613 2953 2815 3050 Tentsprechender Höhe ein Steg, von dem aus die „Schau¬
1905 3033 2532 3223 dien Nax
