3436 4384
1713 323 2157 417 box 22/7
240 311 1558 439 17.2. Der tapfere Cassian
924 602 1107 684 Telephon:
823 658 1169 714 Präsidium Nr. 23898
2003 660 2385 750 Postsparkassen-Konto
835 704 1038 740 Direktion
2087 720 2280 780 Nr. 19159.
833 698 2015 778 Tagerhasse: 2300 WILITLK NKANIA
1298 749 1920 832 WIEN, I. ASTEKNFLATZ.
823 795 2380 870 önter dem hoben Protektorate Seiner k. und k. Hoheit des durchlauchtigsten Nerrn ERZHERZOGS CARL FRANT JOSEPR.
826 856 2375 910 Sahventioniert von dem k. k. Ministerium für Kultus und Unterricht, von der Landesvertretung des
820 882 2377 957 Erzherzogiums Osterreich unter der Enns und von der Gemeindevertretung der k. k. Reichshaugt.
1393 919 1801 957 und Residenzstadt Wien.
1538 956 1660 1052 212
824 1106 2336 1191 Marionetten-Theater Münchener Künstler.
1011 1228 2147 1323 Freitag, den 17. März, ½8 Uhr abends:
1348 1342 1813 1415 Zum erstenmal:
1168 1453 1963 1549 Der tapfere Cassian.
1143 1547 2008 1615 Puppenspiel von Artur Schnitzler.
1156 1608 1975 1684 Figuren von Professor ignatius Taschner.
1457 1680 1657 1770 Hierauf:
1127 1764 2012 1878 Bastien und Bastienne.
977 1847 2168 1932 Komische Oper von Wolfgang Amadeus Mozart.
1036 1915 2113 1996 Dekorationen und Figuren von Professor Jakob Bradl.
907 2005 2349 2073 Der 17. März bringt abermals einen Premièrenabend des Marionetten¬
799 2054 2347 2131 Theaters, das infolge seiner erlesenen Darbietungen ununterbrochen eines äußerst
799 2082 1368 2156 regen Besuches sich erfreut.
909 2134 2353 2207 Das neue Programm weist zwei besonders anziehende Stücke auf. Voran
794 2168 2350 2249 geht das groteske Puppenspiel =Der tapfere Cassians, welches der hoch¬
792 2224 2342 2291 geschützte Schriftsteller Artur Schnitzler eigens für Paul Branns Mario¬
789 2269 2353 2333 netten-Theater gedichtet hat. Es ist eine urkomische Parodie auf Liebe und Treue,
790 2286 2352 2384 in der auf neue Art gezeigt wird, wie ein kühner Prahlhans einem Schwächling
794 2331 1224 2391 die Liebste entreißt.
894 2381 2344 2446 Dieser Groteske folgt ein zierliches Schäferspiel, ein Rokokoidyll,
794 2412 2352 2499 „Bastien und Bastiennes, dessen niedliche. entzückende Musik Mozart
781 2447 1636 2527 im Alter von zwölf Jahren geschrieben hat.
787 2516 2344 2603 Weitere Aufführungen finden Samstag, den 18. März und die folgenden Tage,
1339 2572 1801 2640 ½8 Uhr abends, statt.
889 2629 2349 2703 Das vermöge der reichen Ausstattung mit Lichteffekten, Verwandlungen
778 2685 2341 2747 und seiner abwechslungsreichen naiven Handlung für Kinder ganz besonders ge¬
783 2707 2340 2772 eignete Märchendrama =Die Zaubergeiges in fünf Akten mit Gesang und
784 2746 2355 2806 Tanz von Franz Graf Pocci. Musik von Richard Trunk, gelangt Montag.
777 2810 2344 2872 Mittwoch, Freitag und Samstag um ½5 Uhr sowie jeden Diens¬
776 2844 2337 2917 tag und Donnerstag als Kindervorstellung um 3 Uhr nach¬
774 2871 1325 2928 mittags zur Darstellung.
891 2926 2343 2983 Jeden Dienstag. Mittwoch, Donnerstag und Samstag um
775 2960 2338 3012 6 Uhr abends wird die reizende Offenbachsche komische Oper -Das Mäd¬
777 3009 2346 3061 chen von Elizondos oder sl.a servapadronas (-Wie die Zofe Herrin
776 3041 1811 3096 wirde), komische Oper von Pergolese, gegeben.
897 3091 2328 3144 An Sonn- und Feiertagen finden vier Vorstellungen statt, und zwar
770 3112 2339 3176 um 3 Uhr „Das Mädchen von Elizondos, um ½5 Uhr =Die Zauber¬
768 3177 2343 3237 geiges, um 6 Uhr -La serva padronas, um ½8 Uhr -Der tapfere
767 3205 1834 3270 Cassians, hierauf -Bastien und Bastiennes.
1289 3253 1816 3331 Preise der Plätze:
1246 3324 1545 3398 Nachm. Abends
2039 3346 2339 3402 Nachm. Abends
754 3357 1180 3435 Loge (4 Personen)
1284 3373 1531 3434 8.— K 12.—
1554 3356 2320 3439 Parterresitz9.—14, Reihe K 1.40 K 2.—
1143 3385 1294 3482 *
1409 3420 1525 3474 5.—
756 3422 1150 3484 Logensitz 1. Reihe
1739 3420 1918 3472 15.—20.
2085 3426 2339 3487 .80 „ 1.20
1267 3457 1516 3519 1.40 „ 2.—
1570 3439 1951 3525 Balkonsitz 1. Reihe
2047 3460 2155 3520 2.—
757 3468 1450 3557 Parkettsitz 1.—3. Reihe  3.—
1756 3503 2330 3573 2. u. 3. Reihe . 1.— 1.40
1232 3534 1522 3598 „ 2.— „ 3.—
968 3539 1145 3609 4.—8.
1950 3545 2340 3612 „ —.60 „ —.80
753 3598 2316 3676 Ordentliche Mitglieder der Wiener Urania (Finmalig K 200.— oder Jahresbeitrag
760 3663 2325 3712 K 20.—) genießen 50%, unterstützende Mitglieder (Jahresbeitrag K 5.—) 25%
1401 3700 1678 3763 Ermäßigung.
828 3765 2261 3864 Es wird empfohlen, die Karten im Vorverkauf sich baldigst zu sichern.
755 3875 2311 3947 Telephonisch oder brieflich bestellte Sitze können nur bis spätestens 18 Uhr
1274 3921 1797 3970 abends reserviert werden.
1834 3979 2281 4065 Die Direktion.
739 4074 2318 4160 Kartenvorverkauf (ohne Preiserhöhung) an der Tageskasse (Eingang Georg Coch¬
747 4141 2314 4206 gasse; Telephon 23.909) von 9 Uhr bis 5 Uhr, an Sonn- und Feiertagen von 10 bis
1030 4195 2008 4248 12 Uhr. sowie in sämtlichen Theaterkartenbureaus.
