3436 4320
298 233 1591 334 17.2. Der tanfere Cassian
1205 1590 1593 1669 Telephon 12801.
473 1773 1596 1868 P MMRTTETSMHMN
436 1832 539 1879 —
458 1864 1592 1918 ∆ l. österr. behördl. konz. Unternehmen für Zeitungs-Ausschnitte
614 1918 1500 1992 Wien, I., Concordiaplatz 4.
466 1982 534 2043 2
853 1991 1270 2052 Vertretungen
465 2036 1582 2094 0 in Berlin, Budapest, Chicago, Christiania, Genf, Kopen¬
460 2090 1601 2137 hagen, London, Madrid, Mailand, Minneapolis, New-Vork,
553 2131 1575 2184 Paris, Rom, San Francisco, Stockholm, St. Petersburg.
873 2169 1262 2224 (Quellenangabe ohne Gewähr.)
450 2204 881 2292 = Ausschnitt au
859 2249 1699 2365 Neuigkeits Weltblatt. Wien
451 2319 670 2383 E vom:
1245 2348 1452 2426 „ .
951 2366 1432 2472 unten a.
516 2494 1504 2556 Das Marionettentheater Münchener Künstler im
475 2554 1504 2597 Kabarett „Fledermaus“ Gestern nachmittags wurde
485 2586 1511 2647 im Kabarett „Fledermans“ vor geladenen Gästen die
500 2615 1508 2675 Generalprobe eines eigenartigen, in den Rahmen des
494 2658 1511 2711 Kabaretts vorzüglich passenden Miniaturtbeaters abge¬
494 2712 1512 2759 halten. Sie sind auch in Wien bekannt, die Marionetten¬
492 2749 1516 2788 theater, denen das kleine Volk in hellen Scharen zuströmt.
498 2772 1509 2829 Das Marionettentheater Münchener Künstler des
494 2803 1514 2869 Münchener Schriftstellers Baul Brann jedoch, das für
504 2848 1518 2903 kurze Zeit im Kabarett „Fledermaus“ ihr Heim auf¬
490 2881 1506 2935 schlägt, bietet auch den Großen des Ergötzlichen genug.
482 2925 1501 2985 Das Graf Franz von Poccische Stück: „Eulenschloß“
492 2937 1518 3016 ein mit unglaublicher Zauberei vermischtes Drama in
488 3005 1530 3053 vier Akten, ist ein Puppenspiel, an dem sich groß und
495 3030 1521 3090 klein in gleichem Maß erfreuen kann; dagegen paßt
494 3062 1518 3127 Schnitzlers „Der tapfere Kassian“ nicht für Kinder. Der
500 3105 1528 3174 Generalprob wohnten auch Arbeitsminister Dr. Geß¬
492 3150 1519 3197 mann, Landesausschuß Prof. Sturm, Abg. Ax¬
472 3180 1541 3273 mann und Professor Oberbaurat Otto Wagner bei.
1743 236 2203 318 box 22/7
2733 1155 3123 1247 Telephon 12801.
1983 1280 2064 1358 6
1995 1349 2060 1421 2
2405 1330 3107 1445 TtreTurshunng
2017 1354 2401 1453 MunMmHr
1982 1421 3123 1486 O l. österr. behördl. konz. Unternehmen für Zeitungs-Ausschnitte
2153 1482 3023 1575 Wien, I., Concordiaplatz 4.
1964 1565 2071 1626 2
2367 1560 2803 1625 Vertretungen
2101 1598 3126 1665 Berlin, Budapest, Chicago, Christiania, Genf, Kopen¬
1984 1648 3127 1715 hagen, London, Madrid, Mailand, Minneapolis, New-Vork,
2090 1689 3100 1756 Paris, Rom, San Francisco, Stockholm, St. Petersburg.
2395 1736 2782 1788 (Quellenangabe ohne Gewähr.)
2023 1794 3162 1916 5 Ausschnitt AWIENER ABENDPOST
1983 1851 2022 1912 :
1980 1901 2209 1963 E vom:
2206 1913 2555 2002 B
2112 2019 3108 2103 □ (Marionetten=Theater.) Gestern veranstaltete das
2060 2083 3096 2138 berähmte Marionetten=Theater der Münchener
2063 2125 3089 2185 Künstler vor seinem in den Räumen der „Fledermaus“ zu
2060 2166 3085 2216 absolvierenden Wiener Gastspiel eine Generalprobe vor ge¬
2052 2208 3087 2260 ladenem Publikum. Es sei gleich gesagt, daß sie glänzend
2061 2227 3094 2293 ausfiel und daß man alsbald die günstigsten Eindrücke von
2053 2285 3083 2328 diesem durchaus künstlerischen, die besten Überlieferungen
2058 2327 3082 2380 des ehrlichen alten deutschen Puppenspieles wahrenden und
2049 2369 3090 2428 zielbewußt weiterführenden Unternehmens gewonnen hatte.
2053 2405 3084 2456 Hier verknüpfen sich Alt und Neu zur schönsten Einheit. Es
2053 2464 3092 2500 ist viel Humor und Geschmack in dem Gebotenen, gesunder,
2057 2486 3083 2537 deutscher Volkshumor, eine schalkhafte, naive, treuherzige
2049 2525 3080 2569 Satire und ein sehr geläuterter Kunstgeschmack. Zuerst wurde
2054 2567 3086 2619 gegeben: „Der tapfere Cassian“, ein Puppenspiel
2050 2604 3094 2652 von Artux Schnitzler; darauf folgte: „Das Eulen¬
2051 2643 3096 2700 schloß“ vom Gräsen Franz Pocci, der für das
2058 2693 3085 2737 deutsche Puppenspiel so viel Kluges, Witziges, Phantastisches
2046 2730 3101 2791 erneuernd und wiedererweckend getan hat. Schnitzlers
2792 2764 2883 2820 ist
2886 2768 3091 2821 der Ton
2063 2768 2791 2823 „Cassian“ unterhielt vortrefflich; hier
2047 2797 3089 2855 naiver Übertreibung, selbstverständlicher Verzerrung, der
2046 2849 3089 2891 Versteifung der Begriffe, Vorstellungen und Gefühle gut
2052 2906 3092 2938 getroffen; Pocci ist in seiner Kasperliade bei aller derb¬
2057 2922 3091 2978 holzschnittmäßigen, echt Hampelmännischen Anlage doch auch
2059 2970 3098 3027 sehr fein satirisch in seinen Anspielungen und Ausfällen.
2058 3009 3089 3049 Die Aufführung ging tadellos vonstatten; die kleinen
2051 3050 3092 3098 Puppen agierten an ihren Drähten manchmal wirklich viel
2063 3084 3096 3134 eindrucksvoller und natürlicher als so manche sehr lebendige
2065 3130 3093 3184 Schauspieler. Sie fanden viel wohlverdienten Beifall. Es
2050 3168 3095 3209 sei noch erwähnt, daß die Figuren zu den beiden Komödien
2053 3205 3099 3260 von Professor Jakob Bradl sind, die Dekorationen von
2055 3251 3103 3304 demselben Künstler und Alexander von Salzmann, und
2047 3289 3097 3353 daß die wahrhaft künstlerische Leitung Paul Braun in
2062 3338 2878 3395 Händen hatte. Alles ging wie am Schnürchen.
