3436 4320
300 222 1590 302 17.2. Der tanfere Gassian
1095 1296 1502 1379 Telephon 12801.
347 1462 1480 1584 s MinNpTereSN
366 1547 1484 1628 □ l. österr. behördl. konz. Unternehmen für Zeitungs-Ausschnitte
516 1612 1396 1715 Wien, I., Concordiaplatz 4.
756 1697 1175 1749 Vertretungen
353 1702 453 1762 4
425 1739 1484 1800 in Berlin, Budapest, Chicago, Christiania, Genf, Kopen¬
436 1771 1498 1855 hagen, London, Madrid, Mailand, Minneapolis, New-Vork,
363 1807 428 1866 755
461 1809 1476 1890 Paris, Rom, San Francisco, Stockholm, St. Petersburg.
770 1865 1160 1916 (Quellenangabe ohne Gewähr.)
1052 1893 1186 1965 5. 190
360 1922 841 2010 * Ausschnitt aus:
754 1956 1407 2043 Mamburger Nachrichten
351 2038 592 2102 E vom:
905 2038 1227 2126 bur
525 2143 1623 2242 (Kleine Theater= und Musik=Chronik.] Kammersän¬
396 2193 1623 2277 gerin Marie Götze, die beliebteste Altistin der Berliner
395 2227 1628 2317 Hofoper, ist erkrankt und mußte sich zur Heilung eines inneren
393 2267 1632 2340 Leidens einer Operation unterziehen. — Das „Marionetten¬
389 2304 1623 2393 theater Münchener Künstler“ und die „Schwabinger
393 2345 1610 2428 Schattenspirte“, die auf der „Ausstellung München
396 2378 1615 2461 1908“ im Kleinen zu versuchen scheinen, um was das neue „Künst¬
388 2411 1618 2507 lertheater“ im Großen bemüht ist, das ist: der szenischen Dar¬
387 2456 1616 2545 stellung von heute gewaltsam, und sei es durch die Flucht hinter
383 2498 1628 2588 Puppen und Schatten, den Stil wiederzugeben, den sie nun einmal
396 2533 1624 2621 verloren hat, sie gaben am Eröffnungstage der Ausstellung auch
387 2578 1623 2665 ihrerseits ihre ersten Vorstellungen. Das von Paul Brann ge¬
385 2611 1624 2693 leitete Marionettentheater brachte zunächst den „Tapferen
387 2654 1624 2738 Cassian“ von Arthur Schnitzler und das „malerische Lust¬
386 2686 1621 2775 spiel" „Kasperlals Portraimaler“ vom Grafen Poccei,
376 2731 1625 2815 und es war amüsant zu sehen, wie anstandslos der alte harmlose.
374 2760 1620 2856 Romantiker den mit individuellen Zügen und etwas problematischer
379 2802 1616 2905 Psychologie beschwerten Neu=Wiener aus dem Felde schlug. Die
379 2845 1613 2925 Puppen wollen, scheint's, keine Probleme. Die Figuren, von den
381 2872 1603 2963 Heren Professoren Ignatius Taschner und J. Bradl ausge¬
378 2913 1608 3014 führt, waren äußerst charakteristisch, sowie die ganze Ausstattung
376 2956 1607 3038 des kleinen Theaters, von erfreulichem Geschmack. Die „Schwa¬
382 2994 1604 3081 binger Schattenspiele" leiteten mit einem Spiel von Karl
371 3029 1597 3122 Wolfskehl ein: „Wolfdietrich und die rauhe Els“
377 3069 1598 3152 das in schönen, tiefen Versen und wenigen einfachen Bildern
383 3115 1604 3206 mustergültig für die Art des ernsten Schattenspiels überhaupt, die
364 3156 1605 3241 tragische Verzauberung des Helden und die Erlösung der Zauberin
368 3186 1592 3273 behandelt. Den Beschluß machte ein reizendes Schauspiel von
367 3235 1596 3313 Coppelius: „Der heilige Antonius“, das den in die
376 3266 1588 3354 Höhle des abwesenden frommen Mannes verirrten Kasperl prompt
369 3308 1590 3377 den Versuchungen durch alle sieben Todsünden erliegen und sodann
372 3358 1592 3435 als den Unrechten aus der Hölle wieder hinausgeworfen werden
362 3388 1372 3470 läßt. Die Vorführungen fanden freundlichen Beifall
1750 207 2200 291 box 22/7
2662 595 3046 681 Telephon 12801.
1942 767 2838 868 MUMRTLA
1919 858 3071 924 O l. österr. behördl. konz. Unternehmen für Zeittings-Assschnitte
2082 908 2963 996 Wien, I., Concordiaplatz 4.
2297 973 2742 1045 Vertretungen
1971 1017 3060 1081 in Berlin, Budapest, Chicago, Christiania, Genf, Kopen¬
1900 1087 3068 1142 hagen, London, Madrid, Mailand, Minneapolis New-Vork,
2008 1118 3026 1171 Paris, Rom, San Francisco, Stockholm, St. Petersburg.
2308 1164 2716 1220 (Quelienangabe ehne Gewühr
1917 1199 3105 1318 7 Ausschnitt aus Münchner Raueste Nachrichten
1903 1288 2621 1369 E vom: 19. MAl. 1908
2042 1516 2853 1609 Ariassielal
2020 1708 3003 1808 Miulihen 200
2066 1784 2992 1847 m. Das Marionettentheater Münchner Künstler
2042 1838 2986 1890 at am Samstag seine sommerliche Spielzeit auf der
2028 1866 2988 1927 Ausstellung München 1908 (Vergnügungspark) er¬
2029 1923 2986 1969 örfnet. Die auf 6 Uhr festgesetzte Vorstellung für
2024 1960 2982 2003 den Neuen Verein konnte nicht stattfinden, da der
2039 1999 2987 2048 ##ettrische Strom streilte. So kam man denn nach
2037 2044 2989 2094 zwei Stunden, nachdem mon eine prächtige Däm¬
2035 2076 2971 2133 merung erlebt hatte, wieder und ließ sich von den
2030 2096 2992 2165 kleinen Akteuren des Herrn Paul Brann
2037 2153 2989 2217 Schnißlers „Tapferen Kassian“ und Portis
2008 2182 3009 2245 aiperl als Porträtmaler“ vorspielen. Wenn
2029 2230 2990 2283 mun nach dieteneriten nan den größten Dewierig¬
2034 2277 2999 2321 leiten bedrängten Abend urteilen darf so steht die
2028 2310 2979 2358 kteine Bühne einer glänzenden Saison enigegen
2026 2346 2979 2411 Vor allen Dingen Porei) der liebenswürdige Dich¬
2030 2384 2961 2439 ## Zeichner und Zeremonienmeister, hat trotz sei¬
2115 2428 2993 2484 Gestorhenge####e seinen lebendigen Konkur¬
2035 2431 2109 2490 ner
2189 2464 2987 2508 Schnitzter glänzend triumphiert. Man¬
2039 2475 2185 2523 renten
2031 2503 2987 2558 # sich heim Tapjeren Kassian über die reizen¬
2144 2550 2985 2602 frech und frisch geschnitzten Puppen von
2020 2541 2143 2607 den,
2038 2583 2983 2637 ##ckerie, ließ sich wohl auch insgeheim vom
2040 2623 2980 2669 Todestlagen und Sterben der Puppe Martin er¬
2031 2659 2974 2715 schüttern. Aber wie rasch verflog das alles mit der
2036 2716 2986 2753 riten Bewegung, die Poccis lustiger Kaspar Lari¬
2036 2738 2979 2793 fart in die Luft radierie. Dieser Kaspar ist fürwahr
2030 2778 2972 2827 der Kainz unter den Puppen. Er spielte so toll aus¬
2028 2828 2966 2871 gelassen, so glänzend sicher, so erschütkernd komisch,
2035 2854 2978 2902 daß der Beifall mehrfach bei offener Szene losbrach,
2038 2891 2988 2951 In der Darstellung der Betrunkenheit unterstützte
2028 2937 2984 2982 ihn seine hölzerne, drahtgezogene Natur so hervor¬
2027 2977 2985 3027 ragend, daß man wahrhaftig alle lebendigen Schau¬
2037 3023 2975 3069 spieler, die ähnliches zu leisten haben, in seine
2040 3061 2983 3106 Schule schicken möchte. Und wie konnte er tanzen!
2045 3089 2992 3145 Er flog und hüpfte mit seinen kurzen, dicken Beinen
2038 3135 2988 3195 ### toll auf der Bühne herum, daß man schier glau¬
2025 3172 2983 3231 den konnte, er würde an Drähten gezogen, so hatte
2034 3213 2973 3272 #### alle Schwere überwunden. Demnächst wird noch
2031 3252 2987 3305 ausführlicher auf die Leistungen der Braunschen
2041 3292 2980 3351 Truppe zurückzukommen sein Heute nur soviel:
2033 3338 2419 3389 Sie sind vorzüglich!
2071 3353 2991 3438 Es findet laglich bis auf beiteres um 4 Uhr die
2029 3411 2977 3463 Vorstellung „Das Eusenschloß“ vom Grafen Porei
2042 3443 2988 3511 mit Figuren von Professor Jalob Bradl, Dekora¬
2037 3486 2986 3539 tionen von demselben und Alexander v. Salzmann
2477 3524 2992 3586 Um 6 Uhr wird „Das
2037 3529 2479 3586 sowie A. Gruber statt.
2031 3572 2974 3622 Eulenschloß“ wiederholt, um 8 Uhr gehi „Der tap¬
2033 3603 2979 3654 #sere Kassian“ ein groteskes Puppenspiel von Artür
2033 3643 2979 3686 Schnitzler in Szene mit Figuren von Proféssor Ig¬
2037 3685 2986 3739 natius Taschner. In Vorbereitung ist „Kasperl als
2032 3723 2996 3782 Prinz“ von Graf Pocci und „La serva patrona“
2040 3760 2990 3813 (Wie die Zofe Herrin wird), komische Oper in zwei¬
2044 3797 2983 3848 Atten von Giovanni Pergolese. Von Interesse
2032 3846 3002 3897 dürfte sein, daß kein Geringerer als Meister Lau¬
2027 3879 3018 3925 tenschläger es war, der die drehbare Bühne und Be¬
2029 3918 2996 3976 leuchtungsmaschinerie des Theaters konstruferte.
2043 3959 3024 4030 Für die Vorstellungen ist ein Vorverle#ichten
2035 4001 2891 4073 be Alfred Schmid Nachf., T###inerstraße 3##
