3392 4320
1698 209 2154 298 box 22/7
225 197 1538 305 17.2. Der tanfere Cassian
1040 1646 1504 1757 Der Bund, Bern
1292 1796 1692 1895 S2 FER 994
2093 1849 2334 1939 ran
1833 1920 2850 1994 (Kassian“. Es ist nicht mehr als ein Puppen¬
1052 1940 1702 2044 Die „Neue Rundschau“.
1835 1963 2841 2036 theaterstück, aber als solches so beschaffen, daß
919 2023 2848 2088 Auch im Februarheft macht die „Neue man angesichts dieser fröhlichen Leistung des
895 2060 2835 2128 Rundschau“ (S. Fischers Verlag, Berlin) dem Wiener Dichters zu dem Schlusse kommt, der
892 2111 2838 2188 prächtigen Gewande, das sie seit Neujahr trägt, gespeit gaulois, sei offenbar ein Exportartikel
889 2159 2839 2222 mit dem Inhalt alle Ehre, so daß man beinahe geworden und also auch an der schönen blauen!
1861 2210 2246 2278 Donau zu finden.
889 2207 1860 2262 mit unserm Haller ausrufen möchte: „Gerech¬
893 2254 1869 2318 testes Gesetz, daß Kraft sich Zier vermähle; in
892 2298 1855 2352 einem schönen Leib wohnt eine schön're Seele!“
930 2340 1874 2390 Wir hatten namentlich an den nachdenksamen
901 2384 1884 2446 „Jugenderinnerungen“ von Georg Brandes
899 2429 1886 2483 unsere Freude, ferner an den feinen Betrach¬
895 2465 1895 2533 tungen, die Maeterlinck in einer Apotheose
902 2523 1896 2578 seines kleinen Hundes über das Verhältnis von
892 2555 1879 2624 Mensch und Tier überhaupt anstellt. Die Fort¬
895 2608 1878 2668 setzung des Romans „Kreuzungen“ von Emil
913 2644 1886 2707 Strauß bringt das interessante Motiv eines
911 2692 1867 2746 nach Selbständigkeit ringenden Mädchens aus
914 2740 1877 2793 spießbürgerlichem Hause. Weniger hat uns die
918 2778 1891 2835 altenglische phantastische Diebsgeschichte „Sara
897 2822 1873 2898 MMalcolm“ von Jakob Wassermann an¬
904 2871 1879 2924 gesprochen. Der Verfasser versündigt sich am
898 2885 1895 2978 Mitleid des Lesers, indem er eine mit verbreche¬
895 2945 1885 3016 krischen Instinkten behaftete Natur zu einer un¬
898 2995 1886 3065 kwahrscheinlichen Höhe schöner Gefühle und Phan¬
905 3047 1883 3103 stasien hinaufschraubt, die den Untergang des
893 3090 1885 3156 farmen Geschöpfes unverhältnismäßig schmerzlich
898 3121 1890 3196 gempfinden läßt. Glücklicherweise kann man den
897 3172 1877 3240 verlornen Humor wieder herstellen an Arthur
879 3228 1874 3302 [Schnitzlers lustiger Burleske „Der tapfere
