3392 4320
1165 325 1363 390 ass
1580 309 2125 417 box 22/7
223 324 1524 420 17.2. Der tapfere1an
1824 1511 2220 1623 Telephon 12.801.
1338 1609 1955 1754 „OBSERVER“
1115 1750 2200 1823 I. österr. behördl. konz. Unternehmen für Zuitungs-Ausschnitte
1258 1793 2087 1893 Wien, I., Concordiaplatz 4.
1434 1878 1885 1949 Vertretungen
1110 1918 2189 2002 in Berlin, Budapest, Chicago, Christiania, Genf, Kopen¬
1109 1983 2194 2044 hagen, London, Madrid, Mailand, Minneapolis, New-Vork,
1147 2014 2156 2077 Paris, Rom, San Francisco, Stockholm, St. Petercburg.
1443 2055 1860 2114 (Quellenangabe ohae Gewähr).
1101 2094 1419 2197 Ausschnitt an
1418 2117 2226 2218 liner Büreen Courier, Berlin
1096 2190 1581 2306 Pem: 3— S 130|9
1602 2200 2023 2290 Abendausgabe
1156 2458 2147 2556 Arthur Schnic###scheint jetzt der Vertonung
1093 2521 2147 2606 seiner dramatischen Werke viel Interesse zuzuwenden.
1088 2566 2146 2650 Nachdem wir erst kürzlich erfahren hatten, daß seine
1098 2607 2142 2683 „Liebelei“ von dem Frankfurter Kapellmeister Neu¬
1077 2652 2123 2709 nann als wienerische Oper vertont wird, berichtet
1077 2701 2125 2747 nan uns jetzt aus Wien, daß nun auch der bekannte
1084 2742 2116 2789 Einakter Schnitzler's „Der tapfere Cassian“ in ein
1072 2778 2118 2837 nusikalisches Gewand gekleidet wird, und zwar als
1086 2825 2134 2872 zinaktige Operette, deren Libretto Schnitzler sich selber
1077 2866 2131 2921 schrieb und zu der nunmehr Oscar Strauß die
1081 2904 1745 2981 Musik zu schreiben beschäftigt ist.-
