3436 4320
1713 220 2189 316 box 2277
262 224 1578 318 17.2. Der tanfere Cassian
181 1063 646 1143 errausen, n
1917 1076 3093 1137 London, den 29. Juli. In einer Versammlung des nationalen
633 1082 1871 1160 ein doppelter ist. Einerseits ist er parteipolitisch und für
190 1112 659 1180 k der die unabhängige
172 1173 3089 1220 chen Volksvereins ver= England selbst berechnet; der Wunsch, Ersparnisse zu erzielen, Erekutivkomitees der Arbeiterpartei, das mehr als eine
191 1198 3112 1252 groß gemacht hat. Eine der alte durchsichtige Vorwand für die Wähler, durch eine! Million organisiertere Arbeiter vertritt, wurde eine Entschließung
1220 1223 1359 1285 Si
1934 1255 3106 1331 Das wirkungsvollste von denjenigen Stücken, die das
637 1272 1871 1338 schmack und das Verständnis des Kindes Rücksicht nehnien, ist
176 1290 649 1350 hwebt, belustigte. Er
1867 1305 3096 1374 Kinderherz erfreuen und nicht minder den Großen gute Unter¬
645 1313 1875 1371 „Der tapfere Cassian“ nichts weniger als zur Unter¬
173 1329 642 1403 ik dieser Puppen viel
1859 1336 3099 1403 haltung bieten ist und bleibt immer Poccis „Eulen¬
638 1353 1875 1430 haltung jugendlicher Zuhörer geeignet und zwar nicht etwa
167 1372 651 1438 utlich merken, daß ein
1875 1390 3105 1440 schloß“ das „mit unglaublicher Zauberei vermischte Drama
652 1401 1864 1459 nur wegen einiger darin vorkommender sehr, aber sehr
176 1425 638 1472 erlei von ihnen lernen
1877 1430 3102 1492 in vier Aufzügen“ mit Musik von Ludwig Landshoff.
635 1441 1876 1488 derber Stellen, über die ein unschuldiges Gemüt am Ende
187 1456 646 1514 Gegenrede eine kleine
1943 1475 3100 1530 Die Dekoration des ersten Aktes vor der alten Gespenster¬
641 1486 1870 1554 hinhören würde, sondern wegen seiner ganzen Handlung.
183 1504 645 1574 1 der sich dafür näher
1867 1511 3100 1565 burg bietet ein entzückendes plastisches Gemälde, wie denn
650 1523 1872 1595 Die groteske Satire die den erwachsenen Zuhörer in bald
174 1540 644 1609 iften, unter dem Ab¬
1866 1556 3103 1618 überhaupt die ganze Bühnenausstattung immer durch und
645 1564 1872 1637 nachdenkliche, bald heitere Stimmung versetzt, wird vom Kinde
173 1590 462 1650 lesen möge.
1858 1592 3101 1649 durch künstlerisch und bis ins kleinste hinein von einer per¬
646 1597 1875 1683 nicht verstanden; um so mehr ist die kleine Tragikomödie ge¬
189 1613 652 1690 v. Kleist das Mario¬
1865 1638 3098 1707 spektivischen Genanigkeit ist, die man selbst auf unsern vor¬
644 1651 1867 1719 eignet, einem für philosophische Lebensbetrachtung und Selbst¬
167 1672 597 1734 ichen gewesen ist?
1866 1675 3103 1758 nehmsten Menschenbühnen nicht oft im gleichen Maße durch¬
657 1695 1862 1764 ironie empfänglichen Hörer eine höchst genußreiche halbe
167 1705 655 1785 Erhaltung dieser alten
1876 1728 2237 1794 geführt findet.
656 1745 1132 1816 Stunde zu verschaffen.
181 1742 651 1815 vorigen Jahrhunderts
1956 1764 3106 1829 Es sind aber auch durchweg erste Künstler, von denen die
723 1758 1877 1840 Der tapfere Cassian ist ein in der Degenführung unüber¬
172 1786 664 1862 ten und in der zweiten
1873 1793 3095 1869 Dekorationen und die in Holz geschnitzten Spielpuppen ent¬
651 1811 1873 1887 trefflicher Abenteurer, ein Raufbold erster Ordnung und ein
173 1839 657 1908 mMarionettentheater
1865 1848 3109 1904 worfen und ausgeführt wurden; meist sind es Schöpfungen
642 1861 1872 1914 ebenso großer Maulheld. Er kommt zu Besuch bei seinem
177 1878 654 1943 rer in dem Münchener
1863 1897 3096 1955 des Professors Jakob Bradl, und Ignatius Tasch¬
647 1906 1869 1962 Vetter Martin, der im Begriff ist, seine Geliebte Sophie
168 1918 649 1991 unz v. Pocci erstan¬
1870 1936 3100 1995 ner, sowie des schon oben genannten Bildhauers Josef
649 1951 1872 2011 schnöde zu verlassen, um mit den im Spiel gewonnenen Gel¬
183 1954 660 2031 gehören, was für die
1880 1986 3113 2035 Wackerle. Einige Zimmerentwürfe, wie z. B. Kasperls
649 1992 1864 2059 dern sich die Gunst einer berühmten Courtisone Eleonore
175 2002 655 2069 en ist. Poccis Stücke
1868 2023 3108 2084 Wohnung und der Salon im Residenzschloß in der Poccischen
648 2028 1875 2107 Lambriani zu erkaufen. Im übrigen ist er ein friedlicher
179 2039 660 2108 oires der jetzt in neuer
1873 2085 3103 2143 Komödie „Kasperl als Prinz“ stammen vom Kunstmaler
658 2071 1487 2135 Geselle, der mit Vorliebe die Flöte bläst.
170 2079 657 2170 Marionettenbühne des
1869 2105 2543 2173 Alexander v. Salzmann.
715 2097 1877 2194 Martin nimmt im Spiel dem Vetter Cassian alles Geld
187 2123 657 2191 nicht Braun), der nach
1955 2135 3098 2222 Die im Münchener Marionettentheater benutzte Bühne ist
652 2152 1885 2230 ab und leiht dem Ausgeplünderten dann großmütig einen
192 2166 661 2238 in Düsseldorf, Berlin
1874 2185 3115 2239 eine vom verstorbenen Lautenschläger konstruierte
646 2199 1883 2258 Dukaten, mit dem der tapfere Cassian im Handumdrehen
176 2217 660 2290 künchener Ausstellungs¬
1878 2242 3107 2292 Drehbühne. Sie war das letzte Werk des genialen
666 2242 1878 2306 nicht nur sein gesamtes Geld wiedergewinnt, sondern auch
180 2263 494 2325 Erfolg leitet.
1877 2276 3107 2341 Theater=Technikers und ist bis in alle Einzelheiten genau wie
652 2292 1874 2343 des Vetters Martin gesamtes übriges Besitztum an sich reißt.
166 2284 654 2374 occi sind es hauptsäch¬
1880 2319 3109 2387 die für das Münchener Residenztheater erbaute Drehbühne
650 2324 1880 2386 Als dann obendrein die leichtherzige Sophie sich auch noch
171 2343 655 2401 n, die den Spielplan
1873 2369 3113 2420 ausgeführt mit der einen für das Marionettentheater not¬
649 2366 1886 2429 dem schneidigen Vetter Cassian vor seinen Augen in die Arme
173 2387 667 2451 leinen wie der großen
1873 2418 3121 2472 wendigen Hinzufügung eines Einbaues, von dem aus die Ma¬
655 2408 1881 2484 wirft, packt den sonst so zahmen Martin die Wut und er reizt
159 2420 664 2505 uch hochmoderne Werke
1887 2445 3117 2504 rionetten gelenkt und gezupft werden. Ebenso wie die Deko¬
653 2459 1879 2513 den tapferen Cassian zum Zweikampf. Dieser versetzt dem
175 2470 659 2543 ere Cassian“ von
1883 2489 3117 2558 rationen die Kulissen und Versatzstücke, die Möbel der Mün¬
657 2495 1876 2566 lieben Vetter einen tödlichen Degenstich in den Leib und ver¬
166 2514 661 2581 lte Oper „Laserva
2623 2521 3121 2592 Wir im verkleinertem
1887 2523 2615 2592 chener Marionettenbühne genen —
669 2540 1884 2610 spricht dem am Boden liegenden noch höhnisch, daß er nun
173 2559 657 2635 ofe Herrin wird“
1882 2586 3119 2631 Maßstabe — der Einrichtung zines großin Theaters gleichen,
661 2585 1887 2646 zur Lambriani reisen würde, um sich deren Herz zu erobern.
1875 2619 3108 2682 sind auch die elektrischen Vorrichtungen für Beleuchtungs¬
667 2625 1890 2681 Als Sophie das hört, springt sie flugs zum Fenster der Dach¬
170 2625 662 2705 et sich für die Darstel¬
1873 2656 3121 2713 effekte nach der neuesten Methode ausgeführt. Natürlich
657 2669 1880 2729 kammer, in der die Handlung spielt, hinaus in die Tiefe,
190 2676 671 2739 rzierlichen Rokokodeko¬
1894 2700 3116 2758 fehlt es dem Theaterchen auch nicht an dem gerade in den
656 2695 1882 2773 Cassian denselben Weg hinterdrein. Martins Diener schaut
198 2728 671 2791 Porzellan=Manufaktur
1433 2752 1497 2787 3ch
1888 2728 3121 2804 Stücken des Marionettentheaters gar viel zur Anwendung
671 2744 1893 2817 den beiden nach und meldet trocken: „Höchst Wundersames hat
204 2761 673 2829 Bildhauer Josef
1889 2781 3115 2850 kommenden Requisiten zur Hervorrufung von allerlei Natur¬
667 2784 1886 2854 sich ereignet. Der springende, Herr hat das springende Fräu¬
176 2804 668 2877 ßhervorragend gut. Der
1886 2827 3116 2887 geräuschen. Da ist eine Donnermaschine, eine Maschine zur
669 2834 1892 2908 lein in der Luft eingeholt und beide sind wohlbehalten unten
175 2841 681 2914 Länge dem gesprochenen
1888 2862 3118 2921 Nachahmung des Sturmwindes und eine solche, die das
669 2891 915 2955 angelangt.
165 2894 674 2961 bis jetzt von einer jun¬
1889 2901 3068 2983 Prasseln des Regens mit größter Natürlichkeit wiedergibt.
745 2898 1906 2987 Martin spielt sich darauf etwas auf der Flöte vor, die er
175 2929 670 3002 eth Munthe=Kaas
1965 2944 3098 3024 Ist schon für den Laien ein Blick hinter die Kulissen des
675 2954 1890 3032 aber gleich darauf wieder bei Seite legt mit den Worten:
166 2979 675 3044 ttheaters Herrn Emil
1892 2985 3118 3051 Theaters immer von großem Reize, so bietet ein Aufenthalt
660 3003 1893 3073 „Wahrlich, es ist ein übler Spaß und ich bin eigentlich
161 3017 677 3089 ist für sein Theater ver¬
1889 3031 3119 3101 hinter der Szene des Marionettenthaeters noch ganz besondere
665 3051 1892 3121 gar nicht gelaunt, Flöte zu spielen.“ Dann
173 3062 671 3127 durchgeführt, während
1887 3077 3117 3139 Unterhaltung. Zu sehen, wie die Zupfmänner mit auf¬
673 3095 1182 3174 streckt er sich und stirbt.
163 3104 679 3177 Peißer vom Kgl. Hof¬
1884 3117 3110 3177 geschlagenen Armeln von ihrem erhöhten Standpunkt aus an
751 3112 1891 3186 Solch ein Stücklein ist natürlich nicht mit wirklichen
170 3148 672 3209 prechrollen aller Auffüh¬
1885 3152 3112 3225 den vom Zuschauerraum aus fast unsichtbaren feinen Drähten
671 3177 1886 3233 Menschen darzustellen, die am festen Boden kleben und nicht,
164 3181 676 3250 ul Brann und Fritz
1888 3210 3118 3273 in zierlichem Fingerspiel die Holzpuppen zu ihren des Leben
672 3198 1898 3278 wie die Marionetten, an unsichtbaren Drähten gezogen, vom
164 3233 681 3307 g mit vorzüglichem Aus¬
1879 3245 3127 3323 nachahmenden Bewegungen zwingen, die sich — wenigstens
676 3271 1884 3334 Gesetz der Schwere unabhängige Gestalten sind. Dies Ma¬
162 3274 675 3340 Munthe=Kaas, die durch
1890 3288 3126 3355 in Branns Theater — immer ganz genau dem Sinne des
681 3298 1889 3364 rionettenspiel ruft in dem Zuschauer ein Gefühl hervor, als
159 3314 680 3380 igen war, wieder in die
1885 3321 3126 3409 gesprochenen und gesungenen Wortes anschließen, das ist im
668 3337 1898 3419 durchlebe er einen Traum, in dem Alles, was den Träumen¬
180 3351 674 3415 Brann in einer vielver¬
1891 3377 2428 3453 höchsten Grade amüsant.
664 3382 1901 3475 den beschäftigt, von den irdischen Regeln des Daseins los¬
177 3406 686 3476 Bayreuther Opernhaus,
1966 3401 3117 3480 Natürlich wird ein Besuch des Bühnenraumes nur ganz
679 3423 1891 3502 gelöst ist und Wirklichkeit mit Phantasie sich beständig mischt,
179 3449 472 3509 satz gefunden.
1892 3446 3110 3535 ausnahmsweise gestattet, da die Anwet###zit Fremder bei der
677 3475 1896 3540 ohne daß der Träumer sich klar bewußt wird, wo Wirkliches
184 3468 679 3566 im Münchener Mario¬
1883 3499 3120 3576 großen Aufmerksamkeit, die das richti ###usammenklanven
263 3524 1393 3605 Linie auf den Ge= aufhört und Unwirkliches beginnt.
3126 4097 3296 4164 n
