3436 4384
1517 175 2398 260 Fernsprech, Anschlust: Amt III. =
460 198 1369 253 Telegramm=Adresse: „Charivari Berlin“.
1923 309 2863 382 Vertretung unserer Firma im Auslande:
242 336 1078 400 Inhalt dieser Nummer.
1531 370 2793 440 Für Oesterreich: Dr. O. F. Eirich, Wien II., 38 Praterstraße.
177 381 1428 443 Kassian“, „Venus im Grünen“ (Leipzig, Stadtth.; Uraufführung).
1612 413 2655 465 Ungarn: Dr. O. F. Eirich, Savanyukut, Ungarn.
232 422 1430 501 Zur Aufführung gelangte Werke Geschäftsverkehr unseres Verlages.
1613 426 3253 521 Frankreich: Felix Bloch Erben, Paris, 3 bis rue Rosa Bonheur (Telegramm=Adr.:
1709 489 2082 550 Cheatralia=Paris).
171 512 1168 577 e König“ (Berlin, Königl. Schauspielh.: Uraufführung).
1598 507 3027 578 Rußland und Polen: P. Neldner, Buch= und Musikalienhandlung, Riga.
179 530 1430 606 assel, Königl. Th., Uraufführung). „Die ewige Lampe“ (Berlin,
1608 546 3079 612 Schweden, Finnland: O. Wijkander, Königl. Hof=Intendant, Stockholm.
176 583 415 649 aufführung).
1611 603 3162 661 Dänemark, Norwegen: Folmer Hausen, Kopenhagen, Vester Baulevard 36, St.
176 613 1439 699 al“ (Le scandale.) (Wien, Disch. Volksth.). „Baron Trenck“ (Wien,
1589 624 3252 711 „ Verein. Staaten von Nordamerika und Cauada: Haus Bartsch, Gaiety Theatre
1701 685 3125 735 Building, 1547, Broadway, New York (Telegr.=Adr.: Charivari=New York).
172 694 865 765 el“ (Braunschweig, Hofth.). Anzeigen.
2638 956 3121 1050 Vaneh.
1862 961 2482 1047 Sttas in
701 971 1399 1078 Kusstall.
181 989 249 1058 5
1551 1047 3261 1161 Musikalisches Scherzspiel in einem Akt von Rudolph Lothar.
197 1076 1310 1167 in einem Akt von Arthur Schnitzler.
1042 1144 1971 1245 Musik von Oscar Straus.
157 1284 3264 1357 m Geifall gingen die neuen musikalischen Sinakter von Oscar Straus am 30. Oktober am Stadttheater in Leipzig
174 1331 3265 1410 g in Szene. Den vieken Hervorrufen mußte Straus, der seine (Werke persönlich dirigierte, durch sein Erscheinen vor
178 1393 3273 1484 Folge keisten. Ihm schloß sich zuketzt auch der anwesende Autor von „Venus im Grünen“, (R. Lothar, an. Dieser hat in
158 1459 3264 1545 ek einen sehr amüsanken, in wirksamen Gühnensikuationen sich darstellenden Text gekiefert. Die (Musik ist von echtem
164 1513 3274 1619 rf# und eine ganze (Reihe der dankbarsten Schlager wurden vom (ubkikum jubelnd begrüßt. Das außerordentlich
171 1619 3289 1692 tete Libretto zum „Tapferen Kassian“ bietet Straus Gelegenheit zu einer sehr stimmungsvollen (Musik, die sich in einzelnen
170 1648 3273 1757 volk dramatisch steigert. Die Einakter, zu denen auch die bereits bekannte „Tokombine“ gehörte, Boten dem Oremieren¬
180 1724 3286 1822 abwechsekungoreichen und unterhaktsamen Abend. (Wir geben im nachstehenden die Gesprechungen auszugsweise wieder.
2092 1823 3277 1896 Gestalten stehen, scheint unterhöhlt, erzittert leise, von dämonischen
932 1838 2099 1903 wirkung einiger just an der lex Heinze vorbeischlüpfenden
156 1847 926 1931 ndzeitung“. Das muß man Straus
2098 1886 3280 1935 Kräften bewegt. Als Phantom tritt der Kassian in die Handlung,
940 1891 2091 1946 Situationen brachte hier — in den beiden letzten Stücken wenigstens,
163 1907 929 1973 n, hält er für eine Todsünde. Der glück¬
2092 1920 3270 1978 als Phantom wirft sich auch der Schatten einer wilden Tänzerin
938 1917 2093 1989 in dem sehr hübschen Quartette „Ein herrlich Bild, das muß ich
161 1927 939 1996 der am Sonnabend die Erstaufführungen
2107 1962 2269 2029 herein.
944 1968 2099 2025 sagen“ und in dem flotten Tanz=Duettino „Wer im Küssen nicht
152 1982 938 2035 nKapellmeisterpulte leitete, vermeidet sie
2173 1981 3267 2048 Auf seinem Gebiete bewegte sich Straus, als er „Venus im
935 2009 2105 2071 sattelfest“ — auch die Musik einiges wirklich erfreuende Operetten¬
174 2022 929 2083 verstand auch diesmal die Anteilnahme
2092 2033 3274 2089 Grünen“ schrieb. Er hat damit eine Operettenbluette geliefert,
937 2043 2096 2106 klingen, und so gab es denn am Schluß des Abends befrie¬
184 2068 923 2116 s zu gewinnen mit einer guterfundenen,
2103 2067 3285 2127 die man sich gefallen lassen kann. Da auch Rudolf Lothar nur
944 2081 2103 2143 digtes Händeklatschen und mehrfache Hervorrufe des
169 2099 931 2155 ehandlung vorgetragenen Tonsprache, die
2109 2116 3264 2175 skizzierte, in Karnevalslaune, zum Faschingsspaß — warum hätte
936 2118 2095 2187 Komponisten=Dirigenten Oscar Straus, der übrigens auch schon
160 2129 938 2187 weist. Die Mischung von Romantik und
2100 2154 3274 2208 Straus sich mehr den Kopf zerbrechen sollen? Man belachte dies
942 2161 2105 2219 nach den voraufgegangenen Einaktern von der Bühne herab für
159 2171 929 2242 Dte, volkstümliche Wendungen, Stimmungs¬
2106 2189 3280 2255 Stücklein, darin etwas Räuberulk und etwas Laszivität aufge¬
936 2198 2103 2268 beifällige Aufnahme hatte danken können, und dem jetzt zuletzt
173 2211 935 2269 dramatische Akzente, als wir sonst an ihm
2103 2221 3196 2299 stapelt sind: es hatte den unbestrittensten Erfolg des Abends
934 2244 1908 2308 auch noch der Librettist Rudolf Lothar zur Seite trat.
158 2242 936 2319 kommt zu wohlberechneter Wirkung. Ist
2763 2249 3280 2327 In diesem Stücke (Venus
2194 2265 2776 2336 „Leipziger Volkszeitung“.
1015 2271 2105 2333 „Leipziger Neueste Nachrichten“. Oscar Straus, der
164 2273 935 2350 ausgesprochen rassig, so läßt sich ihr indes
2102 2300 3280 2370 im Grünen) ist Straus in seinem Element, handelt es sich doch
934 2321 2101 2370 bekannte, erfolgreiche Operettenkomponist, wagte gestern den
167 2329 934 2379 sante und unterhaltsame Cha¬
2095 2344 3277 2400 um nichts andres als um eine launige Farce, um eine unver¬
947 2349 2102 2416 Sprung auf die Opernbühne. Seine „Venus im Grünen“ frei¬
163 2367 941 2431 Freilich greift Straus in einem gewissen
2114 2379 3281 2444 fälschte Operette. Zwei von einer Maskerade heimkehrende, als
935 2390 2106 2457 lich, die hier gestern ihre Urauffuhrung erlebte und wohl nicht
161 2407 935 2473 Kränzen, wenn er z. B. das durchaus
2094 2411 3284 2476 Männer verkleidete junge Damen werden überfallen, von einem
943 2436 2087 2493 ohne Absicht als Reserve an den Schluß des Abends gestellt war,
169 2443 932 2523 Fastnachtsspiel „Venus im Grünen“ in
2105 2460 3268 2515 richtigen und einem Pseudoräuber — einem jungen Freiersmann,
940 2466 2107 2537 rechnen wir nicht zur Oper. In ihren Adern fließt unverfälschtes
174 2472 933 2542 einreiht. Damit sei aber durchaus nicht
2102 2482 3284 2554 der ebenfalls vorher bis aufs Hemde geplündert wurde — über¬
936 2517 2102 2575 Operettenblut, und der Geist, der sie beherrscht, ist der prickelnde,
175 2521 938 2583 nachtsspiel in seiner Art durchaus reiz¬
2112 2538 3279 2603 fallen zu dem Zwecke, daß sie ihre Kleider hergeben. Die
949 2548 2104 2614 schmachtende, lüsterne, bis zur Frivolität lüsterne Geist des mo¬
170 2574 933 2623 eschmack erfunden wurde. Der Flöte
2103 2572 3284 2630 Situation für die Damen ergibt sich nun von selbst, die beiden
947 2597 2110 2652 dernen Wiener Walzers. Diese Verkleidungs=, oder besser Ent¬
166 2601 940 2666 hren Kassian“ eine entzückende
2113 2617 3287 2678 Parteien wechseln die Kleider, wobei sich die Damen im Grünen
936 2638 2106 2696 kleidungsposse enthält Bühnensituationen, die ihre Wirkung
154 2647 936 2697 von einem gewissen archaistischen Reiz um¬
2102 2652 3288 2723 verstecken dürfen. Etcetera. Dazu hat Straus eine fröhliche
935 2657 2105 2732 niemals verfehlen werden, und musikalisch eine Reihe
148 2674 937 2740 nitzlerschen Texte liegt der tiefe Sinn zu
2100 2690 3278 2758 ]Operettenmusik geschrieben, die freichlich mit Walzern ge¬
935 2705 2098 2781 dankbarer Schlager, ja in der famosen Gavotte des
164 2727 938 2777 Glück erst schätzen, wenn wir es verlieren.
2090 2721 3284 2808 tränkt ist, er gibt sich hier, wie er ist, als zwangloser Komponist
947 2743 2109 2816 Fierrabras und der Giulietta ein Duett von wirklichem Opern¬
167 2768 941 2833 der einer Courtisane nachlaufen will, liebt
2106 2776 3273 2837 leichter, eingänglicher Melodien. Der Hauptanteil an dem Erfolg
939 2787 2113 2853 rang. Den in Stimmung und Sprache hochinteressanten Text
160 2794 937 2872 ophie erst dann, als sie dem dämonischen
2101 2809 3275 2877 gebührt dem Verfasser, Rudolf Lothar, der den ungefährlichen
936 2839 2099 2893 zum „Tapfern Kassian“ hat ein Dichter von Rang, Arthur Schnitzler,
147 2837 513 2907 en Kassian erliegt.
2104 2840 3293 2915 Räuberton sehr gut traf und die paar dankbaren Situationen sehr
952 2861 2103 2929 geschrieben. Die Zeitstimmung, die volkstümliche Strophe des 17.Jahr¬
156 2874 930 2942 n„Venus im Grünen“ Rudolph
2118 2888 3276 2956 geschickt ausnützte, nicht lasziv, aber auch nicht philiströs wird.
941 2898 2104 2966 der naturalistisch knappe, von Sentimentalität noch unberührte
148 2918 941 2986 em Publikum neben Oscar Straus. Herr
2107 2934 3293 2997 Kurz, eine unschuldige Farce, an der ein fröhliches Publikum
940 2946 2099 3011 hunderts, Stil jener Tage ist ausgezeichnet getroffen. Aber die Charak¬
160 2950 938 3016 hdieses reizende Stück in sorgsältiger
2119 2980 3274 3034 seinen Spaß haben kann. Der Cyarakter des Stückes (Der tapfere
946 2989 2104 3054 terisierung der beiden männlichen Hauptfiguren ist nicht eindeutig
182 2988 941 3064 1 Szene gesetzt. Der junge fremde Freier
2104 3018 3294 3083 Kassian) ist getroffen. Das Stück ist übrigens sehr geschickt
954 3035 2108 3082 und klar, wurde es zum wenigsten nicht in der gestrigen Auf¬
156 3044 938 3099 n Briganten geplündert wurde und zwei
2116 3031 3290 3114 gearbeitet, wie es von einem so geistreichen Manne wie Schnitzler
957 3058 2112 3133 führung. Das, Wort, mit dem der Kriegersmann Kassian im
148 3078 937 3140 t, ihre Kleider abzulegen, damit er sich
2108 3081 3274 3157 kaum anders zu erwarten ist. Man wird sich den tapferen Kassian
938 3098 2101 3174 Zweikampf den Studentin Martin den tödlichen Stoß versetzt:
159 3116 941 3170 orstellen kann, ist ebenso wie sein humor¬
2102 3127 3292 3182 merken. Auch Straus hat sich Offenbach verschrieben, so ziemlich
950 3140 2109 3204 „Du bärst was geworden, Martin! — Schade!“ scheint zugleich
158 3139 951 3220 kunig gezeichnete Figur. Daß f.) aus den
2112 3171 3275 3226 mit Haut und Haar, und er steht sich gut dabei. Das unheim¬
942 3174 2108 3244 das Urteil des Dichters über den lebensdurstigen Jungen einzu¬
163 3188 953 3262 n schließlich jene Braut und ihre Zofe
954 3198 3294 3280 schließen, dem in der Liebe und dem Spiel das Glück blüht, so= liche Terzett, in dessen Mittelpunkt das Lied Kassians steyt, ist
675 3221 953 3292 Die Sänger
161 3247 700 3293 Pointe, die stets zündet...
2099 3239 3281 3297 1 vorzüglich gegeben: es klappt alles, und mehr wolle man von
948 3258 2107 3322 lange er nur sein Leben einsetzt, der aber alles verliert, sobald
160 3264 953 3336 Stücken gute Darstellungsgabe offenbaren.
2104 3285 3283 3338 einem Operettenkomponisten, der sich auch einmal in der Maske
951 3297 2110 3356 er ruchlos auch die Geliebte aufs Spiel setzt. Straus' Musik zu
195 3315 950 3379 Es wurde sehr frisch gesungen und ge¬
2109 3326 2894 3389 des Tragikers zeigen will, nicht verlangen.
953 3340 2105 3395 diesem Schnitzler ist einfach und sehr stimmungsvoll in
169 3338 647 3417 Ursache zufrieden zu sein.
2195 3360 3277 3423 „Berliner Börfen-Courier“. Im Leipziger Neuen Stadt¬
951 3370 2109 3436 den Strophenliedern, phantasievoll dramatisch in den Würfel¬
156 3373 834 3452 ung". Die „bunie Bühne“ ist tot,
2119 3401 3293 3466 theater wurden gestern, wie unser Korrespondent berichtet, „Der
956 3419 2104 3482 szenen. Das Orchesterkolorit (Flöte, Cembalo) verwertet glücklich
238 3427 954 3485 Oscar Straus, der sich nach seinem
209 3439 269 3484 1
2109 3446 3283 3503 tapfere Kassian“ und „Venus im Grünen“, zwei musikalische Ein¬
950 3439 2113 3517 und in eigener Weise, das Zeitbild Schnitzlers musikalisch er¬
149 3471 946 3514 Ebütieren dem Operettentheater zugewandt
2110 3477 3284 3550 atter von Oscar Straus bei der Uraufführung sehr beifällig
942 3487 2109 3551 gänzend, Klänge und Klangmittel aus alten Tagen. Der Kom¬
154 3507 947 3570 ravestierenden Werken Die lustigen Nibe¬
2112 3520 2416 3590 aufgenommen.
945 3528 2108 3601 ponist selbst leitete am Dirigenpulte die Aufführung seiner Opern,
182 3550 936 3597 s Brautfahrt" und „Der tapfere Soldat“
2192 3543 3281 3613 „Berliner Lokal-Anzeiger“. Das einaktige Singspiel
942 3572 2113 3638 1 von denen der Kassian wohl noch einer sorgfältigeren Vor¬
147 3590 959 3655 erhand Simplizissimushumoren durchwürzten
2121 3609 3299 3660 „Der tapfere Kassian“, das einaltige musikalische Scherzspiel „Venus
957 3612 1416 3682 bereitung bedurft hätte.
151 3621 956 3686 nzweisen durchtlungenen „Walzertraum“ be¬
2107 3637 3297 3705 im Grünen“ und die einaktige Oper „Colomvine“ wurden gestern
1029 3634 2112 3707 „Teipziger Tageblatt“. Nun kommt „Der tapfere
157 3668 946 3717 auch auf die Opernbühne vorgedrungen.
2111 3678 3289 3735 im Leipziger Neuen Theater zum ersten Male aufgeführt. Alle
952 3682 2111 3755 Kossian“, ein Singspel, dessen Buch von Arthur Schnitzler
151 3714 952 3760 ine=Musik möchte ich die im wesentlichsten
2120 3714 3282 3769 Stücke boten, einem Telegramm zufolge, bei humorvollster Dar¬
954 3716 2109 3786 stammt, es kommt zugleich das Scherzspiel Venus im Grünen“,
159 3751 941 3812 Dton eingestimmte Komposition zum Sing¬
2126 3744 3284 3822 stellung einen amüsanten, abwechslungsreichen
952 3755 2115 3831 Tixt von Rudolf Lothar. Im „tapferen Kassian“ strebt einer, der
157 3775 946 3837 ssian“ bewerten. Hier ist es tatsächlich die
2127 3801 2328 3862 Abend.
951 3800 2114 3866 kein Starker ist, der in der Enge glücklich war, dort in Spiel
146 3817 955 3883 mmung durchtränkte und mit dem Drein¬
2200 3818 3274 3889 „Berliner Tageblatt“. Im Leipziger Neuen Theater
954 3838 2121 3906 ung Liebe gewann, hinaus ins Weite strebt, einem dämonischen
162 3861 943 3911 und Flötentönen recht eigenartig gefärbte
2114 3881 3284 3931 nahm man Oscar Straus' Einakter mit warmer Liebenswürdig¬
959 3883 2122 3946 Weibe zu Da tritt ihm ein Größerer entgegen, der „tapfere
144 3896 956 3956 ur Schnitzlers dramatische Ueberbrettl=Ballade
2118 3915 3281 3983 keit auf. Den Strausschen Partituren darf man gewiß Leichtigkeit,
952 3922 2119 3985 Kassian“, eine Art Uebermensch, dem keine Gefahr verderblich wird,
153 3931 954 4003 und Schwärmer=ausstechenden Renommisten
2118 3957 2930 4025 Grazie und melodiöse Einfälle nachrühmen.
961 3961 2116 4029 eine Art Vampyr, der an sich reißt, was ihm naht. Und er
149 3977 392 4040 her bringt.
2205 3971 3283 4040 „Wiener Fremdenblatt“. Im Leipziger Stadttheater fand
962 4000 2117 4060 nimmt dem andern im Würfelspiel Hab und Gut, nimmt ihm
148 3998 953 4086 en wirkte gestern das von Rudolf Lothar und
2120 4023 3287 4085 die Aufführung von drei musikalischen Einaktern statt, die Oscar
945 4029 2124 4095 I das Liebchen, das, entflammt von des Uebermächtigen Größe,
150 4061 955 4124 keicher Operettenlaune gedichtete und kom¬
2121 4074 3295 4133 Straus komponierte. Zum Schlusse gab es etwa zwanzig Hervor¬
955 4067 2114 4139 aufjauchzt, nimmt dem Gegner, da Zweikampf entbrennt, auch
634 4096 954 4155 Zur dem er¬
138 4091 658 4149 Bel „Benus im Grünen“.
153 4144 2975 4194 en=Humore der Dichtung und der Vexier= I das Leben. Die Stimmung ist mystisch, die Basis, darauf die rufe, denen Straus und Lothar Folge leisteten.
