3436 4320
288 208 1595 311 17.2. Der tanfere Cassian
1233 683 1645 775 Telephon 12801.
512 825 1629 952 : Mhue NTerrekre Snnnum
491 916 1630 1005 0 l. österr. behördl. konz. Unternehmen für Zeifungs-Ausschnitte
648 969 1540 1090 Wien, I., Concordiaplatz 4.
877 1051 1323 1129 Vertretungen
508 1102 1623 1186 0 in Berlin, Budapest, Chicago, Christiania, Geni, Kopen¬
483 1139 535 1175 600
463 1146 1622 1228 ### hagen, London, Madrid, Mailand, Minneapolis, New-Vork,
568 1199 1599 1273 Paris, Rom, San Francisco, Stockholm, St. Petersburg.
474 1213 565 1271 00
877 1228 1288 1300 (Quellenangabe ohne Gewähr.)
547 1265 1446 1373 Ausschnitt ausher Samstag, Wien
462 1264 539 1384 3
464 1380 670 1439 E vom
673 1390 1154 1500 B
550 1448 1596 1533 Mafrionettentheater, Im Kabarett „Fledermaus“
494 1512 1604 1574 produzieren sich jetzt an Nachmittagen Münchener Künstler
495 1581 1603 1621 mit einer Marionettenbühne. Hie süchrepsein ernstes und ein
495 1597 1603 1656 heitetes, Spiel auf, den Wapferem(Cassich“ von Artur Schnitzler
491 1635 1601 1695 und dat „ Eulenschlaß“ den Graf Pocci. Der tapfere Cassian
492 1675 1606 1728 gehört i #en#entzückendsten Dichtungen Schnitzlers. Das
505 1709 1597 1771 Wesen des Puppenspiels ermöglicht es, daß sich die Phantasie
498 1751 1605 1813 des Dichters höher als sonst über die Realität des Lebens
501 1790 1603 1863 schwingt und andererseits wieder unter das Niveau des wirk¬
499 1822 1609 1879 lichen Lebens sinkt und derber und deutlicher redet, als es
505 1871 1626 1923 sonst die Gesetze der Kunst gestatten. Die Münchner Künstler“
504 1908 1626 1962 haben uns ein Meisterstück moderner Dichtung genießen lassen,
515 1949 1635 2018 für die es der Dichter bestimmte: im Spiel der Marionetten.
491 2084 533 2149 □
1158 2453 1551 2538 Telephon 12801.
620 2623 1542 2727 M AeTe NSann
413 2713 1558 2786 O l. österr. behördl. konz. Unterhehmen für Zeitungs-Ausschnitte
417 2771 479 2825 65
582 2776 1461 2860 Wien, I., Concordiaplatz 4.
412 2846 497 2916 *
798 2833 1241 2909 Vertretungen
484 2890 1552 2954 in Berlin, Budapest, Chicago, Christiania, Genf, Kopen¬
470 2951 1555 3001 hagen, London, Madrid, Mailand, Minneapolis, New-Vork,
516 2993 1529 3048 Paris, Rom, San Francisco, Stockholm, St. Petersburg.
823 3024 1211 3083 [Quellenangabe ohne Gewähr.)
479 3051 1615 3166 Ausschnitt aus-Müschher Heueste Nackrichten
403 3143 477 3199 135
415 3159 882 3251 E vom: 3. 190#
819 3224 1382 3289 Seeneenen   eeee
628 3266 1525 3334 Gen Zum Glück sind jetzt echte und weitaus?
517 3297 1506 3368 amüsantere Münchner zu uns gekommen. Das artige?
524 3346 1527 3396 Marionettentheater Münchner Künstlersé
525 3395 1481 3453 unter der Leitung des Schriftstellers Paul Brann be¬
520 3429 1518 3492 gann sein Gastspiel in dem Kabarett „Fleder=I
526 3471 1515 3547 maus“ mit der geistreichen Puppenkomödie Ar¬
541 3513 1489 3603 tur Schnitzlers „Der tapfere Cassian“. Die
543 3568 1496 3628 grotesren Bewegungen der agierenden Puppen,
555 3615 1500 3658 die sich allemal über ihre eigene Tragik lustig zu
547 3648 1495 3693 machen schienen, würzten das naive Spiel mit an¬
561 3691 1488 3748 mutig spöttischer Pikanterie. Bei dem folgenden,
557 3730 1495 3786 „mit unglaublicher Zauberei vermischten Drama
555 3769 1503 3816 Das Eulenschloß“ von Franz Graf Pocci, das in vier
548 3791 1483 3863 langen Aufzügen Kasperls Glück und Ende als Mi¬
558 3839 1482 3905 nister erzählt, freute man sich mit den possierlicher
541 3879 1468 3950 Marionetten, die Professor Jakob Bradl und Igno
548 3927 1463 3987 tius Taschner flott und lustigin Holz geschnitte
544 3964 733 4036 haben. —
1755 206 2197 298 box 22/7
2748 1595 3149 1682 Telephon 12801.
2099 1763 3130 1870 Mna TTRT Sng
1990 1811 2078 1867 —
2003 1856 2051 1901 6
2073 1849 3140 1929 I. österr. behördl. konz. Unternehmen für Zeitungs-Ausschnitte
2157 1905 3045 2008 Wien, I., Concordiaplatz 4.
1992 1962 2085 2022 4
2381 1975 2820 2052 Vertretungen
2001 2022 3121 2097 0 in Berlin, Budapest, Chicago, Christiania, Genf, Kopen¬
1982 2076 3133 2147 hagen, London, Madrid, Mailand, Minneapolis, New-Vork,
2013 2121 3105 2167 0 Paris, Rom, San Francisco, Stockholm, St. Petersburg.
2405 2160 2788 2222 (Quellenangabe ohne Gewähr.)
1994 2194 2469 2277 * Ausschnitt aus:
2267 2260 3175 2352 unzio08 Wien Salonblatt
1982 2282 2265 2366 E vom:
2009 2369 3231 2470 Zm Nabarel Fledermaus wurde am 6. d. M. vor
1905 2442 3227 2528 geladenen Gästen das =Marionettentheater der Münchener Künstlere
1894 2476 3232 2565 vorgeführt. Die Figuren der Prof. Ignatius Taschner und Jakob
1895 2526 3229 2621 Bradl sind Kunstwerke ersten Ranges und bei dem zweiten Stücke,
1901 2546 3223 2672 dem vieraktigen Zauberspiele=Das Eulenschloß= von Franz Grafen
1889 2613 3221 2717 von Pocci, unterhielt man sich ganz ausgezeichnet, da es eine echte
1900 2662 3229 2765 und rechte Kasperliade ist, wie sie aufs Marionettentheater gehört.
1897 2715 3218 2815 Der tapfere Kassian= von Artur Schnitzler aber, mit dem be¬
1888 2770 3032 2870 gonnen wurde, ist für ein Puppenmctek dier zu seriös.
