3436 4384
289 317 1262 424 17.2. Der tapfere C
1265 322 1472 388 ass1
1689 315 2202 401 box 22/7
1457 337 1595 418 an
2062 1591 2457 1689 Telephen 12.891.
1577 1753 2200 1844 „OSSLITER
1356 1817 2452 1892 I. österr. behördl.konz. Unternehmen für Zeitungs-Ausachnitte
1498 1886 2330 1973 Wien, I., Concordiaplatz 4.
1693 1953 2123 2029 Vertretungen
1378 2005 2455 2079 in Berlin, Budapest, Chicago, Christiania, Genf, Kopen¬
1369 2056 2459 2118 hagen, Lendon, Madrid, Mailand, Minneapolis, New-Verk.
1413 2093 2410 2151 Paris, Rom, San Francisco, Stockholm, St. Petersburg.
1699 2139 2132 2203 (Gsellsssagebe ebne Gewähs).
1371 2198 1748 2273 Ausschnitt aus:
1761 2255 2449 2363 Freie Presse, Wien
1361 2268 1710 2369 vom:  1910
1477 2420 2483 2519 er tapflecke Kassian“ in der Hhfoper.]
1294 2461 2473 2566 Ein###nteressante Nachricht kommt uns aus der Hifoper zu.
1340 2536 2475 2593 Ese-Wirektion hat Arthur Schnitzlers „Der tapfere
1320 2569 2483 2643 sWassian“, Musik von Oskar zur Aufführung
1337 2614 2490 2675 angenommen. Als Puppenspiel ist das kleine Werk bekanntlich im
1333 2665 2492 2713 vergangenen Sommer in München am dortigen Künstlertheater
1331 2711 2494 2761 in Szene gegangen. Dann erschien es vor einigen Monaten
1328 2754 2478 2803 als Singspiel in Leipzig, und in dieser letzteren Form wird
1327 2785 2480 2852 es nun mit dem Originaltert Arthur Schnitzlers auf der
1330 2817 2494 2889 Wiener Opernbühne im nächsten Herbst erscheinen. Das
1326 2871 2490 2917 Libretto ist in Versen gehalten, hat aber teilweise auch Prosa¬
1324 2911 2484 2965 dialogsorm. Die Musik hat einen lyrischen Unterton, und für
1333 2960 2477 3009 die Wiener Aufführung dürfte sich der Komponist entsprechend
1322 3013 2494 3064 dem größeren Rahmen unseres Opernhauses zu einer neuen
1328 3049 2478 3093 Instrumentation entschließen. Das Singspiel enthält nur drei
1325 3088 2418 3134 Partien. Der tapfere Kassian, eine Art Uebermensch,
1338 3133 2500 3185 Soldat. Er nimmt dem armen Martin, dem Studenten, das
1319 3174 2488 3221 Geld im Spiele ab und raubt ihm zuletzt auch die Geliebte
1322 3209 2493 3277 Daan ersticht er ihn im Zweikampf. Er will nun die Geliebte
1328 3277 2483 3324 verlassen, um sich einer anderen zuzuwenden. Sie springt aus
1331 3302 2500 3357 dem Fenster, das ernüchtert Kassian, er springt zihr nach,
1320 3347 2052 3398 reitet sie und zieht mit ihr ins Weite
