3392 4384
216 290 1524 374 17.2. Der tanfere Cassian
1140 1175 1542 1269 Telephon 12.801.
587 1315 1335 1415 „ODSLRVEN
436 1391 1520 1478 1. österr. beh. konz. Unternehmen für Zeitungs¬
638 1446 1317 1506 Ausschnitte und Bibliographie.
611 1500 1374 1580 Wien, I., Concordiaplatz 4.
833 1563 1160 1641 Vertretungen
439 1613 1528 1680 in Berlin, Brüssel, Budapest, Chicago, Cleveland, Christiania,
440 1659 1533 1714 Genf, Kopenhagen, London, Madrid, Mailand, Minneapolis,
423 1704 1533 1750 " New-York, Paris, Rom, San Francisco, Stockholm, St. Peters¬
829 1737 1140 1792 burg, Toronto.
776 1764 1175 1838 (Quellenangabe ohne Gewähr.)
434 1826 840 1910 Ausschnitt aus #
785 1848 1601 1971 Nous Preussisene Zellung, Berla
439 1955 599 2007 vom:
441 1964 863 2052 # eea
622 2027 1363 2098 Murionettentheater Münchener Künstler.
479 2088 1608 2159 Der kapfere Cassian. Ein groteskes Puppenspiel von Arthur
474 2113 653 2175 ißler.
665 2138 1610 2200 Hierauf: „La serva padrona“. (Wie die Zofe
378 2133 1611 2233 Verener) Komische Oper in 2 Akten von Giovanni Pergolese.
382 2203 1613 2282 Für das Marionettentheater instrumentiert von Richard Trunk. Am
385 2241 588 2300 7. Januar.
486 2285 1608 2342 Schnitzlers Art zu schildern ist weich und anmutig, all seinen
364 2307 1612 2371 Gestalten haftet eine gewisse sentimentale Schwermut an, er ver¬
377 2359 1605 2431 schleiert sie und überläßt es dem Hörer, das Angedeutete zu erraten.
370 2398 1608 2470 Für das derb=heitere Geure des Kasperletheaters eignet sich seine
372 2442 1602 2510 Dichtkunst nicht. Der Hanswurst ist die typische, „lustige Gestalt“
364 2466 1146 2525 der deutschen Bühne und wenn sie
1146 2491 1609 2548 sich späterhin unter
372 2515 844 2569 dem Namen „Kasperle“
843 2528 1599 2589 auch in mannigfaltige Theaterfiguren
365 2558 1605 2619 wandelte, so ist ihr doch das Derb=Komische geblieben. Die ruck¬
369 2598 1606 2658 artigen, zappelnden oder hüpfenden Bewegungen der hölzernen
358 2631 1598 2697 Puppen wirken an sich schon komisch und können unmöglich tragische
370 2673 1598 2743 Wirkungen erzielen, wie es der Stoff von Schnitzlers kleiner Tragödie
361 2719 1597 2768 verlangt. Der tapfere Cassian ist ein Soldat, der auf Besuch
365 2752 439 2799 zu
447 2755 1596 2825 seinem Vetter Martin, einem armen Studenten, kommt.
348 2796 1597 2864 Er nimmt ihm im Spiel sein Geld ab, macht ihm die
358 2823 1590 2897 Geliebte abspenstig und dringt schließlich auch noch mit dem Degen
351 2868 1588 2937 auf ihn ein. Sterbend bricht Martin zusammen und beichtet, daß
354 2916 1590 2978 er eigentlich gar nicht Sophie, sondern eine fremde Künstlerin liebt.
350 2940 1595 2993 Darauf springt Sophie aus dem Fenster, aber dem tapferen Cassian
341 2989 1587 3058 gelingt es, sie zu retten. Diese mit gewaltsamer Lustigkeit vermischte
343 3029 1592 3085 Tragik konnte keinen besonderen Eindruck hervorrufen, obgleich die
346 3064 1590 3140 Herren Wieland und Kurzhals und Fräulein Falkow ihre Figuren so
336 3105 1288 3160 dramatisch wie möglich sprechen und handeln ließen.
465 3144 1598 3190 Pergoleses kleine Oper, in der die niedliche Zofe es so
346 3180 1595 3253 graziös versteht, ihren Herrn in das Ehejoch zu zwingen, fand
352 3283 1608 3376 größeren Beifall, wenn auch die Gleichmäßigkeit der Szene und
356 3321 1606 3412 die geringe Anzahl der handelnden Personen etwas eintönig wirkt.
363 3369 1609 3453 Die Kasperle=Komödien verlangen nun einmal eine schnell vorüber¬
362 3407 1608 3491 huschende Handlung und häufigen Wechsel der Figuren, sollen sie
366 3449 1611 3530 nicht unnatürlich und damit langweilig wirken. Fräulein Weber
361 3482 1599 3577 brachte mit ihrem reinen, hellen Sopran die Schönheit der alten
366 3521 1594 3594 italienischen Musik recht zur Geltung und auch Herr Keller saag ge¬
365 3560 1163 3641 schmackvoll die Rolle des alten Junggesellen.
1433 3592 1579 3655 J. M.
1681 275 2120 367 box 22/7
2506 614 2909 696 Telephon 12.801.
1966 691 2724 850 „OBSERVER
1821 828 2896 909 I. österr. beh. konz. Unternehmen für Zeitungs¬
2029 893 2699 957 Ausschnitte und Bibliographie.
1989 939 2766 1026 Wien, I., Conoordiaplatz 4.
2210 1010 2537 1078 Vertretungen
1824 1038 2912 1117 in Berlin, Brüssel, Budapest, Chicago, Cleveland, Christiania,
1827 1100 2910 1161 Genf, Kopenhagen, London, Madrid, Mailand, Minneapolis,
1825 1143 2912 1188 New-YVork, Paris, Rom, San Francisco, Stockholm, St. Peters¬
2218 1184 2540 1235 burg, Toronto.
2161 1210 2580 1283 (Oaellenangabe ohne Gewähr.)
1826 1272 2220 1353 Ausschnitt aus:
2212 1263 2660 1378 Die Zeit, Wien
2047 1353 2341 1441 19 1 1911
1832 1387 2022 1492 vom 1
1950 1489 2751 1638 Theates und Kunst.
2175 1620 2511 1709 Puppenspiele.
1910 1672 2840 1753 c. h. Das Marionettentheater, das aus
1856 1738 2827 1793 München kommt und in der Urania auf¬
1871 1792 2841 1847 geschlagen ist, hat man schon in Wien gesehen.
1860 1834 2833 1883 Man kennt es aus der „Fledermaus“ wa es
1871 1864 2851 1935 ein paar entzückende kleine Stücke, darünter
1866 1914 2847 1990 den „Tapfern Kassian“ von Schnitzler. spielte.
1857 1958 2555 2018 Nunmehr soll es aber ein br#
2630 1965 2865 2022 Molikum g
1880 2004 2851 2060 heranlocken. Kinderspiele sind's nicht, aber einz
1866 2049 2855 2107 köstliches Theaterchen für Große. Es ist immer
1859 2089 2843 2156 von einem zauberhaften Reiz, Marionetten
1869 2130 2859 2193 agieren zu sehen. Das Püppenspiel mag in der
1873 2177 2849 2241 Mitte zwischen Schauspielerei und Pantomime
1873 2228 2836 2281 stehen. Die Pantomime schließt selbst das Wort
2744 2265 2813 2290 „
1869 2271 2833 2333 aus, als könnte es die Leidenschaft, das Gefuhl
1858 2313 2832 2367 gar nicht ausdrücken; sie läßt nur die Geste und
1865 2357 2836 2401 den Blick zu, ist ganz auf das Unsagbare
1858 2408 2838 2460 gestellt. Das Puppenspiel anerkennt des
1852 2441 2829 2508 Dichters Wort, doch nicht viel mehr; es liefert
1860 2490 2842 2531 sich nicht an den Schauspieler, an seine äußere
1864 2529 2846 2588 Erscheinung aus. Die Marionette kann sich der
1856 2568 2845 2625 Gestalt, wie der Dichter sie ersonnen, auf das
1858 2618 2840 2663 äußerste nähern. Sie streift von ihr das In¬
1875 2665 2840 2729 dividuelle=Veränderliche und erhebt sie zum
1863 2701 2829 2769 Typischen. Sie ist immer von einem wunder¬
1867 2752 2830 2800 vollen Geheimnis des Unwirklichen umhüllt.
1860 2789 2832 2847 Dadurch ist sie gar nicht an die psychblogischen
1866 2845 2832 2900 Abwicklungen gebunden und macht alles Bizarre,
1868 2882 2835 2928 Groteske nicht unglaubhaft. Keine Schwere zieht
1859 2929 2842 2984 sie nieder. Alles wird spielerisch, heiter, ironisch.
1865 2975 2833 3041 wie eine miniatürliche Karikierung des mensch¬
1865 3019 2225 3072 lichen Getriebes.
1905 3051 2834 3111 Die possierlichen, nur in den Gelenken be¬
1857 3109 2825 3156 weglichen kleinen Akteure sind immer wieder an¬
1871 3155 2834 3207 regend. Besonders wenn sie so reizende Komödien
1875 3191 2822 3239 spielen wie die Marionetten Paul Branns.
1875 3232 2833 3287 Sie geben ein romantisch=satirisches Stück
1865 3287 2830 3361 „König Violon und Prinzessin Klarinette“,
1875 3349 2854 3408 August Mahlmann, der zum Tieck=Kreise
1883 3388 2862 3457 gehörte, hat es gedichtet, einige aktuell=anzüg¬
1888 3442 2856 3501 liche Witze putzen es jetzt auf. Man sieht einen
1886 3483 2859 3532 komischen König, dessen Braut sich in einen
1872 3528 2852 3590 Prinzen Kasimir verliebt; Kasimir entpuppt
1872 3552 2851 3631 sich als ein unechter Sohn des Königs; die
1879 3616 2856 3689 Geschichte nimmt einen fürchterlichen Verlauf,
1873 3661 2844 3722 denn am Ende sind alle Beteiligten Leichen
1887 3704 2856 3770 Das ist aber nicht die Attraktion. Eine komische
1879 3750 2869 3797 Oper von Offenbach „Das Mädchen von
1882 3788 2871 3855 Elizondo“ schlägt das Romantikerstückchen. Da#
1880 3830 2858 3895 singen die Marionetten. Ein Gastwirt, ein
1881 3885 2851 3941 Liebhaber, ein Mädchen. Ein Baßbufso, ein
1876 3914 2858 3972 Tenor, ein Sopran. Die kleinen Marionetten
1887 3966 2849 4025 singen mit vollen Menschenstimmen, und doch
1882 4016 2858 4074 entsteht kein zwiespältiger Eindruck. Sie geben
1875 4058 2853 4112 sich dem Rhythmus der faszinierend pikanten,
1872 4098 2848 4151 champagnisierenden Musik hin. Hier zeigt sich die
1878 4142 2849 4205 feine Kunst der Münchener Pupvenspieler. Die
1925 4187 1980 4214 1
2756 4191 2844 4223 irf
2562 4191 2654 4235 11E17
