3392 4384
1192 316 1346 386 as
1640 324 2162 419 box 2277
226 315 1558 411 17.2. Der tapfere Cussian
797 842 2105 943 Berlin, Sonnabend, den 6. November 1909.
2861 830 3244 949 60. Jahrg.
235 928 800 1043 32A 00
2541 929 3020 1174 36
422 1120 539 1224 00
314 1021 420 1198 9
2912 1164 3043 1264 8
2835 1222 3026 1324 4
435 1205 545 1356 4
2826 1371 2995 1456 G6
1449 1416 1537 1501 O
2573 1417 2690 1499 O
255 1260 507 1514 #
552 1489 614 1571 6
275 1480 562 1621 —
3024 1523 3201 1622 730)
2085 1568 2370 1661 —
593 1572 1266 1683 Ne
355 1611 521 1695 — 6
2629 1600 3206 1715 A
635 1703 2293 1813 Für Theater, Musik und dramatische Titeratur.
212 1707 449 1821 „Pece
2616 1744 3106 1806 Abonnements=Preis:
2512 1767 3179 1853 jährlich 24 Mark, halbjährlich 12 Mark,
1075 1790 1823 1872 —
2527 1819 3173 1903 vierteljährlich 6 Mark pränumerando.
2629 1874 3085 1952 Insertions=Gebühr:
590 1874 2299 1962 Offizielles Organ des Verlages Felir Bloch Erben.
2519 1914 3188 2003 die dreigespaltene (durchschossene) Perit¬
658 1949 2195 2016 Inhaber: Adolf Sliwinski und Ernst Blach, Berlin NW. 6, Luisenstraße 21.
2572 1964 3125 2030 zeile oder deren Raum 25 Pf.
1459 2007 2561 2097 — Fernsprech=Anschluß: Amt III, No. 905. 1—
441 2010 1364 2099 Telegramm=Adresse: „Charivari Berlin“.
1920 2149 2878 2223 Vertretung unserer Firma im Auslande:
148 2157 950 2247 Inhalt dieser Nummer.
1529 2196 2798 2274 Für Oesterreich: Dr. O. F. Eirich, Wien II., 38 Praterstraße.
118 2196 1445 2280 re Kassian“ „Venus im Grünen“ (Leipzig, Stadtth.; Uraufführung).
1619 2250 2654 2308 Ungarn: Dr. O. F. Eirich, Savanyukut, Ungarn.
139 2257 1439 2325 nk. Zur Aufführung gelangte Werke. Geschäftsverkehr unseres Verlages.
1623 2282 3297 2364 Frankreich: Felix Bloch Erben, Paris, 3 bis rue Rosa Bonheur (Telegramm=Adr.:
1714 2321 2080 2388 Cheatralia=Paris).
134 2318 1170 2405 che König“ (Berlin, Königl. Schauspielh.; Uraufführung).
1618 2337 3027 2421 Rußland und Polen: P. Neldner, Buch= und Munkalienhandlung, Riga.
154 2375 1443 2461 (Cassel, Königl. Th., Uraufführung). „Die ewige Lampe“ (Berlin
1610 2378 3070 2461 Schweden, Finnland: O. Wijkander, Königl. Hof=Intendant, Stockholm.
138 2430 426 2486 Uraufführung).
1611 2434 3161 2493 Dänemark, Norwegen: Folmer Hausen, Kopenhagen, Vester Baulevard 36, St.
133 2446 1449 2529 dal“ (Le scandale.) (Wien, Disch. Volksth.). „Baron Trenck“ (Wien,
1616 2465 3259 2550 Verein. Staaten von Nordamerika und Canada: Hans Bartsch, Gaiety Theatre
1711 2517 3132 2574 Building, 1547, Broadway, New York (Telegr.=Adr.: Charivari=New York).
138 2527 870 2628 pel“ (Braunschweig, Hofth.). Anzeigen.
2581 2792 3129 2904 anen.
2188 2651 2487 2895 im
1771 2799 2059 2901 ven
1051 2663 1404 2911 sian.
167 2672 366 2910 tat
720 2661 915 2917 K
392 2667 631 2917 fer
1543 2907 3260 2994 Musikalisches Scherzspiel in einem Akt von Rudolph Lothar.
134 2902 1314 2996 el in einem Akt von Arthur Schnitzler.
1019 2993 1981 3087 Musik von Oscar Straus.
115 3103 3268 3172 dem Geifall gingen die neuen musikakischen Einakter von Oscar Straus am 30. Oktober am Stadttheater in Leipzig
128 3145 3269 3245 ung in Szene. Den vieken Hervorrufen mußte Straus, der seine (Werke persönkich dirigierte, durch sein Erscheinen vor
127 3249 3273 3323 Folge keisten. Ihm schkoß sich zuketzt auch der anwesende Autor von „Venus im Grünen“, (R. Lothar, an. Dieser hat in
130 3315 3275 3397 piek einen sehr amüsanken, in wirksamen Gühnensikuationen sich darstellenden Text gekiefert. Die (Musik ist von echtem
139 3358 3281 3459 erfüllt und eine ganze (Reihe der dankbarsten Schlager wurden vom (ubkikun jubelnd begrüßt. Das außerordentlich
138 3426 3276 3522 eitete Librekto zum „Tapferen Kassian“ bietet Straus Gelegenheit zu einer sehr stimmungsvollen (Musik, die sich in einzelnen
130 3514 3276 3611 ftvolk dramatisch steigert. Die Einakter, zu denen auch die bereits bekannte „Cokombine“ gehörte, boten dem (remieren¬
133 3571 3282 3674 n abwechsekungsreichen und unterhaktsamen Abend. (Wir geben im nachstehenden die Gesprechungen auszugsweise wieder.
2102 3661 3286 3740 Gestalten stehen, scheint unterhöhlt, erzittert leise, von dämonischen
926 3668 2102 3744 wirkung einiger just an der lex Heinze vorbeischlüpfenden
125 3686 935 3765 endzeitung“ Das muß man Straus
2093 3714 3269 3794 Kräften bewegt. Als Phantom tritt der Kassian in die Handlung,
927 3742 2091 3792 Situationen brachte hier — in den beiden letzten Stücken wenigstens,
137 3734 935 3799 sein, hält er für eine Todsünde. Der glück¬
2100 3767 3272 3836 als Phantom wirft sich auch der Schatten einer wilden Tänzerin
923 3774 2091 3836 in dem sehr hübschen Quartette „Ein herrlich Bild, das muß ich
164 3784 927 3843 der am Sonnabend die Erstaufführungen
2093 3806 2266 3881 herein.
934 3811 2094 3866 sagen“ und in dem flotten Tanz=Duettino „Wer im Küssen nicht
127 3814 933 3887 am Kapellmeisterpulte leitete, vermeidet sie
2173 3841 3275 3896 Auf seinem Gebiete bewegte sich Straus, als er „Venus im
931 3836 2107 3918 saitelfest“ — auch die Musik einiges wirklich erfreuende Operetten¬
121 3853 939 3922 Er verstand auch diesmal die Anteilnahme
2105 3874 3277 3937 Grünen“ schrieb. Er hat damit eine Operettenbluette geliefert,
927 3889 2095 3939 klingen, und so gab es denn am Schluß des Abends defrie¬
115 3896 921 3954 Ums zu gewinnen mit einer guterfundenen,
2102 3915 3278 3977 die man sich gefallen lassen kann. Da auch Rudolf Lothar nur
931 3928 2107 3988 digtes Händeklatschen und mehrfache Hervorrufe des
123 3925 937 3995 Erbehandlung vorgetragenen Tonsprache, die
2106 3966 3278 4024 skizzierte, in Karnevalslaune, zum Faschingsspaß — warum hätte
928 3965 2104 4027 Komponisten=Dirigenten Oscar Straus, der übrigens auch schon
122 3976 932 4031 ufweist. Die Mischung von Romantik und
2102 3994 3278 4059 Straus sich mehr den Kopf zerbrechen sollen? Man belachte dies
937 4009 2105 4072 nach den voraufgegangenen Einaktern von der Bühne herab für
119 4013 937 4074 ichte, volkstümliche Wendungen, Stimmungs¬
2100 4024 3284 4095 Stücklein, darin etwas Räuberulk und etwas Laszivität aufge¬
928 4052 2111 4113 beifällige Aufnahme hatte danken können, und dem jetzt zuletzt
120 4048 933 4113 re dramatische Akzente, als wir sonst an ihm
2105 4064 3180 4151 stapelt sind: es hatte den unbestrittensten Erfolg des Abends
939 4089 1901 4147 auch noch der Librettist Rudolf Lothar zur Seite trat.
112 4079 926 4153 les kommt zu wohlberechneter Wirkung. Ist
2187 4103 3277 4176 „Teipziger Volkszeitung“. In diesem Stücke (Venus
1014 4100 2108 4186 „Leipziger Neueste Nachrichten“. Oscar Straus, der
116 4135 933 4200 ausgesprochen rassig, so läßt sich ihr indes
2103 4139 3279 4217 im Grünen) ist Straus in seinem Element, handelt es sich doch
1980 4166 2109 4216 den
938 4165 2005 4240 bekannte, erfolgreiche Operettenkomponist, wagte gestern
138 4178 932 4230 essante und unterhaltsame Cha¬
2103 4196 3275 4251 um nichts andres als um eine launige Farce, um eine unver¬
1231 4200 2095 4283 Aeine Venns im Grünen“ #ror
2927 4232 3033 4291 K
