3436 4384
1707 243 2149 344 box 2277
235 221 1525 332 17.2. Der tapfere Gassian
460 464 651 532 —
449 524 1860 577 Fontainebleau nachts im Schloßpark vor dem König von Frankreich
451 570 1866 614 und seinen Offizieren ohne Schleier tanzte, die einen Graf von Leig¬
454 609 1862 666 nang zum Fenster in den Hof hinunterwarf, daß die Hunde auf ihn
464 664 1864 732 stürzten und ihm ein Ohr auffraßen, die in Homburg — doch genug
458 711 1869 773 von ihrem Ruf. Ja richtig, wie hieß sie denn? Eleonore Lambriani war
454 760 1865 820 ihr Name. Also ihr will Martin nach. Der Ungetreue, während Sophie
448 805 1866 869 so bitterlich weinen wird. In Sophies feinen Puppenarmen hat er küssen
462 853 1854 913 gelernt, ihr schwor er die ersten Eide, die Mädchen gerne hören. Den
457 905 1862 965 Glühenden, Eifersüchtigen, Zärtlichen hat er nur gespielt und glaubt
465 948 1869 1020 nun, die hohe Kunst der Liebe zu kennen. Wie sich das doch die Puppen
463 995 1867 1041 vorstellen! So wie wir Menschen. Eh' er die Stadt verläßt, will er
463 1040 1860 1102 der Weinenden sagen, daß er sie niemals wiedersehe, und sie wird darob
460 1090 1864 1146 sterben. Welch' ein böses, schwarzes Puppenherz! Und die Sophie sagt:
465 1140 1858 1186 „Bist du wieder da, wenn der Flieder blüht?" Es ist nämlich März
462 1185 1693 1249 und auf den Wiesen vor der Stadtmauer blühen die Veilchen.
590 1249 1858 1295 Da kommt Cassian mitten unter die Abschiednehmenden. Er
467 1276 1864 1345 kommt aus so vielen Abenteuern, daß ein anderer mehr Mühe hätte,
467 1327 1859 1392 sie zu erfinden, als es ihm gemacht hat, sie zu bestehen. Nun sitzen sie
458 1392 1864 1440 in ihrer Dachkammer beisammen. Der kommende Frühling liegt ihnen
463 1425 1856 1494 in den Gliedern. Sie spielen und feiern ein Fest zum letzten Adieu.
451 1488 1853 1532 Martin, der im Spiel wie ein Zauberer immer und immer wieder ge¬
465 1517 1859 1586 winnt, nochmals will er in der flüchtigen Abschiedsstunde dem Cassian
471 1562 1868 1624 seine Wunder zeigen. Gleich soll ja der Diener kommen, der den Post¬
464 1662 1870 1727 einmal verliert Martin, immer wieder, es geht alles darauf, er verliert
460 1713 1870 1755 Geld und Gut, den Reiseplatz im Postwagen, das Geld, mit dem er
462 1755 1857 1812 die tanzende Liebesspenderin erkaufen wollte, die Ehre, den Degen, das
467 1791 1873 1861 Geschmeide, alles, auch die Sophie... Und sie? Plötzlich schlägt sie um
458 1862 1860 1921 und will auch wirklich Cassian gehören. Da bäumt sich Martins
462 1903 1861 1963 Puppenstolz auf und er vergißt Spiel und seine eigene Untreue und die
461 1950 1865 2014 schöne Tänzerin in der nebelhaften Ferne. Kampf. Hieb auf Hieb. Das
461 2012 1868 2056 Klirren der Degen. Auch Martin sicht gut. O. .. Cassian, der Krieger
460 2047 1858 2111 und abenteuerliche Fechter sticht den Martin mitten ins pochende, heiße,
460 2087 1862 2147 unglückliche Puppenherz. Ach, wie schade. .. Cassian soll nun die teuere
458 2143 1869 2194 Tänzerin haben. Auf Sophie fällt die Wolke der Verzweiflung. Sie
456 2185 1860 2251 stürzt sich zum Fenster hinaus. Arme Sophie — so wird man sagen.
462 2228 1863 2280 Doch nicht. Alles ist eine Komödie nur und geht nach den Gesetzen und
466 2285 1859 2336 der logischen Notwendigkeit des Märchens: Cassian stürzt ihr nach und
468 2332 1863 2388 fängt sie im Falle. Beide kommen unten heil an. Freilich, Martin stirbt
464 2382 1861 2435 und hört das fliehende Paar noch rufen und lachen, und dann immer
467 2422 1862 2491 leiser und leiser, und in der Ferne das Posthorn, das wie ein Ruf des
465 2471 1865 2536 Lebens der sterbenden Puppe im Ohre klingt. Sie reisen hinaus ins
466 2519 1859 2565 helle, lebendige Sonnenland, Martin aber muß liegen bleiben mit durch¬
463 2564 1862 2635 stochenem Herzen und so müde im Sterben, daß er nicht einmal Flöte
469 2609 1856 2668 spielen will. .. Ja, es paßt nicht zusammen, der Ruf des Lebens und
460 2664 1820 2716 der melancholische Trauermarsch auf den Tod einer verlassenen Puppe.
598 2716 1856 2775 Martin, Martin, wie hast du recht, wenn du in der Stunde, wo
469 2749 1856 2808 dir die Glieder erschlaffen und die Schnüre, an denen du das Leben
469 2805 1866 2872 lebst, nur noch lockerer von den Fingern dessen herabhängen, der dich
467 2849 1852 2914 spielen läßt, wie recht hast du, Martin: es ist bitter, allein zu sterben,
464 2906 1869 2959 wenn man eine Viertelstunde vorher noch geliebt, wohlhabend und der
457 2949 1854 3016 herrlichsten Hoffnungen voll war. Hörst du das Posthorn in der Ferne?
460 2995 1832 3051 Den Ruf des Lebens? Tröste dich, zerstochenes Puppenherz, uns ge¬
451 3055 1868 3111 schieht es nicht anders. Du hängst am Draht, und einer der größer ist
454 3098 1864 3162 als du läßt dich lachen und weinen, lieben und müdewerden und seufzen
458 3138 1864 3193 und sterben. Bei uns sieht man die Drähte nicht. Nur die Kinder sehen
455 3183 1864 3253 sie, die Philosophen glauben sie zu spüren und sehen sogar in den
456 3245 1858 3300 Wolken etwas, wo sie enden, aber nur die Dichter dürfen hinter die
456 3288 1857 3338 Bühne und sehen alles, alles, damit sie dann dem Alltag davon er¬
460 3332 1855 3396 zählen, wie wir das Spielzeug sind ernster, schwerer, dunkler Hände.
460 3381 1859 3436 Und das sind die Dichter, wie auch der, der diese Puppenkomödie vom
466 3436 1860 3489 „Tapferen Cassian“ erfand — ein gütiger Mann, der von der Sehn¬
456 3472 1860 3539 sucht nach dem Leben erzählt. Es ist ein Spiel auf unser Leben in der
469 3524 1854 3572 Gewandung der Ironie und leichtsinnigen Melancholie. Puppenspiele
455 3570 1857 3628 und Puppen haben doch das gleiche Schicksal. Freilich, die Puppe
467 3621 1864 3683 glaubt, daß sie lebt, sie merkt den Betrug nicht. Dem Puppenspieler
465 3661 1867 3726 macht die Irreführung Freude. Oder sind auch wir Betrogene? Wir
465 3718 1864 3776 geben der Puppe den Wahn und zweifeln nun selbst. Da entgleiten uns
460 3753 1857 3814 die Fäden und wir fühlen auf einmal, daß wir an Schnüren hängen.
470 3806 1869 3871 Ach, das kann doch nicht sein. Nicht wahr, Martin, du bist nur schein¬
455 3852 1883 3923 bar tot und stehst dann wieder auf? Das machst du uns nur so vor 2#/#
463 3898 1592 3977 Man lacht dann des Traumes und geht an seine Arbeit.
1340 3929 1846 4037 Dr. Franz Strünz
640 4031 1678 4124 Erdgasbohrungen in Siebenbürgen.
580 4111 1855 4178 Budapest, 11. März. Eine Kommission von Reichstags=Abgeordneten
2041 1148 3131 1269 Bitte Rückseite beachten!
2657 1225 3124 1320 Telephon 12.801.
2850 1331 2984 1415 14
2178 1405 2849 1531 „USSERTI
2025 1494 3156 1581 I. österr. behördl. konz. Unternehmen für
2341 1555 2825 1636 Zeitungsausschnitte
2050 1604 3136 1702 Wien, I., Konkordiaplatz 4.
2425 1669 2739 1729 Vertretungen
2047 1675 3130 1771 in Berlin, Basel, Budapest, Chicago, Cleveland, Christiania,
2051 1749 3129 1808 Genf, Kopenhagen, London, Madrid, Mailand, Minneapolis,
2041 1787 3141 1869 New-Vork, Paris, Rom, San Francisco, Stockholm, St. Peters¬
2441 1831 2741 1902 burg, Toronto.
2296 1873 2909 1963 (Quellenangabe ohne Gewähr).
2041 1930 2444 2035 Ausschnitt aus:
2448 1948 3189 2063 Neues Wiener Jeursal
2222 2034 2534 2114 18 3 1911.
2038 2060 2198 2150 vom:
2363 2147 2472 2217 —.—
2107 2190 3241 2272 (Münchener Marionettentheater.) In der Urania
1966 2262 3238 2322 gab es gestern wieder eine der so amüsanten Premieren des hier
1974 2307 3234 2376 gastierenden Münchener Marionettentheaters, das bei uns ein
1986 2355 3240 2411 treues und schon großes Publikum gefunden hat. Zunächst kam in
1979 2397 3236 2451 einer Neuaufführung Schnitzlers von der „Fledermaus“ her schon
1977 2450 3245 2523 bekanntes Puppenspiel „Der tapfere Cassian“, dessen bald
1972 2484 3248 2564 p#odistische, bald lyrische Szenen in der Marionettendarstellung in
1969 2554 3232 2614 ganz besonderer Weise zur Witturg gelangen. Das kleine, im
1971 2588 3231 2661 XVII. Jahrhundert sich abspieleude Stück mutet wie eine ein wenig
1981 2644 3239 2697 groteske Ballade an. Es ist ein Spiel von Liebe und Untreue,
1978 2694 3241 2747 aus Torheit und Klugheit, Leidenschaft und Tücke gemischt. Ein
1981 2742 3225 2797 Schwächling fällt einem in der Liebe rivalisierenden Prahlhans
1981 2787 3230 2844 zum Opfer, und Liebeslust und Tod erhalten in der Marionetten¬
1985 2829 3226 2898 darstellung etwas Unwirkliches, Ironisches. Zu den Vorgängen paßte
1987 2868 3228 2940 das schöne Largo aus dem Orgelkonzert Friedmann Bachs. Die
1970 2935 3231 2986 ungemein charakteristischen und künstlerisch gehaltenen Figuren
1979 2974 3219 3036 und die Dekoration rühren von Ignatius Taschner und Professor
1987 3025 3227 3087 Bradl her. Die Herren Marx, Wieland und Fräulein
1982 3067 3230 3134 Falkner boten treffliche Deklamationen des Textes. Es
1986 3128 3226 3185 kam dann der zwölfjährige Mozart mit seinem entzückend
1986 3169 3231 3229 feschen und anmutigen Rokokoidyll „Bastien und Bastienne“ zu
1998 3203 3234 3278 Wort, das mit seinen idyllischen, heiter=lieblichen Vorgängen so
1986 3270 3252 3330 recht in dieses Marionettentheater gehört. Professor Bradl steuerte
1965 3346 3215 3476 auch hier die entzäckenden, fein modellenten Figckrhen bil, die
1948 3393 3213 3536 ein so harmloses, putziges Spiel treiben. Das kleine Orchester
1960 3458 3208 3576 und die Sänger Dr. Neumann, Krall und Fräulein Sax brachten
1956 3496 3207 3632 die zierliche Musik, in der der sspätere Mozart sich schon
1951 3561 3227 3686 verrät, zu hübschester Wirkung., Beide Stücke fanden den
1955 3602 2313 3687 wärmsten-Beifall.
