3484 4384
466 146 1203 219 Paris, Konl, San Prallcisco, C.
768 187 1195 252 (Quellonengabe chne Gewähr).
439 243 807 331 Ausschnift aus:
622 292 910 389 . 131
1042 298 1579 403 Srhese. Wien
446 330 587 411 vam:
550 397 1619 450 [„Concordia“=Matinee.] Immer, wenn die
451 439 1631 497 Saison sich anschicken will, zur Neige zu gehen, kommt dieses
451 480 1629 528 letzte theatralische Ereignis, die Matinee der „Concordia“. Ihr
462 523 1634 583 Hauptreiz besteht darin, daß sie in paar Sonntagsnach¬
460 559 1619 620 mittagsstunden einen Auszug der Wiener Theaterkunst bietet,
464 607 1628 651 gleichsam eine Musterkarte unserer beliebtesten Größen. Hof¬
1512 650 1628 704 diese
460 644 1504 714 bühnen und Privattheater senden ihre Lieblinge in
469 679 1634 756 Matinee und der Fremde, der sie besucht, genießt einen
465 734 1616 794 amüsanten und lehrreichen Anschauungsunterricht, wie in
458 775 1620 831 Wien gespielt, gesungen und getanzt wird. Auch die gestrige,
457 820 1622 866 im Carl=Theater abgehaltene „Concordia“=Matinee vereinigte
469 862 1625 909 wieder Darsteller der Hoftheater, der Privatbühnen, Oper,
469 902 1618 966 Schauspiel und Operette zu einem ungewöhnlichen Ensemble.
459 952 1626 1006 Das Deutsche Volkstheater machte den Anfang mit einer
464 988 1619 1042 dramatischen Situation „Kameraden“ von Peter Nausen.
459 1019 1617 1073 die bei dieser Gelegenheit ihre Uraufführung erlebte. Der
457 1070 1612 1129 kleine Einakter des hervorragenden dänischen Erzählers bringt
457 1116 1611 1167 nur zwei Figuren: Henrik und Ellen. Vor einem halben
462 1152 1623 1214 Jahre haben sie sich aus einem plötzlichen Bedürfnis nach
446 1200 1625 1252 Freiheit entlobt, ohne sich deshalb zu entzweien. Im Gegen¬
458 1240 1618 1301 teil, sie sind gute Freunde geblieben, Kameraden, die mit¬
455 1281 1612 1328 einander vernünftig und aufrichtig vlaudern können. Natür¬
454 1317 1608 1382 lich ist dies nur eine fingierte Vernunft und Kameradschaft
448 1372 1604 1419 und als Ellen zu Henrik kommt, angeblich um sich Rat
449 1411 1509 1474 wegen eines Heiratsantrages zu holen, sagt er dezu Ja,
1509 1409 1615 1469 um
460 1453 1610 1501 es aber gleich darauf mit einem Kuß zu widerrufen. Der
451 1494 1607 1553 Reiz der kleinen dramatischen Plauderei liegt im Ton, im
440 1548 1617 1597 Dialog, in dessen graziösem lebendigen Verlaufe manche witzige
439 1579 1609 1623 Wendung auftaucht. Der Einakter wurde glänzend gespielt
449 1630 1618 1690 von Leopold Kramer mit seiner unfehlbaren Liebens¬
453 1668 1615 1729 würdigkeit und seinem legeren Humor, und in der anmutigen
453 1717 1610 1754 Erika v. Wagner hatte er eine kluge und charmante
456 1750 1617 1816 Partnerin, die über einen überaus angenehmen natürlichen
446 1798 1603 1853 Lustspielton verfügt. Hierauf ein Stückchen Hofopernkunst.
454 1835 1615 1902 Oskar Straus' Singspiel „Der tapfere Kassian“ das später
442 1878 1600 1929 im Repertoire der Hofoper erscheinen wird, erlebte hier eine
454 1925 1596 1983 Art Vorpremière. Der Librettist des Singspieles ist kein Ge¬
441 1967 1597 2009 ringerer als Artur Schnitzler. Er hat es aus seiner be¬
440 2011 1605 2060 kannten geistreichen Marionettengroteske gestaltet und der
442 2060 1599 2113 opernhaften Wirkung zuliebe mit einem tragischen Schluß
441 2097 1603 2149 versehen: Der Student Martin wird hier von Kassian im
443 2135 1601 2182 Duell erstochen und bleibt einsam sterbend mit seiner Flöte
446 2183 1597 2245 zurück. Oskar Straus hat dazu eine zierliche Musik ge¬
448 2225 1601 2274 schrieben, die in Melodik und Instrumentation den Mario¬
447 2265 1472 2308 nettenstil der Dichtung noch zu zeichnen sucht.
1499 2265 1604 2317 Die
440 2305 1595 2369 Spielszene und die Kriegserzählung Kassians sind die
441 2344 1607 2410 hübschesten musikalischen Momente des aparten Singspieles,
434 2404 1594 2457 das von Hofopernkapellmeister Franz Schalk vortrefflich ein¬
429 2441 1607 2492 studiert worden ist. Die Gesangskunst des Fräuleins Fran¬
441 2491 1605 2542 cillo=Kauffmann und die schönen Stimmen der
434 2519 1596 2580 Herren Hofbauer und Maikl vereinigten sich zu einem
433 2567 1591 2625 brillanten Trio. Mit diesen Künstlern wurde Oskar Straus
429 2612 1587 2657 oft gerufen. Den Höhepunkt erreichte der Nachmittag, als
430 2650 1591 2711 Alexander Girardi auf der Bühne erschien, mit stürmi¬
440 2691 1596 2748 schem Beifall begrüßt. Schon seine Maske, die eines allen
430 2733 1599 2788 Fiakers, ist prächtig: von dem luft= und weingeröteten Gesicht
429 2778 1603 2822 bis zum kleinsten Detail der Kleidung. Girardi, der vor vielen
427 2814 1598 2869 Jahren das berühmte Fiakerlied kreiert hat, sang zum
437 2869 1595 2924 erstenmal ein „Neues Fiakerlied". Der Text von Philipp
437 2904 1588 2958 Pollak bewegt sich zwischen Humor und Empfindsamkeit und
435 2946 1583 3000 schildert in vier, fünf Strophen den aussichtslosen Kampf des
436 2992 1597 3055 Fiakers gegen das Auto, gegen die neue Zeit, die neuen
421 3028 1596 3094 Wiener und ihre undankbare Vergeßlichkeit. Ein Fiakerwelt¬
424 3075 1585 3124 schmerz, der sich in dem Coupletrefrain ausdrückt: Taxameter
419 3126 1591 3178 und Benzin. Der Komponist Ludwig Engländer, der
423 3158 1579 3207 am Dirigentenpult saß, hat dazu eine sich sehr hübsch an¬
426 3199 1576 3272 schmiegende Wiener Musik geschrieben. Wert und Bedeutung
422 3256 1583 3317 erhält das kleine Lied erst durch den unvergleichlichen Vor¬
412 3280 1581 3340 trag Girardis. Das ist mehr als ein Coupletvortrag: das ist
420 3335 1576 3403 das alte verschwindende Wien, das droben steht und noch
418 3376 1579 3442 einmal den Nachgebovenen zeigt, wie unsinnig schön und
421 3426 1580 3483 rührend und fidel es war. In ein paar Coupletstrophen so viel
423 3461 1579 3515 Echtheit und Buanee, so viel Leben und Kunst hineinlegen,
416 3494 1576 3573 das vermag nur Alexander Girardi, der liebe und große
409 3546 1583 3596 wienerische Meister. Mit stürmischem und jubelndem Beifall
414 3588 1461 3672 wurde das Couplet zur Wiederholung verlangt. Den #####
1418 3602 1564 3657 lbschluß
1476 3640 1553 3678 64
849 3641 1298 3703 —
432 3694 1597 3768 der Matinee bildete das entzückende Altwiener Singspiel
440 3734 1597 3820 „Brüderlein sein“ von Julius Wilhelm und Leo Fall.
439 3773 1593 3855 Herr und Frau Drechsler wurden diesmal von Fritz
441 3813 1597 3896 Werner und Mizzi Zweren; dargestellt. Mit grauen,
433 3861 1585 3937 Haaren waren beide von seinster, diskreter Charakteristik, mit
436 3901 1575 3963 blonden von sprühendem, singendem und tanzendem Tem¬
438 3946 1584 4026 perament. Die liebenswürdige Leistung Gerda Waldes
443 3989 1580 4066 schloß sich angenehm an. Der Einakter wurde von Kapell¬
436 4033 1588 4110 meister Holzer erakt dirigiert, von Oberregisseur Holzer
442 4071 1606 4156 stimmungsvoll in Szene gesetzt, und mit herzlichem Beifall“
424 4119 1244 4181 für alle Mitwirkenden verklang die Matinee.
1993 1211 3069 1327 hagen, London, Madrie, Mailand, Minneapolis, New-York.
2031 1274 3037 1368 Paris, Rom, San Francisco, Stockholm, St. Petersburg.
2323 1327 2753 1392 (Gnallonengibe ohme Gowühs).
1980 1347 2371 1459 Ausschnitt aus
2365 1386 3044 1498 Suas Wiener Jaurka
1980 1443 2573 1555 vom: 18. MRZ. 19•2
1955 1536 3092 1622 (Carl=Theater.) Concordia=Matinée. Das bedeutet
1833 1557 3101 1689 (eine Reihe künstlerische Eindrücke von nachhaltigem Wert. So war
1842 1618 3080 1733 es auch gestern. Erst ein Einakter von Peter Nansen, dem geist¬
1836 1664 3086 1788 vollen Dänen: „Kameraden“ betitelt. Es ist nur eine dramatische
1843 1724 3086 1822 Situation, so etwa in der Anatolart. Die hübsch pointierte
1837 1778 3084 1883 Plauderei wurde von Herrn Kramer und Fräulein Erika
1831 1827 3076 1924 v. Wagner ganz reizend gespielt. Dann folgte der inter¬
1837 1877 3081 1975 essanteste Teil der Veranstaltung: die Premiere des Singspiels
1830 1931 3079 2023 „Der tapsere Kassian“ von Artur Schnitzler, mit der Musik
1812 1980 3081 2076 von Oskar Straus. Das Marioneltenspiel des Dichters, das
1803 2025 3073 2123 erst jüngst im Deutschen Volkstheater so anregend wirkte, ist hier
1816 2079 3071 2169 für die Vertonung adaptiert, ein bißchen gekürzt und geändert.
1827 2118 3070 2229 Aber der sinnige Gehalt des Stückchens blieb und bot dem
1820 2150 3079 2255 Komponisten Raum zur Entfaltung seiner musikalischen Art.
1818 2207 3076 2320 Sie ist an dieser höheren oder vielmehr tieferen
1818 2252 3071 2353 Aufgabe gewachsen. Es ist die Arbeit eines starken Könners. Die
1812 2309 3061 2415 musikalische Untermalung der Szene ist ihm außerordentlich ge¬
1814 2356 3063 2435 glückt. Sie steckt voll heimlicher Reize, und wo er zu melodischem
1817 2407 3060 2509 Schwung ausholt, erfreut eine besondere Klangfülle das Ohr.
1810 2448 3067 2557 Ein Terzett von den Taten des tapferen Kassiau ist ein wahres
1802 2495 3054 2616 Kabinettstückchen und rief stürmischen Applaus hervor. Er brach
1796 2552 3042 2659 in verstärktem Maße nach dem Fallen des Vorhanges aus.
1801 2602 3051 2697 Oskar Straus mußte zahlreichen Hervorrufen Folge leisten.
1795 2645 3052 2750 Mit ihm erschienen die Herren Hofbauer und
1781 2689 3060 2807 [Maikl sowie Fräulein Francillo=Kauff¬
1788 2743 3053 2857 mann, deren prächtiges Stimmmaterial den Intentionen
1795 2791 3046 2911 des Komponisten vollauf Rechnung trug. Franz Schalk
1790 2838 3052 2915 dirigierte das Orchester mit gewohnter Präzision. Der interessanten
1780 2858 3046 2992 Premiere folgte ein humoristisches Nachspiel: Girardi trug
1793 2940 3049 3040 ein neues Fiakerlied von Ludwig Engländer, Text vons
1786 2980 3040 3086 Philipp Pollak, vor. Man kennt Girardis Vortragskunst
1779 3029 3031 3136 und es war doch wieder ein besonderer Genuß, ihn das Klagelied
1770 3071 3032 3174 von der neuen Zeit anstimmen zu hören, die nur auf Taxameter
1763 3129 3032 3226 und Benzin eingeschworen ist. Als Abschluß der Matinee wurde
1770 3185 3026 3281 Leo Falls „Brüderlein fein“ wieder gegeben. Die entzückende
1764 3222 3024 3316 Darstellung von Mizzi Zwerenz und Fritz Werner, die
1748 3255 3030 3361 zum erstenmal diese Partien sangen und sich besonders auszeich¬
1760 3314 3028 3431 neten sowie die bekannte charmante Leistung des Fräuleins
1756 3361 3029 3491 [Walde verhalf dem Einakter zu neuer Wirkung. Es war ein
1747 3407 2210 3482 anregender Nachmittag.
1860 3468 2953 3572 * G.  c „m5 4 Il-
