<?xml version="1.0" encoding="UTF-8" standalone="yes"?>
<PcGts xmlns="http://schema.primaresearch.org/PAGE/gts/pagecontent/2013-07-15" xmlns:xsi="http://www.w3.org/2001/XMLSchema-instance" xsi:schemaLocation="http://schema.primaresearch.org/PAGE/gts/pagecontent/2013-07-15 http://schema.primaresearch.org/PAGE/gts/pagecontent/2013-07-15/pagecontent.xsd">
    <Metadata>
        <Creator>prov=University of Rostock/Institute of Mathematics/CITlab/Gundram Leifert/gundram.leifert@uni-rostock.de:name=ONB_Newseye_GT_M1+(htr_id=10810)::::v=2.4.2
prov=University of Rostock/Institute of Mathematics/CITlab/Tobias Gruening/tobias.gruening@uni-rostock.de:name=de.uros.citlab.module.baseline2polygon.B2PSeamMultiOriented:v=2.4.2
prov=University of Rostock/Institute of Mathematics/CITlab/Tobias Gruening/tobias.gruening@uni-rostock.de:name=/mnt/transkribus/LA/DEA/URO/LA_news_onb_att.pb:de.uros.citlab.segmentation.CITlab_LA_ML:v=2.4.2
Transkribus</Creator>
        <Created>2019-10-07T11:31:57.549+02:00</Created>
        <LastChange>2019-10-08T11:50:56.185+02:00</LastChange>
        <TranskribusMetadata docId="223973" pageId="9499303" pageNr="47" tsid="16554581" status="IN_PROGRESS" userId="40391" imgUrl="https://files.transkribus.eu/Get?id=YXHMQKLLRRLJPVHOVCMPQGYL&amp;fileType=view" xmlUrl="https://files.transkribus.eu/Get?id=SHZVQTJPUNZNGWWOSWGBEXSY" imageId="6189525"/>
    </Metadata>
    <Page imageFilename="223973_0047.jpeg" imageWidth="3484" imageHeight="4384">
        <ReadingOrder>
            <OrderedGroup id="ro_1711450249423" caption="Regions reading order">
                <RegionRefIndexed index="0" regionRef="r1"/>
            </OrderedGroup>
        </ReadingOrder>
        <TextRegion orientation="0.0" id="r1" custom="readingOrder {index:0;}">
            <Coords points="309,370 309,3791 2965,3791 2965,370"/>
            <TextLine id="r1l1" custom="readingOrder {index:0;}">
                <Coords points="1265,397 1319,401 1328,395 1337,401 1363,401 1377,395 1389,401 1415,402 1415,356 1392,355 1383,347 1329,355 1323,349 1311,352 1291,334 1280,340 1265,339"/>
                <Baseline points="1279,392 1309,393 1340,393 1370,393 1401,394"/>
                <TextEquiv>
                    <Unicode>àS S</Unicode>
                </TextEquiv>
            </TextLine>
            <TextLine id="r1l2" custom="readingOrder {index:1;}">
                <Coords points="294,415 2218,416 2180,332 1675,387 1499,332 1387,390 294,337"/>
                <Baseline points="309,390 403,395 498,400 593,404 688,407 782,409 877,411 972,412 1067,413 1161,413 1256,412 1351,412 1446,411 1540,410 1635,408 1730,406 1825,404 1919,403 2014,401 2109,399 2204,397"/>
                <TextEquiv>
                    <Unicode>17.2. Der tapfere #assian box 227</Unicode>
                </TextEquiv>
            </TextLine>
            <TextLine id="r1l3" custom="readingOrder {index:2;}">
                <Coords points="608,1266 1790,1283 1831,1229 608,1226"/>
                <Baseline points="623,1248 682,1251 742,1253 801,1255 861,1257 921,1259 980,1260 1040,1261 1100,1262 1159,1263 1219,1264 1279,1264 1338,1265 1398,1265 1458,1266 1517,1266 1577,1266 1637,1267 1696,1267 1756,1267 1816,1268"/>
                <TextEquiv>
                    <Unicode>i eigentliche Gebiet der Operette, die Satire und den Spaß</Unicode>
                </TextEquiv>
            </TextLine>
            <TextLine id="r1l4" custom="readingOrder {index:3;}">
                <Coords points="1874,1273 2788,1296 2941,1289 2979,1240 1874,1226"/>
                <Baseline points="1888,1269 1941,1270 1995,1270 2049,1271 2103,1272 2157,1272 2210,1273 2264,1274 2318,1274 2372,1275 2426,1275 2479,1276 2533,1276 2587,1277 2641,1277 2695,1278 2748,1278 2802,1278 2856,1279 2910,1279 2964,1279"/>
                <TextEquiv>
                    <Unicode>Zwischen diesen Werken nimmt der Tapfere</Unicode>
                </TextEquiv>
            </TextLine>
            <TextLine id="r1l5" custom="readingOrder {index:4;}">
                <Coords points="673,1306 1656,1320 1815,1308 1816,1271 674,1269"/>
                <Baseline points="688,1295 743,1295 799,1296 855,1297 910,1298 966,1299 1022,1301 1077,1302 1133,1303 1189,1305 1245,1306 1300,1307 1356,1308 1412,1309 1467,1310 1523,1311 1579,1311 1634,1311 1690,1311 1746,1310 1802,1309"/>
                <TextEquiv>
                    <Unicode>gewährten. Die Bedingungen waren gegeben. Ein Vor¬</Unicode>
                </TextEquiv>
            </TextLine>
            <TextLine id="r1l6" custom="readingOrder {index:5;}">
                <Coords points="1817,1316 2927,1334 2974,1279 1818,1261"/>
                <Baseline points="1830,1305 1886,1307 1942,1308 1999,1309 2055,1311 2112,1312 2168,1313 2225,1314 2281,1315 2338,1316 2394,1317 2450,1317 2507,1318 2563,1319 2620,1319 2676,1319 2733,1320 2789,1320 2846,1320 2902,1320 2959,1320"/>
                <TextEquiv>
                    <Unicode>Kassian eine merkwürdige Stellung ein. Daß Straus</Unicode>
                </TextEquiv>
            </TextLine>
            <TextLine id="r1l7" custom="readingOrder {index:6;}">
                <Coords points="670,1338 1627,1364 1806,1349 1807,1308 671,1303"/>
                <Baseline points="686,1334 741,1335 796,1335 851,1336 907,1337 962,1339 1017,1340 1073,1341 1128,1343 1183,1344 1239,1345 1294,1346 1349,1347 1404,1347 1460,1348 1515,1348 1570,1347 1626,1347 1681,1346 1736,1344 1792,1342"/>
                <TextEquiv>
                    <Unicode>gang, der in seinen Grundzügen eine Satire auf die Liebes¬</Unicode>
                </TextEquiv>
            </TextLine>
            <TextLine id="r1l8" custom="readingOrder {index:7;}">
                <Coords points="1815,1354 2981,1350 2975,1312 1816,1313"/>
                <Baseline points="1829,1346 1885,1347 1942,1348 1999,1349 2056,1350 2113,1351 2169,1352 2226,1352 2283,1353 2340,1354 2397,1354 2453,1355 2510,1356 2567,1356 2624,1357 2681,1357 2737,1358 2794,1358 2851,1359 2908,1359 2965,1360"/>
                <TextEquiv>
                    <Unicode>mit ihm etwas Besonderes geben wollte, daß er keine Ge¬</Unicode>
                </TextEquiv>
            </TextLine>
            <TextLine id="r1l9" custom="readingOrder {index:8;}">
                <Coords points="664,1386 1818,1397 1801,1345 665,1337"/>
                <Baseline points="678,1372 734,1373 790,1374 846,1374 903,1375 959,1376 1015,1377 1072,1378 1128,1379 1184,1380 1241,1381 1297,1381 1353,1382 1409,1383 1466,1383 1522,1384 1578,1384 1635,1384 1691,1384 1747,1384 1804,1384"/>
                <TextEquiv>
                    <Unicode>beziehungen verschiedener Menschen zueinander ist und</Unicode>
                </TextEquiv>
            </TextLine>
            <TextLine id="r1l10" custom="readingOrder {index:9;}">
                <Coords points="1805,1392 2979,1399 2979,1350 1805,1352"/>
                <Baseline points="1820,1386 1877,1387 1934,1387 1991,1388 2049,1388 2106,1389 2163,1390 2220,1390 2278,1391 2335,1392 2392,1393 2449,1394 2507,1394 2564,1395 2621,1395 2678,1396 2736,1396 2793,1397 2850,1397 2907,1397 2965,1396"/>
                <TextEquiv>
                    <Unicode>schäftsoperette, sondern eine Art Kunstwerk damit be¬</Unicode>
                </TextEquiv>
            </TextLine>
            <TextLine id="r1l11" custom="readingOrder {index:10;}">
                <Coords points="663,1413 1646,1443 1813,1434 1814,1390 663,1370"/>
                <Baseline points="678,1409 734,1410 790,1412 846,1413 902,1414 958,1415 1014,1416 1070,1418 1126,1419 1182,1419 1239,1420 1295,1421 1351,1422 1407,1422 1463,1423 1519,1423 1575,1423 1631,1423 1687,1423 1743,1423 1800,1422"/>
                <TextEquiv>
                    <Unicode>durch Übertreibung in der Herausarbeitung der Charaktere</Unicode>
                </TextEquiv>
            </TextLine>
            <TextLine id="r1l12" custom="readingOrder {index:11;}">
                <Coords points="1812,1432 2971,1445 2971,1393 1812,1388"/>
                <Baseline points="1827,1424 1883,1425 1939,1426 1996,1426 2052,1427 2109,1428 2165,1429 2222,1430 2278,1431 2335,1432 2391,1433 2447,1433 2504,1434 2560,1435 2617,1435 2673,1436 2730,1436 2786,1436 2843,1436 2899,1436 2956,1435"/>
                <TextEquiv>
                    <Unicode>absichtigte, ist unverkennbar. Es sollte wohl ein Stück für</Unicode>
                </TextEquiv>
            </TextLine>
            <TextLine id="r1l13" custom="readingOrder {index:12;}">
                <Coords points="666,1454 1803,1470 1803,1429 1757,1426 667,1414"/>
                <Baseline points="681,1449 736,1450 791,1452 846,1453 902,1454 957,1455 1012,1456 1068,1457 1123,1458 1178,1459 1234,1460 1289,1460 1344,1461 1399,1462 1455,1462 1510,1463 1565,1463 1621,1463 1676,1464 1731,1464 1787,1464"/>
                <TextEquiv>
                    <Unicode>einen grotesken Einschlag erhält, der das Typische gewisser</Unicode>
                </TextEquiv>
            </TextLine>
            <TextLine id="r1l14" custom="readingOrder {index:13;}">
                <Coords points="1810,1464 2978,1471 2978,1436 2871,1432 1810,1433"/>
                <Baseline points="1824,1464 1880,1465 1937,1466 1994,1467 2051,1468 2108,1469 2165,1470 2222,1471 2279,1471 2336,1472 2393,1473 2449,1473 2506,1474 2563,1474 2620,1475 2677,1475 2734,1475 2791,1476 2848,1476 2905,1476 2962,1476"/>
                <TextEquiv>
                    <Unicode>ein sogenanntes intimes Theater werden. Im Orchester</Unicode>
                </TextEquiv>
            </TextLine>
            <TextLine id="r1l15" custom="readingOrder {index:14;}">
                <Coords points="666,1494 1811,1505 1785,1467 666,1454"/>
                <Baseline points="680,1488 735,1490 791,1491 847,1493 903,1494 958,1495 1014,1496 1070,1497 1126,1498 1181,1499 1237,1499 1293,1500 1349,1500 1404,1500 1460,1501 1516,1502 1572,1502 1627,1503 1683,1504 1739,1505 1795,1506"/>
                <TextEquiv>
                    <Unicode>Liebesbeziehungen in stark vergröbertem Bilde zeigt, und</Unicode>
                </TextEquiv>
            </TextLine>
            <TextLine id="r1l16" custom="readingOrder {index:15;}">
                <Coords points="1815,1507 2971,1532 2972,1474 1815,1466"/>
                <Baseline points="1828,1505 1884,1506 1940,1507 1997,1507 2053,1508 2110,1508 2166,1508 2223,1509 2279,1509 2336,1509 2392,1510 2448,1510 2505,1510 2561,1511 2618,1511 2674,1511 2731,1512 2787,1512 2844,1513 2900,1514 2957,1515"/>
                <TextEquiv>
                    <Unicode>spielt das Klavier die Hauptrolle. Dazu kommen Streich¬</Unicode>
                </TextEquiv>
            </TextLine>
            <TextLine id="r1l17" custom="readingOrder {index:16;}">
                <Coords points="666,1530 1811,1547 1811,1503 1606,1486 666,1490"/>
                <Baseline points="680,1526 735,1528 791,1530 847,1532 903,1533 959,1534 1015,1536 1070,1536 1126,1537 1182,1538 1238,1538 1294,1538 1350,1539 1406,1539 1461,1539 1517,1539 1573,1540 1629,1540 1685,1541 1741,1541 1797,1542"/>
                <TextEquiv>
                    <Unicode>wobei wir als Zuschauer nie das Gefühl dafür verlieren</Unicode>
                </TextEquiv>
            </TextLine>
            <TextLine id="r1l18" custom="readingOrder {index:17;}">
                <Coords points="1816,1546 2976,1551 2959,1511 1817,1506"/>
                <Baseline points="1830,1542 1886,1544 1943,1545 1999,1546 2056,1547 2112,1547 2169,1548 2225,1548 2282,1549 2338,1549 2395,1549 2451,1550 2508,1550 2564,1550 2621,1551 2677,1551 2734,1552 2790,1553 2847,1554 2903,1555 2960,1557"/>
                <TextEquiv>
                    <Unicode>instrumente und Holzbläser und hier und da, aber ganz</Unicode>
                </TextEquiv>
            </TextLine>
            <TextLine id="r1l19" custom="readingOrder {index:18;}">
                <Coords points="667,1570 1757,1591 1806,1588 1807,1548 668,1529"/>
                <Baseline points="682,1565 737,1567 792,1569 848,1570 903,1572 959,1573 1014,1574 1070,1576 1125,1577 1181,1577 1236,1578 1291,1579 1347,1579 1402,1579 1458,1580 1513,1580 1569,1581 1624,1581 1680,1581 1735,1582 1791,1582"/>
                <TextEquiv>
                    <Unicode>dürfen, daß alles nur ein Spiel, daß all die Tragik nur</Unicode>
                </TextEquiv>
            </TextLine>
            <TextLine id="r1l20" custom="readingOrder {index:19;}">
                <Coords points="1805,1579 2973,1611 2973,1550 1806,1539"/>
                <Baseline points="1820,1583 1879,1584 1939,1585 1999,1586 2059,1586 2119,1587 2179,1587 2239,1588 2299,1588 2359,1588 2419,1589 2479,1589 2539,1589 2599,1590 2659,1590 2719,1590 2779,1591 2839,1592 2899,1592 2959,1593"/>
                <TextEquiv>
                    <Unicode>spärlich, Horn, Trompete und Panke. Die Musik hat das</Unicode>
                </TextEquiv>
            </TextLine>
            <TextLine id="r1l21" custom="readingOrder {index:20;}">
                <Coords points="672,1606 1805,1626 1805,1586 1719,1579 672,1569"/>
                <Baseline points="687,1604 742,1605 797,1607 852,1608 907,1610 962,1611 1017,1612 1073,1613 1128,1614 1183,1615 1238,1616 1293,1617 1348,1617 1403,1618 1459,1618 1514,1618 1569,1618 1624,1618 1679,1618 1734,1618 1790,1617"/>
                <TextEquiv>
                    <Unicode>Schein ist. Wir haben im vorigen Jahre in der Literarischen</Unicode>
                </TextEquiv>
            </TextLine>
            <TextLine id="r1l22" custom="readingOrder {index:21;}">
                <Coords points="1811,1622 2973,1640 2974,1583 1812,1585"/>
                <Baseline points="1826,1619 1882,1620 1939,1621 1995,1622 2052,1623 2109,1624 2165,1625 2222,1626 2278,1626 2335,1627 2392,1627 2448,1628 2505,1628 2561,1629 2618,1629 2675,1630 2731,1630 2788,1630 2844,1631 2901,1631 2958,1631"/>
                <TextEquiv>
                    <Unicode>Bestreben, tonmalend die Vorgänge auf der Bühne zu</Unicode>
                </TextEquiv>
            </TextLine>
            <TextLine id="r1l23" custom="readingOrder {index:22;}">
                <Coords points="663,1638 1808,1664 1808,1620 663,1603"/>
                <Baseline points="677,1644 732,1645 788,1645 844,1647 900,1648 955,1649 1011,1650 1067,1651 1123,1652 1178,1653 1234,1654 1290,1655 1346,1656 1401,1657 1457,1657 1513,1657 1569,1657 1624,1657 1680,1657 1736,1656 1792,1655"/>
                <TextEquiv>
                    <Unicode>Gesellschaft den Tapferen Kassian als Puppenspiel in dem</Unicode>
                </TextEquiv>
            </TextLine>
            <TextLine id="r1l24" custom="readingOrder {index:23;}">
                <Coords points="1804,1661 2963,1672 2963,1635 2883,1628 1804,1621"/>
                <Baseline points="1817,1658 1873,1659 1930,1660 1986,1661 2043,1662 2100,1663 2156,1664 2213,1664 2269,1665 2326,1666 2383,1666 2439,1667 2496,1667 2552,1668 2609,1668 2666,1668 2722,1668 2779,1669 2835,1669 2892,1669 2949,1669"/>
                <TextEquiv>
                    <Unicode>unterstützen. Das Orchester beschränkt sich nicht auf die</Unicode>
                </TextEquiv>
            </TextLine>
            <TextLine id="r1l25" custom="readingOrder {index:24;}">
                <Coords points="664,1681 1811,1714 1812,1657 664,1637"/>
                <Baseline points="677,1682 733,1683 789,1685 845,1686 901,1687 957,1688 1013,1689 1069,1690 1125,1691 1181,1692 1237,1693 1293,1693 1349,1694 1405,1695 1461,1695 1517,1695 1573,1695 1629,1695 1685,1695 1741,1695 1798,1695"/>
                <TextEquiv>
                    <Unicode>Gastspiel des Münchner Marionettentheaters gesehen. Mit</Unicode>
                </TextEquiv>
            </TextLine>
            <TextLine id="r1l26" custom="readingOrder {index:25;}">
                <Coords points="1803,1699 2942,1724 2963,1670 1803,1662"/>
                <Baseline points="1817,1698 1873,1698 1930,1699 1986,1699 2043,1700 2099,1701 2156,1702 2212,1703 2269,1704 2325,1704 2382,1705 2438,1706 2495,1707 2551,1708 2608,1708 2664,1709 2721,1709 2777,1709 2834,1709 2890,1709 2947,1708"/>
                <TextEquiv>
                    <Unicode>Begleitung der Gesänge, sondern untermalt auch melo¬</Unicode>
                </TextEquiv>
            </TextLine>
            <TextLine id="r1l27" custom="readingOrder {index:26;}">
                <Coords points="662,1724 1795,1736 1795,1698 1709,1689 662,1684"/>
                <Baseline points="675,1723 730,1723 785,1724 840,1724 896,1725 951,1726 1006,1727 1062,1728 1117,1729 1172,1730 1228,1731 1283,1732 1338,1733 1393,1734 1449,1734 1504,1735 1559,1735 1615,1735 1670,1734 1725,1734 1781,1733"/>
                <TextEquiv>
                    <Unicode>Puppen, die in der Übertreibung typischer Züge den gro¬</Unicode>
                </TextEquiv>
            </TextLine>
            <TextLine id="r1l28" custom="readingOrder {index:27;}">
                <Coords points="1809,1739 2960,1745 2822,1706 1810,1698"/>
                <Baseline points="1823,1735 1879,1736 1935,1737 1991,1738 2047,1739 2104,1740 2160,1740 2216,1741 2272,1742 2328,1743 2385,1743 2441,1744 2497,1745 2553,1745 2609,1746 2666,1746 2722,1746 2778,1746 2834,1747 2890,1747 2947,1747"/>
                <TextEquiv>
                    <Unicode>dramatisch die gesprochenen Stellen. Das alles ist zu loben.</Unicode>
                </TextEquiv>
            </TextLine>
            <TextLine id="r1l29" custom="readingOrder {index:28;}">
                <Coords points="657,1762 1536,1792 1804,1778 1805,1735 657,1722"/>
                <Baseline points="671,1761 726,1761 782,1762 838,1763 894,1764 950,1765 1006,1766 1062,1766 1118,1767 1174,1768 1230,1769 1285,1770 1341,1770 1397,1771 1453,1772 1509,1773 1565,1773 1621,1774 1677,1774 1733,1775 1789,1775"/>
                <TextEquiv>
                    <Unicode>tesken Charakter des sonderbaren Liebeshandels hell ins</Unicode>
                </TextEquiv>
            </TextLine>
            <TextLine id="r1l30" custom="readingOrder {index:29;}">
                <Coords points="1801,1773 2966,1777 2949,1745 1801,1732"/>
                <Baseline points="1816,1774 1872,1775 1929,1776 1986,1777 2043,1778 2100,1779 2156,1780 2213,1781 2270,1782 2327,1783 2384,1784 2440,1784 2497,1785 2554,1785 2611,1786 2668,1786 2724,1786 2781,1786 2838,1786 2895,1785 2952,1784"/>
                <TextEquiv>
                    <Unicode>Denn es zeigt den Willen nach neuen Zielen. Leider aber</Unicode>
                </TextEquiv>
            </TextLine>
            <TextLine id="r1l31" custom="readingOrder {index:30;}">
                <Coords points="653,1805 1800,1824 1801,1778 653,1761"/>
                <Baseline points="668,1799 723,1800 779,1801 835,1803 891,1803 947,1805 1003,1806 1058,1807 1114,1807 1170,1809 1226,1809 1282,1810 1338,1811 1394,1811 1449,1812 1505,1812 1561,1812 1617,1812 1673,1812 1729,1812 1785,1812"/>
                <TextEquiv>
                    <Unicode>Licht rückten. Es heißt, daß die Komödie, die zuerst in den</Unicode>
                </TextEquiv>
            </TextLine>
            <TextLine id="r1l32" custom="readingOrder {index:31;}">
                <Coords points="1806,1821 2969,1833 2969,1784 1807,1775"/>
                <Baseline points="1821,1814 1877,1815 1934,1816 1990,1817 2047,1818 2104,1819 2160,1819 2217,1820 2273,1821 2330,1822 2387,1822 2443,1823 2500,1823 2556,1824 2613,1824 2670,1825 2726,1825 2783,1825 2839,1825 2896,1826 2953,1826"/>
                <TextEquiv>
                    <Unicode>ist das, was wir in all dieser Musik zu hören bekommen,</Unicode>
                </TextEquiv>
            </TextLine>
            <TextLine id="r1l33" custom="readingOrder {index:32;}">
                <Coords points="653,1845 1801,1855 1801,1815 1764,1812 654,1804"/>
                <Baseline points="669,1839 724,1839 780,1840 836,1841 892,1841 948,1842 1004,1843 1060,1844 1116,1845 1172,1846 1228,1847 1283,1848 1339,1849 1395,1849 1451,1850 1507,1850 1563,1850 1619,1850 1675,1850 1731,1850 1787,1849"/>
                <TextEquiv>
                    <Unicode>Kammerspielen Reinhardts in Berlin gegeben wurde, ur¬</Unicode>
                </TextEquiv>
            </TextLine>
            <TextLine id="r1l34" custom="readingOrder {index:33;}">
                <Coords points="1809,1856 2922,1874 2963,1828 1809,1816"/>
                <Baseline points="1823,1852 1879,1854 1935,1855 1991,1856 2047,1857 2104,1858 2160,1858 2216,1859 2272,1860 2328,1860 2385,1861 2441,1861 2497,1862 2553,1862 2609,1863 2666,1863 2722,1863 2778,1864 2834,1865 2890,1865 2947,1866"/>
                <TextEquiv>
                    <Unicode>wenig erfreulich. Nirgend, aber auch nirgend hat sich</Unicode>
                </TextEquiv>
            </TextLine>
            <TextLine id="r1l35" custom="readingOrder {index:34;}">
                <Coords points="653,1889 1783,1898 1801,1852 653,1843"/>
                <Baseline points="668,1879 726,1879 785,1879 844,1879 903,1880 962,1881 1021,1882 1080,1883 1139,1884 1198,1886 1256,1887 1315,1888 1374,1889 1433,1890 1492,1891 1551,1891 1610,1891 1669,1891 1728,1889 1787,1888"/>
                <TextEquiv>
                    <Unicode>sprünglich als Puppenspiel gedacht war. Jetzt ist sie in das</Unicode>
                </TextEquiv>
            </TextLine>
            <TextLine id="r1l36" custom="readingOrder {index:35;}">
                <Coords points="1797,1891 2962,1910 2962,1863 2769,1853 1797,1856"/>
                <Baseline points="1812,1889 1868,1891 1925,1892 1982,1893 2039,1894 2095,1895 2152,1896 2209,1897 2266,1898 2322,1898 2379,1899 2436,1899 2493,1900 2549,1900 2606,1900 2663,1900 2720,1900 2776,1900 2833,1900 2890,1900 2947,1900"/>
                <TextEquiv>
                    <Unicode>Straus zu musikalischen Einfällen aufschwingen können, die</Unicode>
                </TextEquiv>
            </TextLine>
            <TextLine id="r1l37" custom="readingOrder {index:36;}">
                <Coords points="656,1920 1807,1932 1796,1891 657,1877"/>
                <Baseline points="670,1918 726,1918 782,1918 838,1918 894,1919 950,1919 1006,1920 1062,1921 1118,1922 1174,1923 1231,1924 1287,1925 1343,1926 1399,1927 1455,1927 1511,1928 1567,1928 1623,1929 1679,1929 1735,1929 1792,1929"/>
                <TextEquiv>
                    <Unicode>dritte Stal ium ihres Daseins getreten. Und von dem künst¬</Unicode>
                </TextEquiv>
            </TextLine>
            <TextLine id="r1l38" custom="readingOrder {index:37;}">
                <Coords points="1802,1932 2834,1959 2969,1940 2970,1905 1802,1894"/>
                <Baseline points="1817,1929 1873,1930 1930,1931 1987,1933 2044,1934 2101,1935 2158,1935 2215,1936 2272,1937 2329,1937 2386,1938 2442,1938 2499,1938 2556,1939 2613,1939 2670,1939 2727,1939 2784,1940 2841,1940 2898,1941 2955,1941"/>
                <TextEquiv>
                    <Unicode>dem oben geschilderten satirisch=grotesken Wesen des Scherz¬</Unicode>
                </TextEquiv>
            </TextLine>
            <TextLine id="r1l39" custom="readingOrder {index:38;}">
                <Coords points="652,1956 1741,1981 1799,1976 1800,1933 652,1919"/>
                <Baseline points="666,1955 724,1956 783,1956 842,1957 901,1958 960,1959 1019,1960 1078,1961 1137,1963 1196,1964 1254,1965 1313,1966 1372,1967 1431,1968 1490,1968 1549,1969 1608,1969 1667,1969 1726,1969 1785,1969"/>
                <TextEquiv>
                    <Unicode>lerischen Reiz und der ästhetischen Lust ist nichts mehr ge¬</Unicode>
                </TextEquiv>
            </TextLine>
            <TextLine id="r1l40" custom="readingOrder {index:39;}">
                <Coords points="1799,1971 2967,1988 2967,1941 1799,1934"/>
                <Baseline points="1813,1969 1870,1970 1927,1971 1984,1972 2041,1973 2098,1973 2155,1974 2212,1974 2269,1975 2326,1975 2383,1975 2440,1976 2497,1976 2554,1977 2611,1977 2668,1978 2725,1978 2782,1979 2839,1979 2896,1980 2953,1981"/>
                <TextEquiv>
                    <Unicode>spiels einigermaßen nahekämen. Seine Musik könnte ohne</Unicode>
                </TextEquiv>
            </TextLine>
            <TextLine id="r1l41" custom="readingOrder {index:40;}">
                <Coords points="659,1991 1792,2017 1773,1971 660,1957"/>
                <Baseline points="672,1990 727,1993 782,1994 838,1996 893,1997 948,1998 1004,2000 1059,2000 1114,2001 1170,2002 1225,2002 1280,2003 1336,2003 1391,2004 1446,2005 1502,2005 1557,2006 1612,2007 1668,2008 1723,2009 1779,2011"/>
                <TextEquiv>
                    <Unicode>blieben. Als Singspiel ist sie jetzt bezeichnet. Leider ganz</Unicode>
                </TextEquiv>
            </TextLine>
            <TextLine id="r1l42" custom="readingOrder {index:41;}">
                <Coords points="1805,2014 2961,2018 2961,1986 2826,1967 1805,1971"/>
                <Baseline points="1819,2008 1875,2009 1931,2009 1988,2010 2044,2010 2101,2011 2157,2012 2213,2012 2270,2013 2326,2014 2383,2014 2439,2015 2495,2016 2552,2016 2608,2017 2665,2017 2721,2018 2777,2018 2834,2018 2890,2019 2947,2019"/>
                <TextEquiv>
                    <Unicode>daß man sie zu ändern brauchte im Vorspiel zum Trom¬</Unicode>
                </TextEquiv>
            </TextLine>
            <TextLine id="r1l43" custom="readingOrder {index:42;}">
                <Coords points="652,2023 1800,2050 1800,2015 1547,1994 1295,2022 653,1994"/>
                <Baseline points="666,2028 724,2030 783,2032 842,2033 901,2035 960,2036 1019,2037 1078,2038 1137,2039 1196,2040 1254,2040 1313,2041 1372,2041 1431,2042 1490,2043 1549,2044 1608,2044 1667,2046 1726,2047 1785,2048"/>
                <TextEquiv>
                    <Unicode>richtig. Es ist schade darum. Ein guter künstlerischer</Unicode>
                </TextEquiv>
            </TextLine>
            <TextLine id="r1l44" custom="readingOrder {index:43;}">
                <Coords points="1805,2054 2903,2068 2955,2060 2956,2017 1805,2011"/>
                <Baseline points="1818,2045 1874,2046 1930,2047 1986,2048 2042,2049 2099,2050 2155,2051 2211,2052 2267,2052 2323,2053 2380,2054 2436,2055 2492,2055 2548,2055 2604,2056 2661,2056 2717,2056 2773,2056 2829,2056 2885,2056 2942,2056"/>
                <TextEquiv>
                    <Unicode>peter von Säktingen stehen. Sie zeigt die gleichen Züge</Unicode>
                </TextEquiv>
            </TextLine>
            <TextLine id="r1l45" custom="readingOrder {index:44;}">
                <Coords points="657,2073 1553,2085 1709,2117 1792,2101 1793,2052 657,2029"/>
                <Baseline points="670,2062 725,2065 780,2067 836,2069 891,2071 946,2073 1002,2075 1057,2077 1112,2079 1168,2079 1223,2081 1278,2082 1334,2083 1389,2083 1444,2084 1500,2084 1555,2085 1610,2085 1666,2085 1721,2084 1777,2084"/>
                <TextEquiv>
                    <Unicode>Operettenvorwurf ist durch Nichtverstehen oder Nichtkönnen</Unicode>
                </TextEquiv>
            </TextLine>
            <TextLine id="r1l46" custom="readingOrder {index:45;}">
                <Coords points="1794,2083 2817,2114 2964,2095 2965,2055 1794,2048"/>
                <Baseline points="1807,2088 1864,2088 1921,2088 1978,2088 2035,2089 2092,2089 2149,2090 2206,2091 2263,2092 2320,2092 2378,2093 2435,2094 2492,2095 2549,2095 2606,2096 2663,2096 2720,2096 2777,2096 2834,2095 2891,2095 2949,2093"/>
                <TextEquiv>
                    <Unicode>unvornehmer Lyrik, für die man fälschlich den Ausdruck</Unicode>
                </TextEquiv>
            </TextLine>
            <TextLine id="r1l47" custom="readingOrder {index:46;}">
                <Coords points="648,2134 773,2105 1416,2131 1459,2118 1460,2086 650,2071"/>
                <Baseline points="663,2108 702,2108 741,2108 780,2108 819,2109 858,2110 897,2111 936,2112 975,2113 1014,2114 1053,2116 1092,2117 1131,2118 1170,2119 1209,2120 1248,2121 1287,2121 1326,2121 1365,2121 1404,2121 1444,2121"/>
                <TextEquiv>
                    <Unicode>eines Komponisten ungenützt geblieben.</Unicode>
                </TextEquiv>
            </TextLine>
            <TextLine id="r1l48" custom="readingOrder {index:47;}">
                <Coords points="1790,2135 2842,2145 2960,2138 2961,2097 1790,2094"/>
                <Baseline points="1803,2125 1860,2125 1917,2125 1974,2126 2031,2126 2088,2127 2145,2128 2203,2129 2260,2130 2317,2131 2374,2132 2431,2133 2488,2134 2545,2134 2603,2135 2660,2135 2717,2135 2774,2135 2831,2134 2888,2133 2946,2131"/>
                <TextEquiv>
                    <Unicode>volkstümlich erfunden und die Neßlers Oper den Lieb¬</Unicode>
                </TextEquiv>
            </TextLine>
            <TextLine id="r1l49" custom="readingOrder {index:48;}">
                <Coords points="711,2145 2960,2191 2935,2130 712,2113"/>
                <Baseline points="725,2146 836,2149 947,2152 1058,2154 1169,2156 1280,2158 1391,2159 1502,2161 1613,2162 1724,2163 1835,2164 1946,2165 2057,2166 2168,2166 2279,2167 2390,2168 2501,2169 2612,2171 2723,2172 2834,2174 2945,2176"/>
                <TextEquiv>
                    <Unicode>Auf Oskar Straus hatten alle, denen die Opereite nicht lingsplatz im Herzen weiter Volksschichten erobert hat. Und</Unicode>
                </TextEquiv>
            </TextLine>
            <TextLine id="r1l50" custom="readingOrder {index:49;}">
                <Coords points="633,2195 1792,2212 1793,2168 634,2149"/>
                <Baseline points="648,2183 704,2185 761,2187 817,2188 874,2190 930,2191 987,2192 1043,2193 1100,2194 1156,2195 1213,2196 1270,2197 1326,2198 1383,2198 1439,2200 1496,2201 1552,2202 1609,2203 1665,2204 1722,2205 1779,2207"/>
                <TextEquiv>
                    <Unicode>Unterhaltung für zweieinhalb Stunden Theaterbesuch ist,</Unicode>
                </TextEquiv>
            </TextLine>
            <TextLine id="r1l51" custom="readingOrder {index:50;}">
                <Coords points="1791,2216 2915,2222 2959,2176 1791,2167"/>
                <Baseline points="1804,2204 1861,2205 1918,2205 1975,2206 2032,2206 2089,2207 2146,2207 2203,2208 2260,2208 2317,2209 2374,2209 2431,2209 2488,2210 2545,2210 2602,2210 2659,2210 2716,2210 2773,2210 2830,2210 2887,2210 2945,2210"/>
                <TextEquiv>
                    <Unicode>dabei hätte es so nahe gelegen, wirklich etwas Charakte¬</Unicode>
                </TextEquiv>
            </TextLine>
            <TextLine id="r1l52" custom="readingOrder {index:51;}">
                <Coords points="644,2222 1696,2253 1788,2247 1789,2209 644,2190"/>
                <Baseline points="659,2226 714,2226 770,2226 826,2227 881,2228 937,2229 993,2230 1048,2231 1104,2233 1160,2234 1216,2236 1271,2237 1327,2239 1383,2240 1438,2241 1494,2242 1550,2242 1605,2243 1661,2243 1717,2243 1773,2242"/>
                <TextEquiv>
                    <Unicode>sondern die sie als Teil unserer allgemeinen künstlerischen</Unicode>
                </TextEquiv>
            </TextLine>
            <TextLine id="r1l53" custom="readingOrder {index:52;}">
                <Coords points="1792,2239 2954,2249 2928,2208 1792,2201"/>
                <Baseline points="1806,2242 1862,2243 1919,2243 1975,2244 2032,2245 2089,2245 2145,2246 2202,2247 2259,2247 2315,2248 2372,2249 2429,2249 2485,2250 2542,2250 2599,2251 2655,2251 2712,2251 2769,2251 2825,2251 2882,2251 2939,2250"/>
                <TextEquiv>
                    <Unicode>ristisches und Lustiges zu schreiben. Die Figur des Titel¬</Unicode>
                </TextEquiv>
            </TextLine>
            <TextLine id="r1l54" custom="readingOrder {index:53;}">
                <Coords points="631,2264 1796,2292 1797,2246 632,2209"/>
                <Baseline points="645,2264 701,2264 758,2265 815,2265 872,2266 929,2267 986,2269 1043,2270 1100,2271 1157,2273 1214,2275 1270,2276 1327,2278 1384,2280 1441,2281 1498,2282 1555,2283 1612,2284 1669,2284 1726,2284 1783,2283"/>
                <TextEquiv>
                    <Unicode>Kultur ansehen, große Hoffnungen gesetzt. Diese gingen vom</Unicode>
                </TextEquiv>
            </TextLine>
            <TextLine id="r1l55" custom="readingOrder {index:54;}">
                <Coords points="1792,2284 2951,2290 2951,2249 1792,2241"/>
                <Baseline points="1806,2281 1862,2282 1919,2282 1975,2282 2032,2283 2088,2283 2145,2283 2201,2284 2258,2284 2314,2284 2371,2285 2428,2286 2484,2286 2541,2287 2597,2287 2654,2288 2710,2289 2767,2290 2823,2291 2880,2292 2937,2293"/>
                <TextEquiv>
                    <Unicode>belden, eines bramarbasierenden, vollblütigen Kerls,</Unicode>
                </TextEquiv>
            </TextLine>
            <TextLine id="r1l56" custom="readingOrder {index:55;}">
                <Coords points="636,2293 1789,2321 1784,2283 637,2264"/>
                <Baseline points="650,2298 706,2299 762,2300 818,2302 875,2304 931,2305 987,2307 1043,2308 1100,2310 1156,2312 1212,2313 1268,2315 1325,2316 1381,2317 1437,2318 1493,2319 1550,2320 1606,2320 1662,2320 1718,2320 1775,2319"/>
                <TextEquiv>
                    <Unicode>einstmaligen Überbrettl aus. Da hatte Oskar Straus eine</Unicode>
                </TextEquiv>
            </TextLine>
            <TextLine id="r1l57" custom="readingOrder {index:56;}">
                <Coords points="1803,2325 2919,2340 2959,2332 2960,2283 1803,2285"/>
                <Baseline points="1816,2319 1872,2320 1929,2321 1985,2321 2042,2322 2098,2322 2155,2323 2211,2323 2268,2324 2324,2324 2381,2325 2437,2325 2494,2325 2550,2326 2607,2326 2663,2327 2720,2327 2776,2328 2833,2328 2889,2329 2946,2330"/>
                <TextEquiv>
                    <Unicode>fordert sogar dazu auf. Nicht minder das ein klein wenig</Unicode>
                </TextEquiv>
            </TextLine>
            <TextLine id="r1l58" custom="readingOrder {index:57;}">
                <Coords points="641,2349 1707,2378 1808,2357 1809,2320 642,2294"/>
                <Baseline points="655,2337 711,2338 768,2340 825,2342 882,2343 939,2345 996,2346 1053,2348 1110,2349 1167,2351 1224,2352 1280,2353 1337,2354 1394,2355 1451,2356 1508,2356 1565,2357 1622,2357 1679,2358 1736,2358 1793,2358"/>
                <TextEquiv>
                    <Unicode>neue Kunst geschaffen. Graziös tänzelnde Musik voll</Unicode>
                </TextEquiv>
            </TextLine>
            <TextLine id="r1l59" custom="readingOrder {index:58;}">
                <Coords points="1795,2363 2764,2383 2954,2368 2955,2336 1795,2331"/>
                <Baseline points="1809,2357 1865,2358 1922,2359 1978,2359 2035,2360 2092,2361 2148,2361 2205,2362 2261,2363 2318,2363 2375,2364 2431,2365 2488,2365 2544,2366 2601,2367 2658,2367 2714,2368 2771,2369 2827,2369 2884,2370 2941,2370"/>
                <TextEquiv>
                    <Unicode>altjüngferliche Wesen des Mägdeleins, das von ihrem</Unicode>
                </TextEquiv>
            </TextLine>
            <TextLine id="r1l60" custom="readingOrder {index:59;}">
                <Coords points="629,2400 1733,2404 1788,2397 1789,2362 630,2337"/>
                <Baseline points="644,2379 700,2379 756,2379 813,2380 869,2381 926,2382 982,2383 1039,2384 1095,2386 1152,2387 1208,2388 1264,2390 1321,2391 1377,2392 1434,2393 1490,2394 1547,2395 1603,2396 1660,2397 1716,2397 1773,2397"/>
                <TextEquiv>
                    <Unicode>liebenswürdiger melodischer Erfindung, hübschen ab¬</Unicode>
                </TextEquiv>
            </TextLine>
            <TextLine id="r1l61" custom="readingOrder {index:60;}">
                <Coords points="1794,2398 2959,2398 2939,2366 2572,2352 1794,2361"/>
                <Baseline points="1809,2395 1865,2396 1922,2398 1979,2399 2035,2400 2092,2401 2149,2401 2205,2402 2262,2402 2319,2402 2376,2402 2432,2402 2489,2402 2546,2402 2602,2402 2659,2403 2716,2403 2772,2404 2829,2405 2886,2406 2943,2408"/>
                <TextEquiv>
                    <Unicode>Studenten mit Eile abrückt. als der Kriegsheld auf der</Unicode>
                </TextEquiv>
            </TextLine>
            <TextLine id="r1l62" custom="readingOrder {index:61;}">
                <Coords points="625,2440 1012,2412 1196,2447 1790,2444 1791,2397 626,2382"/>
                <Baseline points="640,2417 696,2418 753,2418 810,2419 867,2420 923,2422 980,2423 1037,2424 1094,2426 1150,2427 1207,2429 1264,2430 1321,2432 1377,2432 1434,2433 1491,2434 1548,2435 1604,2435 1661,2434 1718,2434 1775,2432"/>
                <TextEquiv>
                    <Unicode>wechslungsreichen Harmonisierungen und bezeichnenden</Unicode>
                </TextEquiv>
            </TextLine>
            <TextLine id="r1l63" custom="readingOrder {index:62;}">
                <Coords points="1795,2438 2958,2446 2958,2409 2759,2398 1796,2397"/>
                <Baseline points="1809,2435 1865,2435 1922,2436 1979,2437 2035,2438 2092,2439 2149,2440 2205,2440 2262,2441 2319,2442 2376,2443 2432,2443 2489,2444 2546,2444 2602,2445 2659,2445 2716,2445 2772,2445 2829,2445 2886,2445 2943,2445"/>
                <TextEquiv>
                    <Unicode>Bühne erscheint. Und gar per Student selbst, der sich die</Unicode>
                </TextEquiv>
            </TextLine>
            <TextLine id="r1l64" custom="readingOrder {index:63;}">
                <Coords points="638,2463 1578,2487 1792,2477 1793,2436 639,2422"/>
                <Baseline points="652,2456 708,2456 764,2457 820,2458 877,2459 933,2460 989,2461 1046,2462 1102,2464 1158,2465 1215,2467 1271,2468 1327,2469 1383,2470 1440,2471 1496,2471 1552,2472 1609,2472 1665,2472 1721,2472 1778,2471"/>
                <TextEquiv>
                    <Unicode>charakteristischen Einfällen. Seine erste Operette nach der</Unicode>
                </TextEquiv>
            </TextLine>
            <TextLine id="r1l65" custom="readingOrder {index:64;}">
                <Coords points="1797,2477 2913,2496 2953,2484 2954,2435 1797,2436"/>
                <Baseline points="1812,2473 1868,2474 1924,2475 1981,2475 2037,2476 2094,2477 2150,2478 2206,2479 2263,2479 2319,2480 2376,2481 2432,2481 2488,2482 2545,2482 2601,2482 2658,2483 2714,2483 2770,2483 2827,2483 2883,2483 2940,2482"/>
                <TextEquiv>
                    <Unicode>bescheidene Geliebte nur deshalb genommen hat, um bei</Unicode>
                </TextEquiv>
            </TextLine>
            <TextLine id="r1l66" custom="readingOrder {index:65;}">
                <Coords points="624,2507 1512,2530 1763,2523 1790,2477 625,2458"/>
                <Baseline points="640,2492 696,2493 753,2494 810,2495 866,2497 923,2498 980,2500 1036,2501 1093,2502 1150,2503 1207,2505 1263,2506 1320,2507 1377,2508 1433,2509 1490,2510 1547,2511 1603,2511 1660,2511 1717,2512 1774,2511"/>
                <TextEquiv>
                    <Unicode>Überbrettl=Tätigkeit gab den Hoffnungen neue Nahrung.</Unicode>
                </TextEquiv>
            </TextLine>
            <TextLine id="r1l67" custom="readingOrder {index:66;}">
                <Coords points="1783,2515 2668,2538 2931,2524 2952,2483 1784,2481"/>
                <Baseline points="1797,2512 1854,2512 1911,2512 1968,2513 2025,2513 2082,2514 2139,2515 2196,2516 2253,2516 2310,2517 2367,2518 2424,2519 2481,2520 2538,2520 2595,2521 2652,2521 2709,2521 2766,2521 2823,2521 2880,2521 2937,2520"/>
                <TextEquiv>
                    <Unicode>dem beabsichtigten Liebeswerben um eine berühmte Tän¬</Unicode>
                </TextEquiv>
            </TextLine>
            <TextLine id="r1l68" custom="readingOrder {index:67;}">
                <Coords points="622,2535 1360,2544 1455,2575 1507,2541 1758,2560 1794,2500 623,2506"/>
                <Baseline points="636,2532 693,2533 750,2534 807,2536 864,2537 921,2538 978,2540 1035,2541 1092,2542 1149,2544 1207,2545 1264,2546 1321,2547 1378,2548 1435,2549 1492,2549 1549,2550 1606,2550 1663,2550 1720,2550 1778,2549"/>
                <TextEquiv>
                    <Unicode>Zum ersten Male seit dem Mikado waren wieder paro¬</Unicode>
                </TextEquiv>
            </TextLine>
            <TextLine id="r1l69" custom="readingOrder {index:68;}">
                <Coords points="1789,2560 2951,2576 2951,2518 1789,2514"/>
                <Baseline points="1804,2553 1860,2553 1917,2553 1973,2553 2030,2553 2087,2554 2143,2554 2200,2555 2256,2556 2313,2557 2370,2558 2426,2559 2483,2560 2539,2560 2596,2561 2653,2562 2709,2562 2766,2562 2822,2563 2879,2562 2936,2562"/>
                <TextEquiv>
                    <Unicode>zerin nicht ohne Erfahrung dazi siehen. Im Puppenspiel,</Unicode>
                </TextEquiv>
            </TextLine>
            <TextLine id="r1l70" custom="readingOrder {index:69;}">
                <Coords points="623,2562 1791,2598 1783,2548 624,2536"/>
                <Baseline points="637,2574 694,2575 751,2575 808,2576 865,2577 922,2578 979,2579 1036,2580 1093,2581 1150,2582 1207,2583 1264,2584 1321,2585 1378,2586 1435,2587 1492,2588 1549,2588 1606,2589 1663,2589 1720,2590 1777,2590"/>
                <TextEquiv>
                    <Unicode>distische Töne in der Operette angeschlagen. Lust und Laune</Unicode>
                </TextEquiv>
            </TextLine>
            <TextLine id="r1l71" custom="readingOrder {index:70;}">
                <Coords points="1785,2594 2866,2610 2950,2591 2950,2553 1785,2554"/>
                <Baseline points="1799,2590 1855,2591 1912,2591 1969,2592 2026,2592 2083,2593 2139,2593 2196,2594 2253,2595 2310,2596 2367,2596 2423,2597 2480,2598 2537,2598 2594,2599 2651,2599 2707,2599 2764,2599 2821,2599 2878,2599 2935,2599"/>
                <TextEquiv>
                    <Unicode>wo alles typisch vergrößert war, konnte das ästhetische Be¬</Unicode>
                </TextEquiv>
            </TextLine>
            <TextLine id="r1l72" custom="readingOrder {index:71;}">
                <Coords points="626,2601 1782,2636 1756,2592 626,2575"/>
                <Baseline points="640,2610 696,2611 752,2612 809,2613 865,2615 921,2616 978,2617 1034,2618 1090,2619 1147,2621 1203,2622 1259,2623 1316,2624 1372,2625 1428,2626 1485,2626 1541,2627 1597,2628 1654,2628 1710,2628 1767,2629"/>
                <TextEquiv>
                    <Unicode>steckten darin. Leider ging das Publikum nicht mit. Der</Unicode>
                </TextEquiv>
            </TextLine>
            <TextLine id="r1l73" custom="readingOrder {index:72;}">
                <Coords points="1782,2628 2832,2651 2959,2635 2959,2577 1782,2594"/>
                <Baseline points="1798,2631 1855,2631 1912,2632 1970,2632 2027,2633 2084,2633 2142,2634 2199,2634 2256,2635 2314,2636 2371,2636 2428,2637 2486,2637 2543,2637 2600,2637 2658,2637 2715,2637 2772,2637 2830,2637 2887,2636 2945,2635"/>
                <TextEquiv>
                    <Unicode>hagen an diesem Scherzspiel mit ernstem Ausgang unver¬</Unicode>
                </TextEquiv>
            </TextLine>
            <TextLine id="r1l74" custom="readingOrder {index:73;}">
                <Coords points="620,2668 1788,2677 1789,2631 621,2622"/>
                <Baseline points="636,2652 692,2652 749,2653 806,2653 863,2654 920,2655 977,2655 1034,2657 1091,2658 1148,2659 1205,2660 1261,2661 1318,2662 1375,2663 1432,2664 1489,2665 1546,2665 1603,2666 1660,2666 1717,2666 1774,2666"/>
                <TextEquiv>
                    <Unicode>Abstand zwischen der gewohnten Operettenkost und der</Unicode>
                </TextEquiv>
            </TextLine>
            <TextLine id="r1l75" custom="readingOrder {index:74;}">
                <Coords points="1791,2672 2913,2687 2948,2644 1791,2635"/>
                <Baseline points="1805,2669 1861,2669 1917,2670 1974,2670 2030,2671 2086,2672 2143,2673 2199,2673 2255,2674 2312,2675 2368,2675 2424,2676 2481,2676 2537,2677 2593,2677 2650,2677 2706,2677 2762,2677 2819,2676 2875,2676 2932,2675"/>
                <TextEquiv>
                    <Unicode>mindert bleiben, bei Straus empfand man hiervon gar</Unicode>
                </TextEquiv>
            </TextLine>
            <TextLine id="r1l76" custom="readingOrder {index:75;}">
                <Coords points="618,2686 1792,2713 1792,2667 619,2652"/>
                <Baseline points="633,2689 690,2689 747,2690 804,2690 861,2691 918,2692 975,2693 1033,2694 1090,2695 1147,2697 1204,2698 1261,2698 1318,2700 1375,2701 1433,2702 1490,2702 1547,2703 1604,2703 1661,2704 1718,2704 1776,2704"/>
                <TextEquiv>
                    <Unicode>immerhin ein geistiges Mitarbeiten ersordernden Parodie¬</Unicode>
                </TextEquiv>
            </TextLine>
            <TextLine id="r1l77" custom="readingOrder {index:76;}">
                <Coords points="1779,2708 2950,2714 2944,2670 1779,2662"/>
                <Baseline points="1793,2704 1850,2706 1907,2707 1964,2709 2021,2710 2078,2711 2135,2712 2192,2713 2249,2714 2306,2715 2364,2716 2421,2716 2478,2716 2535,2717 2592,2717 2649,2717 2706,2717 2763,2716 2820,2716 2877,2716 2935,2715"/>
                <TextEquiv>
                    <Unicode>nichts. Rüchtern war's. Eine lyrische Oper mit schwachen</Unicode>
                </TextEquiv>
            </TextLine>
            <TextLine id="r1l78" custom="readingOrder {index:77;}">
                <Coords points="617,2731 2953,2757 618,2682"/>
                <Baseline points="631,2728 746,2729 861,2731 976,2733 1092,2734 1207,2736 1322,2738 1438,2740 1553,2742 1668,2743 1784,2745 1899,2747 2014,2749 2129,2750 2245,2752 2360,2753 2475,2754 2591,2755 2706,2756 2821,2757 2937,2758"/>
                <TextEquiv>
                    <Unicode>kunst war zu groß. Noch einmal hat Straus es versucht., musikalischen Einfällen. Auch Darstellung und Regie waren</Unicode>
                </TextEquiv>
            </TextLine>
            <TextLine id="r1l79" custom="readingOrder {index:78;}">
                <Coords points="622,2774 2802,2810 2953,2757 623,2734"/>
                <Baseline points="637,2768 752,2769 867,2771 982,2772 1097,2774 1212,2776 1327,2777 1442,2779 1557,2781 1672,2783 1787,2785 1902,2787 2017,2788 2132,2790 2247,2792 2362,2793 2477,2794 2592,2795 2707,2796 2822,2796 2937,2796"/>
                <TextEquiv>
                    <Unicode>Hugdietrichs Brautfahrt (1907 im Residenztheater gegeben) nicht gut beraten. Weder Sänger noch Regisseur hatten</Unicode>
                </TextEquiv>
            </TextLine>
            <TextLine id="r1l80" custom="readingOrder {index:79;}">
                <Coords points="620,2815 2950,2826 621,2766"/>
                <Baseline points="634,2806 749,2806 864,2808 979,2809 1094,2811 1209,2813 1324,2815 1439,2817 1554,2819 1669,2821 1784,2824 1899,2826 2014,2828 2129,2829 2244,2831 2359,2832 2474,2833 2589,2834 2704,2834 2819,2833 2935,2833"/>
                <TextEquiv>
                    <Unicode>aber zeigte einen Rückgang an musikalischer Schlagkraft.die Groteske in dem Vorgang erfaßt. So spielt man Frei¬</Unicode>
                </TextEquiv>
            </TextLine>
            <TextLine id="r1l81" custom="readingOrder {index:80;}">
                <Coords points="619,2832 2833,2888 2946,2829 619,2803"/>
                <Baseline points="634,2847 748,2847 863,2848 978,2849 1093,2850 1208,2852 1323,2854 1437,2855 1552,2857 1667,2860 1782,2862 1897,2864 2012,2866 2127,2868 2241,2869 2356,2871 2471,2872 2586,2872 2701,2873 2816,2872 2931,2872"/>
                <TextEquiv>
                    <Unicode>Zum großen Teil durch die Schuld des Textbuches, das schütz, aber nicht Schnitzler. Der Student war Max, seine</Unicode>
                </TextEquiv>
            </TextLine>
            <TextLine id="r1l82" custom="readingOrder {index:81;}">
                <Coords points="618,2880 1780,2911 1781,2862 1680,2851 1031,2867 619,2834"/>
                <Baseline points="633,2884 689,2884 746,2884 803,2885 859,2885 916,2886 973,2888 1029,2889 1086,2890 1143,2891 1200,2893 1256,2893 1313,2895 1370,2896 1426,2897 1483,2898 1540,2898 1596,2899 1653,2899 1710,2899 1767,2898"/>
                <TextEquiv>
                    <Unicode>mehr episch=satirisch als dramatisch=parodistisch war. Dann</Unicode>
                </TextEquiv>
            </TextLine>
            <TextLine id="r1l83" custom="readingOrder {index:82;}">
                <Coords points="1789,2900 2943,2912 2943,2875 2820,2867 1790,2863"/>
                <Baseline points="1803,2896 1859,2898 1915,2899 1971,2900 2028,2901 2084,2902 2140,2904 2197,2905 2253,2905 2309,2906 2366,2907 2422,2908 2478,2908 2534,2909 2591,2910 2647,2911 2703,2911 2760,2912 2816,2913 2872,2914 2929,2915"/>
                <TextEquiv>
                    <Unicode>Geliebte Agathe, der tapfere Kassian Kaspar. Es war auf¬</Unicode>
                </TextEquiv>
            </TextLine>
            <TextLine id="r1l84" custom="readingOrder {index:83;}">
                <Coords points="608,2938 1698,2955 1784,2945 1785,2899 609,2889"/>
                <Baseline points="623,2924 680,2923 737,2923 795,2923 852,2923 909,2924 967,2925 1024,2926 1081,2927 1139,2929 1196,2930 1253,2932 1311,2933 1368,2935 1425,2936 1483,2937 1540,2938 1597,2938 1655,2939 1712,2939 1770,2938"/>
                <TextEquiv>
                    <Unicode>ergab sich Straus der durch die Lustige Witwe zur höchsten</Unicode>
                </TextEquiv>
            </TextLine>
            <TextLine id="r1l85" custom="readingOrder {index:84;}">
                <Coords points="1783,2954 1815,2950 1820,2944 1829,2944 1838,2953 1864,2952 1881,2940 1924,2939 1923,2902 1906,2902 1895,2908 1883,2903 1872,2906 1866,2900 1814,2904 1799,2898 1782,2899"/>
                <Baseline points="1796,2938 1824,2936 1853,2935 1881,2935 1910,2936"/>
                <TextEquiv>
                    <Unicode>fällig.</Unicode>
                </TextEquiv>
            </TextLine>
            <TextLine id="r1l86" custom="readingOrder {index:85;}">
                <Coords points="611,2973 1765,2990 1783,2944 612,2918"/>
                <Baseline points="625,2962 682,2962 739,2962 796,2962 853,2963 910,2964 967,2965 1024,2966 1081,2967 1138,2968 1196,2970 1253,2971 1310,2972 1367,2973 1424,2974 1481,2976 1538,2977 1595,2977 1652,2978 1709,2978 1767,2978"/>
                <TextEquiv>
                    <Unicode>Blüté geförderten Walzer=Erotik. Finanziell mag es sich</Unicode>
                </TextEquiv>
            </TextLine>
            <TextLine id="r1l87" custom="readingOrder {index:86;}">
                <Coords points="1846,2980 2939,2993 2885,2949 1847,2937"/>
                <Baseline points="1860,2975 1913,2977 1966,2979 2019,2980 2073,2982 2126,2983 2179,2984 2233,2985 2286,2986 2339,2986 2393,2987 2446,2987 2499,2987 2552,2987 2606,2987 2659,2987 2712,2987 2766,2986 2819,2986 2872,2986 2926,2986"/>
                <TextEquiv>
                    <Unicode>Der dritte Einakter des Abends, Colombine —er</Unicode>
                </TextEquiv>
            </TextLine>
            <TextLine id="r1l88" custom="readingOrder {index:87;}">
                <Coords points="616,2996 1778,3014 1695,2970 616,2955"/>
                <Baseline points="629,3000 685,3001 742,3001 799,3002 855,3003 912,3004 969,3005 1025,3005 1082,3006 1139,3007 1196,3008 1252,3008 1309,3009 1366,3010 1422,3011 1479,3011 1536,3012 1592,3013 1649,3013 1706,3014 1763,3014"/>
                <TextEquiv>
                    <Unicode>für ihn gelohnt haben. Aber musikalisch ist sein Walzer¬</Unicode>
                </TextEquiv>
            </TextLine>
            <TextLine id="r1l89" custom="readingOrder {index:88;}">
                <Coords points="1787,3019 2946,3023 2946,2994 2828,2987 1787,2978"/>
                <Baseline points="1802,3013 1858,3016 1914,3018 1971,3020 2027,3022 2084,3023 2140,3024 2197,3025 2253,3026 2310,3026 2366,3027 2422,3027 2479,3028 2535,3028 2592,3028 2648,3028 2705,3028 2761,3028 2818,3028 2874,3028 2931,3029"/>
                <TextEquiv>
                    <Unicode>war zu Anfang gestellt — gehört der Zeit an, als das Über¬</Unicode>
                </TextEquiv>
            </TextLine>
            <TextLine id="r1l90" custom="readingOrder {index:89;}">
                <Coords points="618,3031 2945,3072 618,2997"/>
                <Baseline points="633,3039 747,3040 862,3042 977,3043 1092,3045 1207,3046 1321,3048 1436,3050 1551,3052 1666,3054 1781,3056 1895,3057 2010,3059 2125,3061 2240,3062 2355,3064 2469,3065 2584,3066 2699,3067 2814,3068 2929,3069"/>
                <TextEquiv>
                    <Unicode>traum ein Rückschritt gewesen. Es scheint überhaupt, daß! brettl noch lebte. Man hört es auf Schritt und Tritt aus</Unicode>
                </TextEquiv>
            </TextLine>
            <TextLine id="r1l91" custom="readingOrder {index:90;}">
                <Coords points="606,3085 1740,3103 1778,3061 607,3036"/>
                <Baseline points="621,3073 678,3075 735,3077 792,3078 849,3079 906,3080 963,3081 1020,3082 1077,3083 1134,3083 1192,3084 1249,3085 1306,3086 1363,3086 1420,3087 1477,3088 1534,3089 1591,3090 1648,3092 1705,3094 1763,3096"/>
                <TextEquiv>
                    <Unicode>sein Talent mit den Lustigen Nibelungen die Höhe erreicht</Unicode>
                </TextEquiv>
            </TextLine>
            <TextLine id="r1l92" custom="readingOrder {index:91;}">
                <Coords points="1769,3113 2937,3126 2938,3068 1770,3052"/>
                <Baseline points="1784,3089 1843,3091 1903,3094 1963,3096 2023,3097 2083,3098 2143,3099 2203,3101 2263,3101 2323,3102 2383,3102 2443,3103 2503,3103 2563,3104 2623,3104 2683,3104 2743,3105 2803,3106 2863,3107 2923,3108"/>
                <TextEquiv>
                    <Unicode>der Musik. Französischer Ballettmusik abgelauschte Eleganz</Unicode>
                </TextEquiv>
            </TextLine>
            <TextLine id="r1l93" custom="readingOrder {index:92;}">
                <Coords points="602,3118 1639,3145 1775,3133 1776,3096 602,3078"/>
                <Baseline points="616,3116 673,3116 730,3117 787,3117 845,3118 902,3118 959,3119 1017,3120 1074,3121 1131,3122 1189,3123 1246,3125 1303,3126 1360,3127 1418,3128 1475,3129 1532,3129 1590,3130 1647,3130 1704,3130 1762,3130"/>
                <TextEquiv>
                    <Unicode>hatte. Auch der Tapfere Soldat (1908 im Zentraltheater)</Unicode>
                </TextEquiv>
            </TextLine>
            <TextLine id="r1l94" custom="readingOrder {index:93;}">
                <Coords points="1772,3135 2949,3154 2926,3099 1773,3098"/>
                <Baseline points="1786,3131 1843,3131 1900,3131 1958,3131 2015,3131 2072,3132 2130,3133 2187,3134 2244,3135 2302,3136 2359,3137 2416,3138 2474,3139 2531,3140 2588,3141 2646,3141 2703,3142 2760,3142 2818,3143 2875,3143 2933,3143"/>
                <TextEquiv>
                    <Unicode>mit sentimentalem deutschen Einschlag bilden ihre Bestand¬</Unicode>
                </TextEquiv>
            </TextLine>
            <TextLine id="r1l95" custom="readingOrder {index:94;}">
                <Coords points="606,3155 1777,3178 1777,3132 606,3121"/>
                <Baseline points="620,3156 677,3156 734,3156 791,3156 848,3156 905,3157 962,3157 1019,3158 1076,3159 1133,3160 1191,3161 1248,3162 1305,3163 1362,3164 1419,3165 1476,3166 1533,3167 1590,3168 1647,3169 1704,3170 1762,3170"/>
                <TextEquiv>
                    <Unicode>zeigte diesen Rückschritt. Das Bestreben, mit der Musik</Unicode>
                </TextEquiv>
            </TextLine>
            <TextLine id="r1l96" custom="readingOrder {index:95;}">
                <Coords points="1780,3172 2951,3186 2951,3137 1780,3135"/>
                <Baseline points="1793,3170 1850,3169 1907,3169 1964,3170 2021,3170 2078,3171 2135,3172 2192,3173 2249,3174 2306,3176 2364,3177 2421,3178 2478,3179 2535,3180 2592,3181 2649,3182 2706,3182 2763,3182 2820,3182 2877,3182 2935,3180"/>
                <TextEquiv>
                    <Unicode>teile. Auch der Text, eine in Bajazzogewand gesteckte Ehe¬</Unicode>
                </TextEquiv>
            </TextLine>
            <TextLine id="r1l97" custom="readingOrder {index:96;}">
                <Coords points="605,3193 1674,3220 1778,3216 1779,3173 605,3164"/>
                <Baseline points="620,3194 677,3194 734,3194 791,3194 848,3194 905,3195 962,3196 1020,3196 1077,3197 1134,3198 1191,3200 1248,3201 1305,3202 1362,3203 1420,3204 1477,3205 1534,3206 1591,3206 1648,3207 1705,3207 1763,3208"/>
                <TextEquiv>
                    <Unicode>parodistische Wirkungen zu bringen, war unverkennbar.</Unicode>
                </TextEquiv>
            </TextLine>
            <TextLine id="r1l98" custom="readingOrder {index:97;}">
                <Coords points="1778,3227 2833,3238 2946,3222 2947,3190 1779,3172"/>
                <Baseline points="1794,3210 1850,3211 1907,3211 1964,3212 2021,3212 2078,3213 2135,3213 2192,3214 2249,3214 2306,3215 2363,3216 2419,3217 2476,3218 2533,3218 2590,3219 2647,3220 2704,3221 2761,3222 2818,3223 2875,3224 2932,3225"/>
                <TextEquiv>
                    <Unicode>geschichte von Pserhoser mit lächerlich=grausigem Ausgang</Unicode>
                </TextEquiv>
            </TextLine>
            <TextLine id="r1l99" custom="readingOrder {index:98;}">
                <Coords points="606,3232 1753,3259 1774,3216 606,3192"/>
                <Baseline points="620,3233 676,3232 733,3232 790,3232 847,3233 904,3233 961,3234 1018,3235 1075,3236 1132,3237 1189,3238 1245,3240 1302,3241 1359,3243 1416,3244 1473,3245 1530,3246 1587,3247 1644,3248 1701,3249 1758,3249"/>
                <TextEquiv>
                    <Unicode>Leider blieb es beim Bestreben. Die Kraft, es in die Tat</Unicode>
                </TextEquiv>
            </TextLine>
            <TextLine id="r1l100" custom="readingOrder {index:99;}">
                <Coords points="1770,3243 2450,3279 2938,3264 2939,3220 1771,3217"/>
                <Baseline points="1785,3245 1844,3247 1904,3247 1964,3249 2024,3249 2084,3251 2144,3251 2204,3252 2264,3253 2324,3254 2384,3255 2444,3256 2504,3257 2564,3258 2624,3259 2684,3260 2744,3260 2804,3261 2864,3262 2924,3263"/>
                <TextEquiv>
                    <Unicode>1— der Tod erscheint selbst und führt mit der Sense den</Unicode>
                </TextEquiv>
            </TextLine>
            <TextLine id="r1l101" custom="readingOrder {index:100;}">
                <Coords points="613,3272 1775,3292 1775,3251 613,3234"/>
                <Baseline points="626,3273 682,3273 739,3272 796,3272 852,3273 909,3273 966,3274 1022,3275 1079,3276 1136,3277 1193,3278 1249,3279 1306,3280 1363,3281 1419,3281 1476,3282 1533,3283 1589,3283 1646,3283 1703,3282 1760,3282"/>
                <TextEquiv>
                    <Unicode>umzusetzen, war dahin. Nun hat sich Straus der Operetten¬</Unicode>
                </TextEquiv>
            </TextLine>
            <TextLine id="r1l102" custom="readingOrder {index:101;}">
                <Coords points="1782,3289 2748,3312 2941,3306 2942,3266 1783,3248"/>
                <Baseline points="1796,3282 1852,3284 1909,3286 1965,3288 2022,3289 2078,3291 2135,3292 2191,3293 2248,3294 2304,3294 2361,3295 2418,3296 2474,3296 2531,3297 2587,3297 2644,3298 2700,3298 2757,3299 2813,3300 2870,3301 2927,3302"/>
                <TextEquiv>
                    <Unicode>Streich — weist auf jene Zeit hin. Das Werk ist als Oper</Unicode>
                </TextEquiv>
            </TextLine>
            <TextLine id="r1l103" custom="readingOrder {index:102;}">
                <Coords points="618,3302 1673,3337 1785,3327 1786,3289 618,3270"/>
                <Baseline points="632,3311 688,3311 745,3311 802,3311 859,3312 916,3312 973,3313 1030,3314 1087,3315 1144,3316 1201,3317 1257,3318 1314,3319 1371,3320 1428,3321 1485,3321 1542,3322 1599,3323 1656,3323 1713,3324 1770,3324"/>
                <TextEquiv>
                    <Unicode>chreiberei ergeben, die nicht ein künstlerisches Muß, sondern</Unicode>
                </TextEquiv>
            </TextLine>
            <TextLine id="r1l104" custom="readingOrder {index:103;}">
                <Coords points="1768,3332 2913,3365 2940,3308 1769,3280"/>
                <Baseline points="1784,3324 1841,3326 1898,3327 1955,3328 2012,3329 2069,3330 2126,3331 2183,3331 2240,3332 2297,3332 2354,3333 2411,3333 2468,3333 2525,3334 2582,3335 2639,3336 2696,3337 2753,3338 2810,3340 2867,3342 2925,3344"/>
                <TextEquiv>
                    <Unicode>bezeichnet und auch öfter (zuerst 1904 in Berlin) gegeben</Unicode>
                </TextEquiv>
            </TextLine>
            <TextLine id="r1l105" custom="readingOrder {index:104;}">
                <Coords points="636,3363 1775,3373 1776,3330 637,3314"/>
                <Baseline points="650,3349 705,3349 761,3350 816,3350 872,3350 927,3351 983,3352 1038,3352 1094,3353 1149,3354 1205,3355 1261,3355 1316,3356 1372,3357 1427,3358 1483,3359 1538,3360 1594,3361 1649,3362 1705,3363 1761,3364"/>
                <TextEquiv>
                    <Unicode>ine Beschäftigung ist. Die Früchte dieser Tätigkeit sind</Unicode>
                </TextEquiv>
            </TextLine>
            <TextLine id="r1l106" custom="readingOrder {index:105;}">
                <Coords points="1770,3377 1807,3387 1825,3381 1900,3385 1905,3379 1972,3389 1972,3337 1935,3331 1926,3339 1918,3331 1895,3336 1866,3327 1771,3320"/>
                <Baseline points="1784,3361 1813,3362 1842,3363 1871,3364 1900,3364 1929,3364 1958,3363"/>
                <TextEquiv>
                    <Unicode>worden.</Unicode>
                </TextEquiv>
            </TextLine>
            <TextLine id="r1l107" custom="readingOrder {index:106;}">
                <Coords points="2500,3407 2558,3398 2578,3381 2613,3393 2630,3378 2644,3390 2719,3381 2789,3399 2812,3382 2913,3382 2913,3356 2858,3341 2780,3353 2751,3335 2699,3353 2676,3341 2500,3338"/>
                <Baseline points="2516,3382 2541,3380 2566,3379 2592,3377 2617,3377 2643,3377 2668,3377 2694,3377 2719,3378 2745,3378 2770,3379 2796,3379 2821,3380 2847,3380 2872,3379 2898,3378"/>
                <TextEquiv>
                    <Unicode>Eugen Thari.</Unicode>
                </TextEquiv>
            </TextLine>
            <TextLine id="r1l108" custom="readingOrder {index:107;}">
                <Coords points="635,3391 1771,3413 1771,3373 1676,3354 635,3354"/>
                <Baseline points="648,3387 703,3387 758,3387 814,3387 869,3387 925,3388 980,3389 1036,3390 1091,3391 1147,3392 1202,3393 1257,3394 1313,3396 1368,3397 1424,3398 1479,3399 1535,3400 1590,3401 1646,3402 1701,3402 1757,3402"/>
                <TextEquiv>
                    <Unicode>e vor einigen Tagen in Wien zum ersten Male gegebene</Unicode>
                </TextEquiv>
            </TextLine>
            <TextLine id="r1l109" custom="readingOrder {index:108;}">
                <Coords points="2283,3419 2309,3418 2323,3409 2346,3417 2364,3414 2373,3423 2384,3411 2410,3422 2442,3416 2441,3367 2386,3365 2359,3345 2325,3346 2299,3364 2282,3364"/>
                <Baseline points="2297,3405 2322,3404 2348,3404 2374,3403 2400,3403 2426,3402"/>
                <TextEquiv>
                    <Unicode>——</Unicode>
                </TextEquiv>
            </TextLine>
            <TextLine id="r1l110" custom="readingOrder {index:109;}">
                <Coords points="635,3427 1774,3444 1775,3398 636,3390"/>
                <Baseline points="649,3424 704,3425 760,3426 815,3427 871,3428 926,3429 982,3431 1037,3432 1093,3433 1148,3434 1204,3435 1259,3436 1315,3437 1370,3437 1426,3438 1481,3439 1537,3439 1592,3439 1648,3439 1703,3439 1759,3439"/>
                <TextEquiv>
                    <Unicode>idi und der jetzt in Leipzig zur Uraufführung gekommene</Unicode>
                </TextEquiv>
            </TextLine>
            <TextLine id="r1l111" custom="readingOrder {index:110;}">
                <Coords points="2127,3472 2182,3464 2194,3475 2214,3469 2246,3480 2289,3467 2318,3477 2341,3465 2364,3476 2378,3461 2390,3470 2415,3457 2450,3459 2449,3410 2406,3426 2380,3415 2334,3431 2313,3417 2259,3419 2189,3400 2126,3408"/>
                <Baseline points="2141,3459 2167,3460 2194,3460 2221,3460 2247,3459 2274,3459 2301,3458 2328,3457 2354,3456 2381,3454 2408,3453 2435,3451"/>
                <TextEquiv>
                    <Unicode>411 — —</Unicode>
                </TextEquiv>
            </TextLine>
            <TextLine id="r1l112" custom="readingOrder {index:111;}">
                <Coords points="645,3466 1783,3494 1784,3442 645,3422"/>
                <Baseline points="660,3467 715,3467 770,3467 826,3468 881,3469 937,3469 992,3470 1047,3471 1103,3472 1158,3472 1214,3473 1269,3474 1324,3475 1380,3476 1435,3476 1491,3477 1546,3477 1601,3478 1657,3478 1712,3478 1768,3478"/>
                <TextEquiv>
                    <Unicode>nakter Venus im Grünen (Text von Rudolf</Unicode>
                </TextEquiv>
            </TextLine>
            <TextLine id="r1l113" custom="readingOrder {index:112;}">
                <Coords points="644,3503 1778,3528 1778,3482 1608,3471 645,3466"/>
                <Baseline points="658,3505 713,3506 768,3506 823,3507 879,3508 934,3508 989,3509 1044,3510 1100,3510 1155,3511 1210,3512 1265,3513 1321,3513 1376,3514 1431,3515 1486,3515 1542,3516 1597,3516 1652,3517 1707,3517 1763,3518"/>
                <TextEquiv>
                    <Unicode>thar). Didi muß nach allen Berichten darüber eine</Unicode>
                </TextEquiv>
            </TextLine>
            <TextLine id="r1l114" custom="readingOrder {index:113;}">
                <Coords points="649,3545 1777,3554 1777,3523 1673,3516 650,3502"/>
                <Baseline points="665,3543 719,3544 774,3544 829,3545 884,3546 939,3547 993,3548 1048,3548 1103,3549 1158,3550 1213,3551 1267,3551 1322,3552 1377,3552 1432,3553 1487,3553 1541,3553 1596,3554 1651,3554 1706,3553 1761,3553"/>
                <TextEquiv>
                    <Unicode>limme Sache sein; sie wird fast nur eine seichte Walzer¬</Unicode>
                </TextEquiv>
            </TextLine>
            <TextLine id="r1l115" custom="readingOrder {index:114;}">
                <Coords points="660,3582 1773,3608 1773,3553 660,3547"/>
                <Baseline points="673,3578 727,3580 781,3582 835,3583 890,3585 944,3586 998,3587 1053,3588 1107,3588 1161,3589 1216,3589 1270,3590 1324,3590 1378,3590 1433,3591 1487,3591 1541,3592 1596,3593 1650,3594 1704,3594 1759,3596"/>
                <TextEquiv>
                    <Unicode>rette genannt. Venus im Grünen, von der ich mich jetzt</Unicode>
                </TextEquiv>
            </TextLine>
            <TextLine id="r1l116" custom="readingOrder {index:115;}">
                <Coords points="652,3632 1776,3648 1777,3602 653,3586"/>
                <Baseline points="666,3619 720,3620 775,3621 830,3622 885,3622 940,3623 994,3624 1049,3625 1104,3626 1159,3626 1214,3627 1268,3628 1323,3629 1378,3629 1433,3630 1488,3631 1542,3632 1597,3633 1652,3633 1707,3634 1762,3635"/>
                <TextEquiv>
                    <Unicode>ist habe überzeugen können, unterscheidet sich in nichts</Unicode>
                </TextEquiv>
            </TextLine>
            <TextLine id="r1l117" custom="readingOrder {index:116;}">
                <Coords points="679,3656 1786,3690 1787,3644 679,3630"/>
                <Baseline points="694,3654 747,3656 801,3657 855,3659 909,3660 963,3661 1017,3663 1071,3663 1125,3664 1179,3665 1233,3666 1286,3667 1340,3668 1394,3668 1448,3669 1502,3669 1556,3670 1610,3670 1664,3671 1718,3671 1772,3671"/>
                <TextEquiv>
                    <Unicode>der Dutzendware, mit der wir seit Jahren von Wien</Unicode>
                </TextEquiv>
            </TextLine>
            <TextLine id="r1l118" custom="readingOrder {index:117;}">
                <Coords points="677,3699 1787,3714 1787,3674 677,3656"/>
                <Baseline points="690,3693 744,3694 798,3695 852,3696 906,3697 960,3699 1014,3700 1068,3702 1122,3703 1176,3705 1230,3706 1284,3707 1338,3709 1392,3709 1446,3710 1500,3711 1554,3711 1608,3711 1662,3711 1716,3711 1771,3710"/>
                <TextEquiv>
                    <Unicode>beglückt werden. Langsame Walzerlieder in der be¬</Unicode>
                </TextEquiv>
            </TextLine>
            <TextLine id="r1l119" custom="readingOrder {index:118;}">
                <Coords points="680,3741 1597,3776 1791,3745 1757,3713 681,3692"/>
                <Baseline points="696,3728 752,3731 809,3733 866,3736 923,3737 979,3739 1036,3740 1093,3741 1150,3743 1207,3743 1263,3744 1320,3745 1377,3746 1434,3747 1491,3748 1547,3749 1604,3750 1661,3752 1718,3754 1775,3756"/>
                <TextEquiv>
                    <Unicode>iten Schleifmanier mit Summrefrain bilden den Haupt¬</Unicode>
                </TextEquiv>
            </TextLine>
            <TextLine id="r1l120" custom="readingOrder {index:119;}">
                <Coords points="684,3786 710,3780 736,3798 794,3782 871,3801 932,3784 961,3802 981,3788 1024,3798 1073,3793 1074,3755 996,3740 685,3742"/>
                <Baseline points="700,3774 725,3774 751,3775 776,3776 802,3776 827,3776 853,3777 879,3777 904,3778 930,3778 955,3779 981,3779 1006,3780 1032,3780 1058,3781"/>
                <TextEquiv>
                    <Unicode>ndteil der Musik.</Unicode>
                </TextEquiv>
            </TextLine>
            <TextEquiv>
                <Unicode>àS S
17.2. Der tapfere #assian box 227
i eigentliche Gebiet der Operette, die Satire und den Spaß
Zwischen diesen Werken nimmt der Tapfere
gewährten. Die Bedingungen waren gegeben. Ein Vor¬
Kassian eine merkwürdige Stellung ein. Daß Straus
gang, der in seinen Grundzügen eine Satire auf die Liebes¬
mit ihm etwas Besonderes geben wollte, daß er keine Ge¬
beziehungen verschiedener Menschen zueinander ist und
schäftsoperette, sondern eine Art Kunstwerk damit be¬
durch Übertreibung in der Herausarbeitung der Charaktere
absichtigte, ist unverkennbar. Es sollte wohl ein Stück für
einen grotesken Einschlag erhält, der das Typische gewisser
ein sogenanntes intimes Theater werden. Im Orchester
Liebesbeziehungen in stark vergröbertem Bilde zeigt, und
spielt das Klavier die Hauptrolle. Dazu kommen Streich¬
wobei wir als Zuschauer nie das Gefühl dafür verlieren
instrumente und Holzbläser und hier und da, aber ganz
dürfen, daß alles nur ein Spiel, daß all die Tragik nur
spärlich, Horn, Trompete und Panke. Die Musik hat das
Schein ist. Wir haben im vorigen Jahre in der Literarischen
Bestreben, tonmalend die Vorgänge auf der Bühne zu
Gesellschaft den Tapferen Kassian als Puppenspiel in dem
unterstützen. Das Orchester beschränkt sich nicht auf die
Gastspiel des Münchner Marionettentheaters gesehen. Mit
Begleitung der Gesänge, sondern untermalt auch melo¬
Puppen, die in der Übertreibung typischer Züge den gro¬
dramatisch die gesprochenen Stellen. Das alles ist zu loben.
tesken Charakter des sonderbaren Liebeshandels hell ins
Denn es zeigt den Willen nach neuen Zielen. Leider aber
Licht rückten. Es heißt, daß die Komödie, die zuerst in den
ist das, was wir in all dieser Musik zu hören bekommen,
Kammerspielen Reinhardts in Berlin gegeben wurde, ur¬
wenig erfreulich. Nirgend, aber auch nirgend hat sich
sprünglich als Puppenspiel gedacht war. Jetzt ist sie in das
Straus zu musikalischen Einfällen aufschwingen können, die
dritte Stal ium ihres Daseins getreten. Und von dem künst¬
dem oben geschilderten satirisch=grotesken Wesen des Scherz¬
lerischen Reiz und der ästhetischen Lust ist nichts mehr ge¬
spiels einigermaßen nahekämen. Seine Musik könnte ohne
blieben. Als Singspiel ist sie jetzt bezeichnet. Leider ganz
daß man sie zu ändern brauchte im Vorspiel zum Trom¬
richtig. Es ist schade darum. Ein guter künstlerischer
peter von Säktingen stehen. Sie zeigt die gleichen Züge
Operettenvorwurf ist durch Nichtverstehen oder Nichtkönnen
unvornehmer Lyrik, für die man fälschlich den Ausdruck
eines Komponisten ungenützt geblieben.
volkstümlich erfunden und die Neßlers Oper den Lieb¬
Auf Oskar Straus hatten alle, denen die Opereite nicht lingsplatz im Herzen weiter Volksschichten erobert hat. Und
Unterhaltung für zweieinhalb Stunden Theaterbesuch ist,
dabei hätte es so nahe gelegen, wirklich etwas Charakte¬
sondern die sie als Teil unserer allgemeinen künstlerischen
ristisches und Lustiges zu schreiben. Die Figur des Titel¬
Kultur ansehen, große Hoffnungen gesetzt. Diese gingen vom
belden, eines bramarbasierenden, vollblütigen Kerls,
einstmaligen Überbrettl aus. Da hatte Oskar Straus eine
fordert sogar dazu auf. Nicht minder das ein klein wenig
neue Kunst geschaffen. Graziös tänzelnde Musik voll
altjüngferliche Wesen des Mägdeleins, das von ihrem
liebenswürdiger melodischer Erfindung, hübschen ab¬
Studenten mit Eile abrückt. als der Kriegsheld auf der
wechslungsreichen Harmonisierungen und bezeichnenden
Bühne erscheint. Und gar per Student selbst, der sich die
charakteristischen Einfällen. Seine erste Operette nach der
bescheidene Geliebte nur deshalb genommen hat, um bei
Überbrettl=Tätigkeit gab den Hoffnungen neue Nahrung.
dem beabsichtigten Liebeswerben um eine berühmte Tän¬
Zum ersten Male seit dem Mikado waren wieder paro¬
zerin nicht ohne Erfahrung dazi siehen. Im Puppenspiel,
distische Töne in der Operette angeschlagen. Lust und Laune
wo alles typisch vergrößert war, konnte das ästhetische Be¬
steckten darin. Leider ging das Publikum nicht mit. Der
hagen an diesem Scherzspiel mit ernstem Ausgang unver¬
Abstand zwischen der gewohnten Operettenkost und der
mindert bleiben, bei Straus empfand man hiervon gar
immerhin ein geistiges Mitarbeiten ersordernden Parodie¬
nichts. Rüchtern war's. Eine lyrische Oper mit schwachen
kunst war zu groß. Noch einmal hat Straus es versucht., musikalischen Einfällen. Auch Darstellung und Regie waren
Hugdietrichs Brautfahrt (1907 im Residenztheater gegeben) nicht gut beraten. Weder Sänger noch Regisseur hatten
aber zeigte einen Rückgang an musikalischer Schlagkraft.die Groteske in dem Vorgang erfaßt. So spielt man Frei¬
Zum großen Teil durch die Schuld des Textbuches, das schütz, aber nicht Schnitzler. Der Student war Max, seine
mehr episch=satirisch als dramatisch=parodistisch war. Dann
Geliebte Agathe, der tapfere Kassian Kaspar. Es war auf¬
ergab sich Straus der durch die Lustige Witwe zur höchsten
fällig.
Blüté geförderten Walzer=Erotik. Finanziell mag es sich
Der dritte Einakter des Abends, Colombine —er
für ihn gelohnt haben. Aber musikalisch ist sein Walzer¬
war zu Anfang gestellt — gehört der Zeit an, als das Über¬
traum ein Rückschritt gewesen. Es scheint überhaupt, daß! brettl noch lebte. Man hört es auf Schritt und Tritt aus
sein Talent mit den Lustigen Nibelungen die Höhe erreicht
der Musik. Französischer Ballettmusik abgelauschte Eleganz
hatte. Auch der Tapfere Soldat (1908 im Zentraltheater)
mit sentimentalem deutschen Einschlag bilden ihre Bestand¬
zeigte diesen Rückschritt. Das Bestreben, mit der Musik
teile. Auch der Text, eine in Bajazzogewand gesteckte Ehe¬
parodistische Wirkungen zu bringen, war unverkennbar.
geschichte von Pserhoser mit lächerlich=grausigem Ausgang
Leider blieb es beim Bestreben. Die Kraft, es in die Tat
1— der Tod erscheint selbst und führt mit der Sense den
umzusetzen, war dahin. Nun hat sich Straus der Operetten¬
Streich — weist auf jene Zeit hin. Das Werk ist als Oper
chreiberei ergeben, die nicht ein künstlerisches Muß, sondern
bezeichnet und auch öfter (zuerst 1904 in Berlin) gegeben
ine Beschäftigung ist. Die Früchte dieser Tätigkeit sind
worden.
Eugen Thari.
e vor einigen Tagen in Wien zum ersten Male gegebene
——
idi und der jetzt in Leipzig zur Uraufführung gekommene
411 — —
nakter Venus im Grünen (Text von Rudolf
thar). Didi muß nach allen Berichten darüber eine
limme Sache sein; sie wird fast nur eine seichte Walzer¬
rette genannt. Venus im Grünen, von der ich mich jetzt
ist habe überzeugen können, unterscheidet sich in nichts
der Dutzendware, mit der wir seit Jahren von Wien
beglückt werden. Langsame Walzerlieder in der be¬
iten Schleifmanier mit Summrefrain bilden den Haupt¬
ndteil der Musik.</Unicode>
            </TextEquiv>
        </TextRegion>
    </Page>
</PcGts>
