3436 4384
287 211 2205 325 17.2. Der tanfere Gassian box 22/7
1038 755 1656 866 Klose & Seidel
946 856 1914 923 Bureau für Zeitungeausechnitte.
895 908 1791 983 Berlin NO. 43, Georgenkirchplatz 211
959 1008 1732 1081 (Liest die meisten Zeitungen und ist das
947 1073 1734 1148 bestorganisierteste Bureau Deutschlands.)
718 1214 1957 1328 Zeung
722 1322 1722 1441 O —
724 1426 1386 1525 Datum
1311 1499 1617 1579 Z4 MAII9!
2358 1570 2992 1660 B
2076 1647 3123 1711 Schnitzlers „Tapferer Cassian“ ist, wenn all die melan¬
1994 1685 3128 1749 cholisch=übermütigen Farben und ironischen Lichter zu reiner
1152 1654 1638 1783 Feuilleton.
2001 1734 3130 1795 Wirkung kommen 'sollen, überhaupt nur auf der Marionetten¬
2004 1773 3131 1819 bühne denkbar. In diesem wundervollen kleinen Stück
1087 1782 1762 1886 Münchener Puppenspiele.
1993 1813 3120 1856 gibt es keine Uebergänge, keine Motivenverknüpfung, keine
1997 1855 3124 1909 bedächtige Gesetzmäßigkeit. Eckig und hart steht alles neben¬
986 1862 1853 1942 (Von unserem Korrespondenten.]
1996 1892 3135 1932 einander; Urtriebe lösen sich ab, prallen zusammen, wer¬
965 1909 1152 1994 WTT
1998 1926 3139 1983 den zu Taten, ganz ohne Zwischenstufen und Verschleie¬
1345 1918 1467 1993 345
1517 1916 1964 1996 München, 20. Mai.
1991 1969 3132 2022 rungen, eben deshalb großartig und lächerlich zugleich. In
922 1965 1974 2044 Zum zweiten Male in diesem Jahre begab man sich
1997 2011 3136 2063 prasselnden Tiraden flunkert ein Renommist das Unglaub¬
842 2011 1983 2085 gestern auf den vertrauten Weg zum Ausstellungsgelände.
1997 2043 3135 2102 würdigste, — doch gleich darauf vollzieht sich wirklich, was
846 2069 1985 2127 Das Marionettentheater Münchener Künst¬
1997 2076 3143 2131 noch viel weiter jenseits der Grenze aller Glaußlichkeit ge¬
849 2108 1983 2164 ler spielte vor geladenen Gästen A. Adams Komische
1984 2129 2202 2183 legen ist.
2224 2128 3133 2183 Wahrheit und Lüge, Sinn und Widersinn
840 2137 1987 2207 Oper „Die Nürnberger Puppé“ und zur Feier von
1983 2155 3115 2224 schillern betörend ineinander; der Dichter aber und alle
841 2186 1984 2266 Schnitzlers 50. Geburtstag den Einakter „Der tap¬
1992 2205 3126 2249 Beteiligten geberden sich, als ob das Allerselbstverständlichste
845 2223 1222 2286 fere Tassran“.
2211 2241 3123 2298 ganz wie der tapfere Cassian selber, der einem
1988 2247 2218 2296 geschähe, —
942 2257 1980 2331 Ignatius Taschner hatte die Figuren zum „Cas¬
1987 2282 3124 2333 Mädchen, das sich aus dem Fenster stürzte, nachspringt,
855 2295 1980 2374 sian“ entworfen. Die Dekorationen und Puppen der Oper
1986 2319 3120 2373 es in der Luft erwischt, heil mit ihr auf den Boden an¬
852 2348 1978 2409 stammten von Professor Josef Wackerle, die Kostüme
1991 2358 3120 2406 kommt, doch, dieser Lappalien mit keinem Wort gedenkend,
851 2391 1983 2457 von Ernst und Helene Stern. Die künstlerische Leitung
1984 2404 3120 2454 nur seinen Diener antreibt, ihm mit dem Reisesack recht
847 2426 1980 2494 des Ganzen lag in den Händen des. Schriftstellers Paus
1987 2437 2986 2489 rasch zu folgen, damit man die Post nicht versäume.
848 2475 1994 2531 Branu, dem man das geistvoll heitere Erneuern der
2069 2466 3125 2539 Eine Darstellung durch lebendige Menschen würde all
847 2505 1912 2557 alten Marionetten=Komödie überhaupt zu danken hat.
1989 2527 3118 2575 diese Vorgänge ihrer grotesken Anmut berauben. Denn
929 2552 1983 2606 Wiederum, wie in früheren Jahren, waren es köst¬
1986 2570 3123 2622 lebendige Menschen sind reale Gebilde und schon ihr bloßes
844 2589 1983 2649 liche Stunden, in denen #e hölzernen Männlein und Weib¬
1986 2603 3111 2651 Dasein wirkt als ärgerlicher Widerspruch zu dem Absurden,
850 2631 1982 2711 lein auf der winzigen Bühne von wunderlich geheimnis¬
1981 2636 3125 2711 was durch sie oder mit ihnen geschieht. Die Marionetten
842 2673 1636 2738 vollem Leben zu vibrieren schienen...
1982 2690 3119 2742 jedoch bewahren nur den Schein des Menschlichen, gleich¬
932 2717 1981 2778 Worin der unwiderstehliche und unerschöpfliche Zauber
1998 2709 3123 2777 sam, ins Karikaturenhafte umgebogen, das ewige der mensch¬
836 2757 1980 2828 dieses Spiels bestcht, ist nirgends treffender gesagt worden
1992 2752 3119 2821 lichen Form. Aber sie sind nicht Menschen: mag immer¬
836 2801 1982 2848 als in einem merkwürdigen, von drängenden Gedanken fast
1990 2800 3124 2864 hin das Unwahrscheinliche mit diesen Geschöpfen sich er¬
834 2834 1978 2888 bis zum Uebermaß beschwerten Aufsatz „Uäber das Mario¬
1985 2843 3112 2898 eianen. — man weiß ja, daß sie wehrlos an unsichtbar
838 2872 1975 2931 nettentheater“, der im Dezember 1810 in den „Berline;
1990 2881 3120 2954 gezogenen Fäden hängen. Und wiederum taucht gerade,
842 2910 1979 2965 Abendblättern“ erschien. Dort heißt es: „Und der Vorteil,
1980 2923 3117 2971 wenn man dieses Umstandes sich bewußt wird, tiefsinnige
830 2954 1977 3016 den diese Puppe vor lebendigen Tänzern voraushaben würde?
1986 2963 3130 3004 Symbolik auf: ob nicht die eigentliche Quintessenz des Mensch¬
946 2999 1983 3032 Zuvörderst ein negativer, mein vortrefflicher Freund
1980 3005 3119 3058 lichen dennoch durch diese Gliederpuppen anschaulich ge¬
845 3021 1991 3090 nämlich der, daß sie sich niemals zierte. Denn Ziererei
1989 3041 3117 3111 macht wird, die sich ein Weilchen auf der kleinen Bühne
831 3067 1970 3119 erscheint, wie Sie wissen, wenn sich die Seele in irgend
1981 3074 3113 3140 spreizen, lieben, bramarbasieren und sich töten, ganz ohne
846 3113 1977 3164 einem anderen Punkte befindet, als in dem Schwerpunkt
1980 3120 3121 3193 Ahnung, daß alles nur ein Spaß ist, den überlegene Mächte
839 3146 1239 3207 der Bewegung ...
1234 3158 1975 3196 Zudem haben diese Puppen den Vor¬
1980 3158 3127 3234 hinter den Kulissen zum eigenen Ergötzen inszenieren...
832 3175 1983 3246 teil, daß sie antigrav sind. Von der Trägheit der Materie,
2893 3202 3137 3276 r.K. W.—
832 3223 1980 3298 dieser dem Tanz entgegenstrebendsten aller Eigenschaften
837 3266 1983 3323 wissen sie nichts: weil die Kraft, die sie in die Lüfte erhebt,
843 3309 1985 3370 größer ist als jene, die sie an die Erde fesselt... Die
842 3347 1990 3410 Puppen brauchen den Boden nur wie die Elfen, um ihn
829 3395 1982 3436 zu streifen, und den Schwung der Glieder, durch die
832 3426 1978 3471 augenblickliche Hemmung neu zu beleben; wir brauchen
839 3468 1968 3521 ihn, um darauf zu ruhen, und uns von der Anstrengung
827 3500 1980 3554 des Tanzes zu erholen: ein Moment, der offenbar selber
828 3538 1984 3616 lein Tanz ist, und mit dem sich weiter nichts anfangen
834 3583 1843 3633 läßt, als ihn möglichst verschwinden zu machen.“
910 3617 1978 3685 Die Abhandlung, in der diese Sätze sich finden, stammt
829 3665 1999 3748 vom Herausgeber der „Abendblätter“ ber, von Heinrich
823 3703 1118 3780 v. Blerst.
