3484 4320
306 180 1604 281 17.2. Der tanfere bassian
1005 714 1642 777 stätte geschaffenen wunderhübschen
997 770 1646 823 Zuschauerraum hat auch die Bühne
1008 815 1654 876 keinen großen Raum. Erwachsene,
1009 865 1654 916 wirkliche Menschen bewegen sich dort
1005 906 1644 954 nur beengt. Für die Marionetten¬
1005 949 1660 1003 bühne sind die idealen Dimensionen
1003 991 1650 1041 gegeben. Man sieht Kunst und Leben
1013 1039 1659 1095 hier wie durch ein verkehrtes Opern¬
1010 1080 1657 1138 glas: verkleinert, aber schärfer. Die
1003 1122 1655 1186 Kostüme der Puppen sind von münch¬
1013 1169 1648 1216 ner Künstlern entzückend verfertigt.
1011 1223 1651 1265 Die Miniaturkulissen von höchstem Reiz.
1009 1260 1651 1313 Es lag nun das Problem vor, ob man
1006 1299 1654 1360 auf dem Kasperletheater auch ernste
1014 1345 1648 1394 Kunstwerke lebendig gestalten könnte.
1011 1386 1655 1440 Nun, Dramen, die für lebende Men¬
1017 1431 1655 1484 schen zugeschnitten sind, lassen sich
1010 1478 1651 1530 nicht in diese Maße zwängen. Hamlet
1018 1517 1652 1581 und Tasso sind nicht am Draht zu
1006 1561 1651 1616 ziehen. Aber es gibt eine Kunstgat¬
1009 1608 1657 1664 tung, die zwischen der Realität und
1007 1657 1654 1717 der spielfreien Phantasie liegt, zwischen
1009 1697 1656 1749 dem Leben und dem Traum. Und
1013 1741 1654 1802 mit ihr läßt sich auf dem Marionetten¬
1009 1783 1659 1836 theater das Wundervollste bewirken.
1007 1826 1660 1879 „Das Wesen der Puppenspiele er¬
1006 1873 1663 1935 möglicht es, daß sich die Phantasie
1006 1914 1666 1971 des Dichters höher als sonst über
1008 1964 1661 2009 die Realität des Lebens schwingt und
1006 2008 1657 2069 anderseits wieder tief unter das Ni¬
1006 2053 1650 2112 veau des wirklichen Lebens sinkt und
1006 2097 1651 2154 derber, deutlicher redet, als es sonst
1008 2139 1663 2208 die Gesetze der Kunst gestatten“ habe
1019 2184 1658 2248 ich an andrer Stelle geschrieben.
1009 2224 1660 2287 Ohne in Wolken zu verschwinden,
1006 2270 1663 2334 aber auch ohne gemein oder banal
1017 2317 1664 2376 zu werden, schaut und schildert der
1011 2359 1663 2419 Marionettendichtermenschliche Leiden¬
1019 2407 1661 2459 schaften aus der Vogelperspektive. Im
1015 2454 1663 2501 Spiel der Puppen darf der Dichter
1009 2496 1666 2554 Wahrheiten sagen, die Essenzen des
1011 2538 1661 2585 wirklichen Lebens sind und lebendigen
1018 2584 1663 2639 Lippen hohl klingen würden. Er darf
1020 2629 1659 2678 übertreiben. Er kann, an die realen
1012 2674 1664 2733 Erscheinungen und Lebenswirkungen
1019 2714 1675 2768 nicht mehr gebunden, sich Wesen
1017 2758 1665 2820 schaffen und sie auf die Bühne stellen,
1027 2801 1662 2866 die so Werke seiner selbst sind,
1010 2847 1658 2902 wie wir wirklichen oder vom Dra¬
1026 2950 1147 3024 450
1722 175 2216 276 box 22/7
1664 718 2309 773 matiker nachgeahmten Menschen Pro¬
1668 768 2318 818 dukte einer höchsten unbekannten Kraft
1677 808 2324 865 sind. All dieses ist nun Arthur
1672 848 2312 913 Schnitzler in seinen meisterhaften
1667 885 2315 955 Puppenspielen gelungen, von denen
1676 946 2309 1000 wir auf der Marionettenbühne eines:
1668 989 2210 1038 den „Tapfern Cassian“ sahen.
1704 1019 2311 1086 Dieses Spiel handelt im siebzehn¬
1665 1070 2315 1133 ten Jahrhundert, in einer kleinen
1665 1118 2318 1172 deutschen Stadt. Ein junger Stu¬
1668 1155 2327 1214 dent ist im Begriff, seine Geliebte
1669 1203 2324 1263 zu verlassen. Er ist ihrer Reize satt,
1673 1253 2323 1300 er sehnt sich nach dem Zauberleib
1678 1298 2323 1353 der großen Schauspielerin, nach jenem
1672 1339 2324 1388 Irrlicht von Weib, das tausende
1670 1377 2327 1439 Männer behert, Fürsten und Knechten
1672 1420 2322 1489 zur Lust gedient hat und immer noch
1677 1476 2318 1524 mit furchtbarer Macht Männer zu
1680 1508 2325 1568 seiner sündhaften Schönheit lockt. Der
1676 1556 2324 1618 Student hat im Falschspiel die Du¬
1679 1603 2324 1663 katen gesammelt, die er ihr vor die
1667 1642 2321 1695 Füße werfen will, als Preis ihrer
1674 1695 2322 1748 Liebe. Sie will und muß er ge¬
1677 1747 2323 1793 nießen oder sterbend ins Richts ver¬
1673 1783 2316 1836 sinken. Da kommt sein Vetter der
1675 1817 2320 1883 tapfere Cassian auf seine Bude. Der
1673 1865 2325 1930 ist ein echter Maul= und Degenheld
1687 1920 2325 1964 das siebzehnten Jahrhunderts... halb
1676 1962 2334 2011 Held, halb Strauchritter, großmäulig
1668 2009 2319 2053 und tatenprotzig, mit Waffen und
1675 2043 2324 2095 Worten klirrend: der Bramarbas in
1675 2091 2325 2139 Ueberlebensgröße. Ihm gefällt seines
1676 2134 2327 2189 Vetters Mädchen. Und sie fliegt ihm
1669 2181 2325 2235 zu, wie die Motte dem Licht. Aber
1673 2219 2325 2276 Cassian braucht Geld, Cassian ge¬
1680 2264 2330 2324 lüstet es auch nach der Schauspielerin,
1681 2317 2342 2370 von der ihm sein Vetter träumend
1674 2353 2335 2411 erzählt. Sie spielen Würfel. Erst
1675 2396 2328 2463 gewinnt der Student, dann Cassian:
1679 2442 2340 2500 alle, alle die Dukaten, das Reise¬
1685 2485 2334 2544 gepäck, die Getiebte. Der Student
1681 2533 2335 2585 ist alles dessen beraubt, was er hatte.
1680 2572 2335 2627 Nur seine Sehnsucht blieb ihm, und
1677 2630 2325 2675 sie gibt ihm Mut. Er sucht Händel
1681 2665 2338 2721 mit dem Schurken Cassian. Siefechten.
1681 2709 2327 2767 Der Student wird tödlich getroffen.
1681 2756 2336 2809 Cassianpackt seine Geliebte zusammen,
1686 2798 2335 2858 höhnt den Sterbenden: Morgen wird
1685 2841 2343 2910 er die Schauspielerin umfangen. Der
1689 2927 2346 2990 Student bleibt sterbend allein. Sein
1686 2982 2348 3044 Diener bringt ihm die Flöte. Unter
1691 3026 2350 3087 ihren Tönen verhaucht er das Leben ...
1729 3076 2356 3130 Dieses Stück mit seinen krassen
1678 3120 2350 3173 Farben, mit seiner wundervollen Spra¬
1679 3159 2349 3216 che, mit seiner Stimmung ferner
1684 3209 2356 3266 Zeiten, mit seiner in der Tiefe lie¬
1682 3246 2346 3312 genden Psychologie der Liebe, ist
1688 3289 2359 3349 fähig und wert, für sich selbst eine
1691 3320 2354 3389 Marionettenbühne zu schaffen. Mank
1685 3380 2355 3440 ist ergriffen und überwältigt, wenn
1692 3427 2348 3484 man es sieht. Es hat in allem andre
1684 3472 2340 3531 Dimensionen als das wirkliche Lebens¬
1683 3507 2357 3572 drama. Hier ist es robuster, dort
1685 3553 2351 3615 ist es feiner, hier tiefer dort höher.
1690 3594 2355 3665 Manchmal scheint es aus Wolken
1687 3646 2356 3701 herab zu reden, manchmal scheinen
1690 3687 2356 3753 unbekannte Töne aus unserm Selbst
2112 3735 2347 3800 Max Messer
1689 3737 1924 3800 zu dringen.
1820 3796 2023 3867 „
