3484 4384
307 343 2208 439 17.2. Der tapfere Cassian box 22/7
975 893 1029 959 —
873 916 952 1005 —
954 940 1031 1005 —
1230 1058 1590 1141 „SSSET
1000 1110 1846 1212 I. österr. behördl. konz. Unternehmen für Zeir
1146 1178 1934 1266 Wien, I., Concordiaplatz“
1348 1243 1783 1329 Vertretungen
1024 1292 2119 1382 in Berlin, Budapest, Chicago, Christiania, Gen!. Kopen¬
1026 1344 2110 1426 hagen, London, Madrid, Mailand, Minnespolis, New-Vork,
1055 1384 2078 1475 Paris, Rom, San Francisco, Stockholm, St. Petersburg.
1356 1430 1747 1478 (Qusllenangabe ohne Gew ihr.
1350 1421 2114 1543 slpziger Abendzeitung, L-ipzig
1012 1497 1407 1574 Ausschnitt aus:
1205 1570 1528 1655 29 10. 1909
1024 1603 1208 1666 vom:
1884 1647 2874 1729 und nötigen sie, sich zu entkleiden, um die schmucken
1905 1667 2875 1763 „Schuhe, Strümpfe, Höschen“ und sonstige Ge¬
963 1680 1848 1778 Drei Straus-Dovitäten.
1888 1715 2878 1810 wänder zu gewinnen. Es folgt eine feinpikante
1909 1760 2888 1839 Stene, zu der Lothar dithyrambische Liebesworte
927 1776 1885 1851 Zu ihrer Erstaufführung im Neuen Theater.
1901 1797 2877 1860 an die Venus im Grünen dichtete. Zwei Paare
969 1805 1892 1884 Am Sonntag werden im Neuen Stadttheater zu
1908 1834 2876 1910 finden sich, und mit einem Ausblick auf Eheschluß
908 1860 1900 1947 Leipzig zwei musikalische Einakter von Oskar
1910 1876 2870 1954 (in dem freilich einige Freiheit herrschen soll)
922 1898 1904 1982 Straus ihre Uraufführung und eine einaktige
2536 1907 2865 1964 „Colombine“
1917 1924 2437 1997 schließt das heitere Stück
1120 1941 1902 2005 Tolombine“ desselben Komponisten
1905 1941 2882 2018 ist schon über verschiedene Bühnen gegangen.
922 1967 1063 2016 Oper
920 1973 1900 2062 ihre Leipziger Erstaufführung erleben. Es sei
1904 1987 2877 2056 Diese Oper (bearbeitet von Artur Pserhofer
932 2014 1899 2093 heute kurz der Charakter und der Hand¬
1919 2009 2893 2100 nach Erich Korns Bajazzade) spielt in Monte
931 2056 1894 2129 lungsgang der Novitäten skizziert. Eine Kenn¬
1915 2084 2882 2148 Carlo. Die frivole Colombine nimmt die Huldi¬
923 2097 1900 2168 zeichnung der Mufik bleibe der kritischen Be¬
1916 2109 2880 2189 gungen des reichen Harlekin an. Ihr Gatte
934 2132 1896 2215 sprechung vorbehalten. „Der tapfere Kassian“
1907 2135 2884 2229 Bajazzo, der sie rasend liebt, hat sich ihretwegen
931 2176 1901 2240 Ast ein Singspiel von ernster Stimmung, das in
1913 2188 2892 2270 ruiniert und Geld an der Spielbank verloren, das
925 2215 1902 2292 Fromantischer Zeit vor sich geht. Das Libretto
1925 2221 2897 2291 er vorher stahl. Er hatte alles getan, um ihr
1530 2250 1902 2321 der den Stoff be¬
925 2270 1335 2343 stammt von Artur
1911 2258 2899 2334 Luxusbedürfnis zu befriedigen. Die Schicksale
935 2280 1916 2364 kanntlich schon früfeisch verwendet hat. Der
1926 2304 2898 2371 Bajazzos werden pantomimisch verdeutlicht, dabei
939 2330 1911 2397 leichtlebige Student Martin will abschiednehmend
1930 2344 2904 2414 bildet die Spielhölle den Hintergrund. Zumi
933 2368 1909 2434 sein Liebchen Sophie preisgeben, da er für die
1935 2379 2916 2453 Schluß erschießt sich der Verlorene und mit einen
940 2407 1910 2481 „wildeste Tänzerin der Welt“ entflammt ist; für
1919 2420 2922 2511 Entsetzensschrei stürzt Colombine über den Leichngme
932 2444 1914 2529 Eleonore Lambriani, die einst um Mitternacht
933 2488 1919 2556 nackt und schönheitstrunken zwischen zwei schlacht¬
2307 2507 2940 2605 E
933 2526 1919 2602 bereiten Heeren „dahin geglitten“. Sie ist uner¬
945 2556 1918 2643 sättlich im Genuß, und schwor „in hundert Tagen
936 2604 1919 2688 mit hundert Fürsten sich wohl zu vertragen“
936 2641 1922 2709 Martin, ein leichtsinniger Spieler, betrachtet die
942 2681 1933 2746 Liebschaft mit Sophie als eine Lehrzeit für die
937 2710 1935 2789 Kunst der galanten Abenteuer. Eben als er von
945 2756 1928 2838 der armen kleinen Herzensfreundin sich trennt, kehrt
956 2798 1925 2865 sein Jugendfreund, der tapfere Kassian, heim.
947 2837 1940 2906 Kassian ist ein Mann, der geradezu dämonische!
948 2873 1928 2938 Macht auf die Frauen und „süßen verrückten Jung¬
954 2906 1933 2996 fräulein“ ausübt und die romantischsten Erlebnisse
944 2957 1935 3026 mit immer neuen interessanten Schicksalswendungen
959 2994 1942 3060 fortsetzen will. Durch seine Erzählungen betört er
957 3030 1931 3093 Sophies Herz. Martin erkennt zu spät, was er in
949 3055 1942 3134 dem Mädchen verliert, er fordert Kassians Grimm
950 3115 1945 3183 heraus und stirbt unter dessen Degenstößen. Kassian!
964 3151 1943 3224 macht die unglückliche Sophie für eine Nacht zu
963 3197 1947 3265 seiner Geliebten und zieht auf neue Abenteuer ...
950 3252 1254 3326 zu Leonoren.
999 3248 1947 3331 Die zweite Uraufführung betrifft das Fastnachts¬
963 3294 1948 3384 spiel: „Venus im Grünen“. Der Text stammt
970 3340 1947 3415 von Rudolf Lothar. Der Librettist ist übrigens
977 3387 1949 3464 ebenso wie Straus zur Beobachtung der Proben
973 3426 1955 3495 hier eingetroffen. Schauplatz bildet das Toskana
981 3468 1950 3531 des lebensfrohen achtzehnten Jahrhunderts. Gian¬
969 3499 1955 3562 nino, ein junger Mann aus Syralus, ist als Lieb¬
973 3539 1966 3611 haber sehr schüchern und wird von dem Straßen¬
973 3568 1959 3664 räuber Fierrabras in der Art Mädchen zu erobern
977 3607 1965 3694 unterrichtet. Die schöne Viola, Gianninos Ideal,
978 3654 1961 3733 hat das Verbot ihres Vaters, sich vom Masken¬
977 3695 1969 3781 getriebe fern zu halten, nicht befolgt. Sie und ihre
989 3735 1955 3805 Zofe Giulietta legen Männerkleider an und
985 3778 1968 3842 berauschen sich beim Karneval. Der Räuber
969 3812 1974 3915 Fierrabras und sein Zögling überfallen die beiden!
