3392 4320
1696 229 2182 321 box 22/7
249 230 1569 332 17.2. Der tanfere Cassian
3138 1056 3344 1177 Tein e
537 1096 3007 1191 von Wort und Mimit von allen Mitwirkenden ersordert, leicht unferes Bisnarädentmals, befindet; ein Entwurf zu einem Bie.
3011 1150 3341 1217 in Westpreußen
1786 1150 3016 1215 marckdenkmal, das den Helden ebenfalls als gepanzerte Roland¬
535 1181 1136 1236 zu Störungen führen kann.
3009 1194 3333 1247 waltigen, leider
1790 1194 3006 1266 gestalt, aber sitzend darstellt.: Von den dichterischen Gaben des
637 1204 1779 1272 Diejenigen Leser, die es noch nicht wissen sollten, möchte
3022 1232 3337 1293 abgeschmolzenen
1789 1238 2525 1312 Heftes sei die folgende wiedergegeben:
537 1262 1780 1318 ich daran erinnern, daß München, das in der Geschichte des
3015 1273 3336 1333 Elsenau bei
1969 1291 2671 1361 Im Sachsenwalde da ist ein Grab,
547 1289 1786 1368 Marionettentheaters stets eine ganz hervorragende Rolle ge¬
3016 1316 3349 1370 der Eiszeit nied
1928 1325 2762 1383 Da schläft, der uns Ehre und Größe gab.
551 1346 1781 1398 spielt hat, schon seit genau einem halben Jahrhundert ein
3025 1347 3346 1399 haben hier um
1939 1364 2830 1434 Sein Auge war Sonne auf Deutschlands Pfad.
3018 1386 3342 1444 steinablager
544 1386 1778 1440 ständiges Puppentheater besitzt. Im Jahre 1858 gründete es
1930 1406 2785 1488 Das Wort seines Mundes war siegende Tat,
3022 1429 3357 1484 rillen sind häuf
550 1429 1787 1481 der damalige Aktuar Josef Schmidt, der jetzt über acht¬
1934 1461 2713 1502 Und wenn er auftat den weisen Mund,
3017 1470 3353 1519 Findlingsbl
541 1479 1795 1525 zigjährige jedem Münchner bekannte „Papa Schmidt“ der
1937 1487 2767 1557 Dann rauschte in Bangen das Erdenrund.
3016 1497 3359 1557 einem Drittel a#
545 1505 1785 1563 noch heute als Leiter dieses bei der Kinderwelt sehr beliebten
3025 1539 3355 1593 einer Sprengung
1964 1536 2843 1624 Verklungen die Stimme! Verhallt das Wort!
555 1559 1791 1618 Unternehmens tätig ist. Seit 1885 besitzt Papa Schmidts
3018 1569 3357 1637 Schlochau, in der
1939 1590 2733 1649 Die Eichen die flüstern am heiligen Ort.
550 1585 1793 1668 Marionettentheater sogar einen eigenen massiven Bau, den
3016 1618 3355 1670 hoch aufgetürmte
1933 1634 2748 1692 Die Eichen die ragen wohl tausend Jahr —
552 1651 1792 1706 ihm die Stadt München in dem damals wenig geschätzten,
3024 1657 3342 1718 dreißig Morgen
1935 1672 2701 1731 Nie schauten sie Größe wie diese war!
543 1693 1798 1752 jetzt aber wieder modern gewordenen Biedermeierstil in den
3015 1697 3348 1751 Terrain, das auf
1933 1705 2709 1770 Und wenn sie noch tausend Jahre stehn,
552 1728 1782 1784 Anlagen an der Blumenstraße errichten ließ. Das Repertoir
3018 1735 3348 1795 Erdschicht besteht
1938 1753 2689 1820 Nicht werden sie Größe wie diese sehn!
549 1767 1789 1823 dieses Theaters wird hauptsächlich von Graf Poccis
3019 1772 3352 1826 hängenden Gra
1968 1792 2865 1877 Du Mann, du Weiser, du Führer, du Held,
3022 1811 3343 1864 Stein! Nach Sch
551 1812 1779 1870 lustigen Kasperlkomödien beherrscht, aber auch allerlei andere
3027 1847 3351 1904 mit dem Aufarh
1942 1851 2657 1901 Beneidet hat uns um dich die Welt!
554 1855 1793 1913 Kasperl= und Märchenstücke führt Papa Schmidt gelegentlich
1943 1871 2837 1944 Es braust durch die Eichen wie wilder Orkan —
3023 1894 3338 1947 Jahre zu tun h
552 1896 1785 1958 auf. Sein Schauspielerpersonal angekleideter Figürchen soll
3018 1925 3339 1980 Schlochau—Konitz
1934 1925 2670 1974 Hast wieder den Mund du aufgetan?
552 1934 1791 2002 nach und nach auf weit über 1000 angewachsen sein, was sich
1928 1945 2893 2025 Will keiner vernehmen, was warnend er spricht?
3018 1968 3344 2022 Mächtigkeit im 4
553 1976 1786 2034 eben nur ein Puppendirektor leisten kann, der weder Gagen
1938 2000 2708 2067 Sie hören es nicht — sie hören es nicht!
3016 2002 3352 2057 von den Natur
552 2027 1789 2086 noch Spielhonorar zu zahlen braucht, denn das Sprechen
3020 2037 3341 2101 Landschaftsbilde
1967 2041 2846 2115 Wir blicken hinaus in der Zukunft Grau'n!
551 2060 1791 2124 hinter der Bühne besorgt Papa Schmidt, von einigen Mit¬
3016 2092 3288 2136 Zerstörung du
1930 2102 2831 2148 Erhebe das Haupt mit den finsteren Brau'n,
562 2105 1789 2181 gliedern seiner Familie unterstützt, in der Hauptsache noch
3020 2125 3296 2179 sicher eine über
1937 2138 2740 2186 Erfülle mit Kraft uns, gewaltiger Geist,
548 2155 864 2218 immer selbst.
3018 2160 3265 2215 gabe, möglich
1926 2168 2750 2244 Daß keiner den Bau aus den Fugen reißt,
3016 2198 3352 2253 und festzustellen.
634 2192 1782 2247 Zum Schluß möge hier noch eine kleine als wahr ver¬
1941 2221 2646 2281 Den Bau, getürmt von Meisterhand:
3017 2237 3344 2299 hoffen, denn im
543 2232 1779 2296 bürgte Geschichte wiedergegeben werden, die ein Zeugnis da¬
1926 2259 2668 2320 Das große, das herrliche Vaterland!
3026 2277 3322 2323 seltenere Stücke
545 2273 1790 2331 für ist, wie beliebt zu Poccis Lebzeiten dessen Puppen¬
846 2305 897 2349 11
1935 2300 2952 2373 IPaul Homeyer †.] Man schreibt uns: Am Sonntag
3020 2309 3258 2367 Tagen wurd
545 2315 1790 2394 komödien in München waren: Diese mußten, bevor sie in
3016 2351 3243 2404 beit hervorr
1778 2346 3012 2404 der Meister des Orgelspiels Paul Homeyen der musikalischen
548 2372 1779 2422 das Licht der Papa Schmidtschen Bühnenlamven kamen, wie
3010 2389 3279 2447 Leider werder
1788 2377 3006 2447 Welt durch den Tod entrissen worden. Er stand erst im 54. Lebens¬
551 2409 1787 2465 jedes andere Theaterstück auch der Polizeidirektion zur Zen¬
3013 2430 3337 2487 ster Kultur häu
1782 2409 3007 2480 jahre. In Leipzig, wo er lange einen großen Wirkungskreis
555 2435 1783 2500 sur eingereicht und dort genehmigt werden. Es dauerte dann
3017 2471 3353 2523 oder einem gew
1789 2468 3007 2521 hatte, ist er seinem erhabenen Vorbilde Johann Sebastian Bach
548 2491 1782 2546 immer ungebührlich lange, ehe die Behörde ein eingereichtes
3018 2509 3351 2564 Hinsicht täte die
1784 2516 3017 2560 ins Grab nachgefolgt. In der Musikstadt wird er von vielen be¬
549 2533 1786 2593 neues Stück des Grafen dem Puppenspieler Schmidt mit der
3008 2541 3351 2615 und wissenschaftl
1784 2541 3008 2610 trauert werden, die in ihm den Menschen wie den Künstler ver¬
551 2578 1778 2635 Erlaubnis zur Aufführung zurückgab. Einmal riß dem Ver¬
1785 2576 3019 2636 ehrten. Nicht nur das Konservatorium für Musik verliert in ihm
540 2616 1776 2686 fasser die Geduld und er ging zur Polizei, um eine Beschleu¬
3079 2611 3348 2678 T. [Massen
1788 2616 3016 2674 einen trefflichen Lehrer, sondern auch in dem Konzertsaal wie in
3020 2646 3349 2720 Das massenhaft
1779 2663 3006 2722 der Kirche wird man ihn als großen Organisten schmerzlich ver¬
555 2666 1779 2714 nigung der Zensur zu betreiben. Der diensthabende Beamte
3017 2705 3347 2753 sekten wird meis#
1793 2701 3008 2753 missen. War er doch neben Max Reger ein würdiger Priester
556 2701 1790 2762 aber lachte und sagte mit echt Münchener Gemütlichkeit: „Dös
3019 2744 3350 2797 logische Verbältn
1784 2738 3011 2790 seiner Kunst. Paul Homeyer ging aus einer berühmten Musiker¬
555 2744 1776 2807 geht hat net, Herr Graf, Ihre Stücke sein so schön, daß, wann
3006 2768 3339 2840 in den physiolo
1784 2778 3011 2838 familie hervor; er wurde am 16. Oktober 1853 in Osterode in:
547 2779 1789 2844 an neues eingereicht ist, erst jeder Beamte im Rathaus es
3007 2816 3338 2874 Faktoren, wie N
1781 2812 3006 2865 Harz als der zweitälteste unter drei Brüdern geboren. Sein Valer
555 2822 1788 2886 lesen möcht und eh's da die ganze Reih herum ist. vergeht
3011 2844 3345 2911 zu ziehen. Eine
1781 2843 3014 2904 war daselbst Lehrer und Organist und wirkte später in gleicher
548 2874 1776 2924 schon an kloane Weil.“ Graf Pocci ist nach diesem schönen Be¬
3021 2889 3354 2939 Fälle stellt Juli
1790 2871 3020 2956 Tätigkeit zu Lamspringe. Da Paul Homeyer früh musikalisches
556 2916 1783 2971 weis seiner großen Popularität stillvergnügt abgezogen und
3012 2936 3348 2989 barung“ zusamm
1776 2930 3007 2996 Talent zeigte, entschloß er sich, Musiker zu werden. In Leipzig,
548 2955 1775 3020 hat geduldig gewartet, bis sein Stück bei der Münchene Be¬
3004 2969 3352 3022 nehmen bisweile
1782 2955 3007 3019 als dem Hauptorte des musikalischen Lebens in Deutschland, wurde
543 3006 1453 3066 amtenschaft „die Reih herum" gemacht hat.
3016 2995 3349 3062 geleisen, daß die
1780 3007 3011 3067 er Schüler des Konservatoriums; dort besuchte er auch gleichzeitig
1457 3025 1791 3106 Hans Grube.
3016 3053 3349 3103 Rader in der ##
1781 3036 3011 3105 die Universität. Außerdem genoß er noch den Unterricht seines
3006 3069 3333 3143 lieren und sich d
1781 3089 3005 3148 Onkels I. M. Homeyer, der Organist in Duderstadt war. Fertig
3011 3122 3341 3180 sich derartige R#
1786 3116 3007 3180 ausgebildet, unternahm er später Konzertreisen durch Italien und
881 3139 1467 3230 Kleines Feuilleten.
3012 3166 3336 3218 mit größter Beh
1793 3163 3008 3215 Österreich und wurde dann am Konservatorium der Musik in
3019 3198 3340 3255 wanderten und i
1792 3201 3001 3260 Leipzig als Lehrer des Orgelspiels und der musikalischen Theorie
1181 3202 1719 3291 Hamburg, den 29. Juli.
3018 3239 3345 3298 den und Abertau
1784 3234 3012 3296 angestellt. Daneben unterrichtete er noch privat und war als hoch¬
3019 3278 3350 3332 bei Den Raupen
681 3256 1774 3324 [Bismarcknummer des „Kladderadatsch“.] Bekanntlich hat
1790 3283 3011 3333 geschätzter Organist am Gewandhaus und an verschiedenen Kirchen
3018 3310 3345 3373 den wohl in alle
1783 3316 3001 3365 tätig. Leider war dem unermüdlich Schaffenden kein langes Leben
536 3321 1776 3370 der „Kladderadatsch“ im Leben Bismarcks eine gewisse Rolle ge¬
3016 3338 3342 3404 dingt. Wenn ##
1780 3351 3016 3410 beschieden. Von der Brightschen Nierenkrankheit ergriffen, suchte
556 3354 1775 3406 spielt, die sowohl dem Altreichskanzler wie dem Berliner Witz¬
3005 3392 3347 3451 reichen, setzen sich
1781 3394 3011 3450 er gegen das tückische Leiden anzukämpfen; noch vor wenigen Tagen
559 3398 1777 3448 blatte zur Ehre gereichte. So ist es erklärlich, daß der „Kladde¬
3019 3418 3349 3484 esse ist die Frage
1792 3426 3007 3485 schien eine Besserung eingetreten zu sein, so daß der kranke Künst¬
552 3428 1777 3483 radatsch“ jetzt zum Gedächtnis des vor zehn Jahren heimgegangenen
2264 3462 2313 3493 611
3016 3453 3344 3522 stimmt. Merkw
1783 3461 3013 3524 ler beschloß, zu seiner Kräftigung und Erholung eine Reise nach
548 3468 1788 3520 Reichsgründers eine mit besonderer Sorgfalt hergestellte Bismarck¬
3020 3504 3341 3563 die Raupen ohne
1782 3501 3015 3565 der Schweiz zu unternehmen. Aber dazu kam es nicht mehr. An
554 3520 1790 3577 nummer herausgegeben hat, die wir der Beachtung unserer Leser
3007 3533 3347 3594 zu bewegen. Es
1793 3543 3012 3618 demselben Tage, an dem er die Reise antreten wollte, hat ihn der
555 3555 1782 3614 um so mehr empfehlen können, als sich unter dem reichen Bild¬
2782 3583 3344 3663 E. v. O. vom Ausgangspi
541 3595 2186 3668 schmuck auch ein Beitrag von Hugo Lederer, dem Schöpfer ]Tod plötzlich ereilt.
