3436 4384
293 232 2214 316 17.2. Der tanfere Gassian box 22/7
1749 1203 2947 1274 unter Herrn Willy Bardas brachte die Feinheiten der Kom¬
1746 1261 2925 1302 position prachtvoll zur Geltung, die kleinen Akteure waren ge¬
1747 1291 2947 1347 sanglich vollständig auf der Höhe und die Inszenierung so hübsch,
1746 1328 2941 1387 wie man nur wünschen konnte. Alles in allem ein höchst amüsanter,
1756 1379 2935 1435 auch rein künstlerisch wohlgelungener Abend, dem noch viele ähn¬
1754 1412 2138 1476 liche folgen mögen.
1820 1460 2952 1531 Im „Deutschen Künstler=Theater“ gelangie am Montag, neu
1752 1506 2952 1545 einstudiert, „Moral“, Komödie von Ludwig Thoma, zur Auf¬
1756 1544 2936 1597 führung. Die humorvolle Satire auf korrumpierte sittliche Be¬
1757 1570 2972 1643 griffe gewisser Kreise verfehlte ihre belustigende Wirkung auch
1751 1635 2963 1694 diesmal keineswegs, zumal unter Karl Wallauers Leitung wieder
1752 1660 2949 1710 ein fein abgetöntes Zusammenspiel zustande gekommen war. Die
1745 1700 2951 1756 glänzende Darstellung trug nicht wenig zu dem ungeteilten Er¬
1746 1721 2958 1787 folg bei, an dem fast ausnahmslos alle Vertreter der Hauptrollen
1757 1779 2954 1817 bereiligt waren. Den behäbigen Spießbürger und—verkappten
1757 1817 2933 1881 Sünder, Rentier Beermann brachte Karl Wallauer iden.
1745 1845 2942 1901 Phasen meisterlich heraus. Eine treffliche Leistung bot auch Max
1746 1896 2932 1950 Adalbert als Polizeiassessor Ströbel, bald schneidig, geschmeidig,
1751 1926 2939 1983 dann wieder devot und schmiegsam, wie es der Dichter für diese
1743 1962 2944 2015 fein karikierte Rolle forderte. Die Rolle des diplomatischen Po¬
1747 2003 2941 2062 lizeipräsidenten war bei Heinrich Schroth in sicheren Händen.
1741 2048 2935 2105 Hans Junkerman fand für den Freiherrn von Schmettau den
1742 2087 2940 2134 rechten Ton. In Uebereinstimmung mit vortrefflicher Maske
1745 2125 2940 2173 hielt er sich klug von jeder Uebertreibung frei, zu der diese Rolle
1744 2156 2935 2216 leicht verleiten könnte. Nicht völlig frei von theatralischer Pose
1740 2206 2937 2252 zeigte sich jedoch Hans Sternberg dessen Gymnasiallehrer Wasner
1746 2245 2940 2295 er mit allerlei unnötigem, mimischem Beiwerk darstellte. Von den
1741 2271 2935 2330 Damen zeichnete sich Bertha Monnard als Frau Lund aus;
1747 2317 2942 2376 ganz die seinsinnige, geistreiche überlegene alte Dame, die Welt
637 2321 1073 2408 Ausschnitt aus:
1747 2363 2933 2405 und Menschen kennt und über pharisäerhaftes Phrasentum
654 2324 1712 2468 vonz t. [CHHua greussische Zeitung, Berll
1741 2389 2935 2443 spöttelt. Das heitere Spiel löste immer neue Beifallskund¬
1739 2430 2933 2492 gebungen aus, die sich nach jedem Akt steigerten und Gewähr für
681 2431 1374 2521 gmsherbeise teige dgisch im H##
1742 2475 2925 2529 seine noch immer unverbrauchte Bühnenwirksamkeit leisteten.
610 2495 1725 2564 Im Marionettenthecke Brütichener Künstler von Paul
2727 2504 2896 2581 M. D.
558 2521 1738 2611 Brann gab es zwei Erstaufführungen: zunächst einen eigens
547 2578 1727 2646 für die kleine Puppenbühne verfaßten Einalter von Arthur
549 2626 1726 2685 Schnitzler mit überaus reizvoller Musik von Oskar Strauß. Das
1867 2624 2941 2686 Im Königlichen Opernhause geht morgen
539 2656 1719 2710 harmlos lustige Singspiel, betitelt Der tapfere Kassian“
1730 2656 2937 2720 Mittwoch zum ersten Male Richard Strauß' Oper „Ariadne
1740 2708 2932 2755 auf Naxos“ in der Neubearbeitung des Meisters in Szene.
539 2707 1725 2752 paßt sich in höchst ergötzlicher Weise der etwas drastischen
543 2741 1723 2805 Dramatik an, die nun einmal zum Marionettenspiel gehört, und
1738 2743 2933 2806 Die musikalische Leitung liegt in den Händen des Herrn General¬
1730 2781 2334 2832 musildirektor Blech. Regie:
550 2777 1730 2837 führt in Worten und Musik einen bramarbasierenden, mittel¬
2316 2782 2928 2828 Herr Oberregisseur Droescher.
1741 2814 2947 2869 Szenisch=dekoratwe Einrichtung: Herr Maschinerie=Direktor
551 2815 1728 2875 alterliche Komplimente drechselnden Landsknecht vor, der sporen¬
1735 2851 2941 2895 Brandt, Dekorationen entworfen und ausgeführt von Herrn Pro¬
552 2849 1732 2913 klirrend und säbelrasselnd im Fluge das Herz einer Schönen ge¬
1739 2884 2939 2953 fessor Hans Kautsky, kostümliche Einrichtung: die Herren Maler
538 2886 1733 2951 winnt Nebenbei erledigt er im Zweikampf den unbequemen
1738 2934 2936 2991 Heil und Köhler. Die Besetzung der Erstaufführung ist folgende:
546 2928 1723 2990 Vetter und früheren Freund der Geliebten, nachdem er ihm alles
1733 2953 2948 3024 Ariadne (im Vorspiel: Primadonna): Frau Hafgren=Waag, Zer¬
539 2966 1733 3017 Hab und Gut im Würfelspiel abgenommen. Und er läßt den
1739 3008 2939 3056 binetta: Frau Hansa Najade: Fräulein Herwig, Dryave: Fräu¬
541 3004 1736 3057 Aermsten dann mutterseelenallein, maustot sterben. Das Stück¬
1734 3032 2922 3090 lein Leisner, Echo: Frau Engell, Bacchus (im Vorspiel: Tenor)
542 3047 1727 3110 chen ist sehr wirkungsvoll in Szene gesetzt, die Puppen — nament¬
1736 3069 2937 3148 Herr Kirchner Harlekin: Herr Habich, Scaramnccio: Herr Sommer,
538 3082 1343 3141 lich der tatsächlich sporenklirrende Kassian
1327 3087 1726 3152 — werden glänzend
1735 3115 2933 3177 Truffaldin: Herr Krasa Brigfella: Herr Henke, ferner im Vor¬
528 3116 1729 3173 dirigiert und die musikalische Leitung bot Ausgezeichnetes. Als
1730 3162 2921 3209 spiel: Komponist: Fräulein Artöt de Padilla Musiklehrer: Herr
538 3162 1727 3213 zweite Novität kam dann die einaktige Oper von Gluck „Der
1727 3194 2930 3259 Bronsgeest, Tanzmeister: Herr Bergman, Perückenmaler: Herr
533 3195 1733 3260 betrogene Kadi“ an die Reihe, die anno dazumal ja wohl
1730 3235 2936 3293 Bachmann, Offizier: Herr Funck, Haushofmeister: Herr Sachs,
533 3237 1728 3295 für lebendige Darsteller geschrieben und auch oft genug von
532 3272 2123 3328 solchen gesungen und gespielt worden ist. Der gestrige Abend er= Lakai: Herr Henke.
532 3309 1735 3368 brachte jedoch den Beweis, daß sich diese reizende Nichtigkeit mit
1860 3302 2927 3378 Im Königlichen Schauspielhause gelangt
535 3352 1733 3412 ihrer entzückenden Musik eigentlich nur für die Puppenbühne
1779 3362 2929 3421 rgen „Die Rabensteinerin“ zum 250. Male zur Auf¬
525 3398 2920 3432 eignet, wo die drastische Komik des Werkchens zu höchst origineller 1 zührung. Die Hauptrollen werden dargestellt von den Damen
523 3431 1715 3478 Geltung kommt, namentlich dann, wenn die Wiedergabe so
1707 3436 2937 3486 UAbich von Mayburg und Schluter sowie von den Herren Krauß¬
518 3437 2301 3536 mustergültig ist wie bei Paul Brann. Die musikglische Leitung E neck. Eageling Lafsler 9 7#.
