3436 4384
1687 308 2159 389 box 22/7
249 308 1679 413 17.2. Der tapfere Cassian
1298 849 1937 1058 e
1160 1075 1239 1149 20
1230 1072 1411 1188 7
1500 1141 1603 1249 2
1049 1248 2192 1388 esien. 4
1677 1387 1964 1457 K
1575 1436 2215 1537 61. Jahrgang.
1073 1501 1287 1575 Kunten aran
1448 1491 1713 1589 Sr
1075 1565 2312 1646 heraus. Gäbe es keine Hoftheaterzensur, die der Burg jedg
1069 1630 2324 1715 Neuheit von eigener Art raubt, so brächte uns Berger viel¬
1077 1691 2300 1761 leicht auch Eulenburg, Schmidt=V##. Wedekind, Shaw und
1079 1722 2306 1797 andere. So muß man eben Werte, wie „Medardus“, drei¬
1064 1794 2303 1858 fach zählen, gute Engagements, wie das des Fräuleins Mar¬
1083 1838 2322 1890 berg, doppelt buchen und Stücke, wie „Dorothys Rettung",
1081 1888 2308 1966 als Bringer dankbarer Rollen für die guten Kräfte mit in
1072 1937 1491 1993 den Kaufnehmen.
1328 1956 1715 2028 E
1056 2000 2318 2074 Einen ganz besonders reizvollen Premierenobend hat
1064 2052 2301 2122 wiederum Paul Brauns Marionettentheater der Münchener
1074 2108 2294 2167 Künstler in der „Urania“ veranstaltet. Die niedlichen Fi¬
1080 2153 2304 2206 ggürchen spielten Artur Schnitzlers Puppenspiel „Der
1084 2208 2300 2256 tapfere Cassian“ und hierauf Wolfgang Amadeus
1080 2255 2304 2319 Mozarts einaktiges Singspiel „Bastien und Va¬
1081 2305 2306 2356 stienne“ Schnitzlers Aufzug ist einem seiner anmut= und
1070 2355 2301 2427 geistvollsten Bücher, der (1906 bei S. Fischer in Berlin
1088 2408 2291 2467 erschienenen) Einaktersammlung „Marionetten“ entnommen.
1075 2465 2292 2520 Von den drei Schauspielen, die in diesem Buche vereinigt
1073 2502 2297 2564 sind, sind das erste, die Studie „Der Puppenspieler", und
1076 2557 2293 2615 dus dritte, die Burleske „Zum großen Wuxstel“ nicht rich¬
1076 2614 2296 2672 tige Marionettenspiele, sondern Dramen für die gewöhn¬
1071 2656 2291 2722 liche Schaubühne. Als solche wurden sie auch in Wien sch##
1074 2703 2306 2765 aufgeführt: den „Puppenspieler“ hat 1904 Jarno und 1906
1081 2761 2300 2829 Bassermann verkörpert, und der symbolische Spaß „Zum
1079 2806 2300 2865 großen Wurstel“ ist ebenfalls 1906 im Lustspieltheater zum
1073 2858 2303 2925 unheimlichen Leben erweckt worden. Wenn diese zwei Ein¬
1085 2903 2308 2965 akter in einem Marionettenbuch erscheinen, so ist der Titel
1080 2952 2298 3023 mit einem bei Schnitzler oft wiederkehrenden Gedanken nur
1069 3004 2294 3058 metaphorisch gemeint: wir alle gleichen in unserem Tun
1073 3053 2293 3120 und Leiden so häufig Marionetten, deren Drähte der große
1078 3099 2296 3161 Unsichtbare lentt! Und gerade dem Auge des Dichters
1082 3152 2292 3226 Schnitzler stellt sich das Leben gern als ein seltsames Spiel
1071 3208 2287 3262 dar, dessen Zweck, Verlauf und Ausgang keiner der Mit¬
1062 3250 2296 3300 tuenden kennt oder gar bestimmen kann. Man denke an den
1077 3303 2279 3376 „Grünen iokadu“ oder an die „Letzten Masken“. Im be¬
1079 3354 2272 3414 sonderen „Der Puppenspieler“ ein Dichter, der dem
1070 3403 2283 3471 lieben Gott ins Handwerk pfuscht und sich vermißt, mit
1074 3451 2288 3521 Menschenschicksalen zu spielen; in der Burleske des Wurstel¬
1054 3505 2291 3571 #theaters aber erscheinen auf einer Bühne auf der Bühne Dar¬
1064 3552 2280 3627 steller, die an Drähten zu hängen und Marionetten darzu¬
1063 3608 2274 3657 stellen haben. „Der tapfere Cassian“ ist das erste und ein¬
1068 3660 2285 3721 zige wirkliche Puppenspiel, das Schnitzler bisher geschrieben
1073 3701 2284 3757 hat. Es ist ein entzückendes, ein bezauberndes Spiel. Dieses
1068 3753 2282 3817 freundliche Urteil wird dadurch kaum beeinträchtigt, daß an
1061 3809 2289 3875 gewissen technischen Mängeln zu erkennen ist, daß der Dichter
1064 3859 2280 3919 da auf einem ihm noch neuen Felde gearbeitet hat. Er mutet
1033 3905 2271 3972 nämlich den Püppchen Dinge zu, die ihnen unmöglich sind,
1052 3948 2282 4002 und nutzt anderseits die speziellen komischen Möglichkeiten
1049 3989 2283 4069 der Holz= oder Porzellanpuppe nicht voll aus. Eine Ma¬
1054 4045 2269 4113 tionette kann nicht „betreten", „unruhig“ oder „staunend“
1056 4110 2281 4165 dreinschauen, wie Schnitzler das vorschreibt, sie kann auch
1052 4158 2263 4207 nur sehr schwer einen Dukaten in die Westentasche stecken,
1059 4200 1813 4243 eine Halskrause küssen oder Würfel
1838 4207 2265 4252 ielen. Es taugt auch
