3436 4384
211 264 1635 363 17.2. Der tanfere Cassian
1105 1557 1489 1643 Telephes 12#.
581 1617 1308 1775 „OBSERVER
400 1767 1516 1838 L österr. behördl. konz. Unternehmen für Zeitungs-Aueechalter
596 1811 1337 1893 Wien, I., Concordiaplatz 4.
819 1864 1137 1938 Vertretungen
409 1912 1518 1969 # Berlin. Basel, Budapest, Chicago, Cleveland, Christlante,
432 1962 1516 2028 lenf, Kopenhagen, London, Madrid, Mailand, Minneapolfe
439 2000 1513 2057 ew-Vork, Paris, Rom, San Francisco, Stockholen, St. Petess¬
821 2046 1108 2092 burg. Toronto.
745 2077 1179 2137 Gaslener.s.
426 2139 775 2228 lusschnitt a
781 2155 1464 2256 erliner Morgenpost, Berlin
416 2220 866 2298 vom: 72 1. 1910
567 2350 1281 2442 Münchenee=Künfttermgrionetten.
518 2415 1373 2489 Die Vorstellungen des Münchener Künstler¬
462 2473 1370 2528 Marionetten=Theaters, die gestern abend
472 2509 1372 2571 bei Keller u. Reiner mit einer äußerst lustigen
479 2555 1364 2603 Première einsetzten, sind entschieden eine sehr will¬
466 2602 1371 2663 kommen zu heißende Abwechslung im Spielplan unserer
476 2639 1356 2705 Bühnen, der sonst durchaus noch von Menschen ab¬
475 2678 1361 2747 hängig ist, die nicht immer „künstlerische“ Marionetten
477 2733 1366 2775 sind. Die reizend angezogenen Figürchen (von Prof.
476 2775 1368 2837 Taschner, Prof. Jacob Brade und Prof.
475 2806 1367 2878 Wackerle entworfen und bekleidet) rutschen aller¬
471 2852 1356 2919 liebst stelzbeinig über das zierliche Bühnchen, knicken
469 2909 1360 2969 unerhört drollig in den Gelenken ein, machen die aus¬
467 2948 1354 2996 drucksvollsten Gesten bei absolut ausdruckslosen Ge¬
469 2994 1365 3071 sichtern, was eine unbeschreiblich komische Wirkung hat,
465 3037 1361 3089 werden von kundigen Händen an schwarzen Dräbten
475 3076 1368 3140 geleitet und gute Sprecher hinter den Kulissen,
463 3114 1362 3173 girren und fluchen und weinen und zanken und
465 3163 1365 3219 flöten und singen für sie. Die Münchener brachten
459 3212 1357 3253 ein buntes Programm. Zuerst ein groteskes Puppen¬
460 3252 1361 3313 spiel von Artbur Schnitzler „Der lapfere
456 3290 1355 3358 Cassian“, e uf Lieb und
463 3329 1359 3392 Treu', Zeit: das siebzehnte Jahrhundert, dann eine
455 3375 1358 3432 Alt=Münchener Kasperliade vom Grafen von Pocci
458 3417 1361 3486 „Kasperle als Portraitmaler“, einen derben Atelier¬
458 3465 1353 3532 scherz mit uralten Witzen, aber samos agiert. Zu¬
455 3516 1353 3579 letzt eine ganze italienische Oper aus vormozartischer
462 3566 1348 3623 Zeit „La serva padrona“ von Pergolesi. Frau
464 3610 1351 3666 Sophie Heymann=Engel lieh der kleinen
461 3640 1345 3707 Rokkoko=Primadonna ihre silberhelle Stimme, und
457 3696 1345 3752 Josef Pirchann=München sang den übertölpel¬
448 3725 1340 3796 ten Herrn Doktor, den seine freche Zofe zur Heirat
450 3777 1349 3836 zwingt. Die Püppchen durften sich auf echte Nymphen¬
451 3821 1344 3885 burger Porzellan=Möbelchen setzen, die eigens für die
459 3869 1353 3912 Oper angefertigt waren. Nicht einen Augenblick
449 3917 1345 3968 vermißte man menschliche Darsteller in dem reizen¬
446 3951 1345 4017 den Singspiel, die Münchener Marionetten hatten
453 3996 1353 4050 ganz unwiderstehliche Gesten und natürlich auch hier
453 4040 1044 4088 einen vollen Erfolg. Lustig war's!
1135 4038 1376 4133 E. 5.—
1663 261 2118 352 box 22/7
2542 581 2920 666 Telephen 12#.
2024 716 2732 797 „UBSERTER
1827 778 2944 854 L österr. behördl. konz. Unternehmen für Zeitungs-Ausschalter
2043 841 2773 898 Wien, I., Concordiaplatz 4.
2256 900 2559 964 Vertretungen
1849 935 2952 1001 in Berlin. Basel, Budapest, Chicago, Cleveland, Christiante.
1867 993 2957 1026 lenf, Kopenhagen, London, Madrid, Mailand, Minnespolte.
1885 1033 2952 1082 ew-Vork, Paris, Rom, San Francisco, Stockbole, #. Petess¬
2261 1072 2550 1126 burg. Toronto.
2174 1112 2622 1169 gtalal 1us1.
1869 1168 3056 1300 Insschnitt außerliner Börsen Courier, Berlin
1859 1273 2016 1331 vom
2485 1280 2851 1388 otgenausgabe
2117 1289 2419 1385 B
1904 1443 2912 1525 Das Marionertentheater Münchener Künftl
1913 1508 2959 1562 hat sich, ehe es heute vor die breite Oeffentlichkeit #i#,
1906 1550 2958 1610 gestern abend bei Keller u. Reiner vor eine#
1904 1586 2518 1666 geladenen Publikum aufgetan.
1981 1612 2949 1687 In den alten Berlinern beschwor es Jugens¬
1915 1659 2952 1729 erinnerungen herauf. Erinnerungen an den lustigeß,
1912 1713 2954 1770 gemütlichen Papa Linde, der in den 1870er Jahren
1917 1748 2959 1801 hier und in den Vororten seine Puppen tanzen
1907 1788 2965 1852 ließ. Bei Kreideweiß in Tempelhof, wo man
1914 1835 2952 1881 damals auf Sommerwohnung zog, erschien er
1915 1872 2961 1941 an jedem Freitag. Und hatte er seinen feisten,
1905 1919 2968 1963 behäbigen Schimmel aus dem Wagen gespannt, der die
1916 1951 2960 2001 Künstlerschar, die Requisiten und das Lindesche Ehe¬
1906 2003 2971 2057 paar selbst barg, dann kletterte er auf den breiten
1903 2036 2966 2112 Rücken des geduldigen Vierfüßlers, bewehrte die Rechte
1912 2089 2971 2135 mit einer gewaltigen Glocke und durchzog, unaufhörlich
1908 2118 2971 2174 in bestimmtem Rhythmus klingelnd, die Dorfstraßen.
1904 2165 2963 2210 Die Kinder folgten ihm jubelnd als getreue Trabanten,
1918 2202 2973 2256 die Erwachsenen grüßten ihn schmunzelnd, und von
1920 2247 2747 2296 überallher erscholl der Ruf: „Linde ist da!“
1966 2270 2959 2348 Und kam der Abend, dann hatte Linde regelmäßig
1914 2325 2972 2380 ein ausverkauftes Haus. Ein Haus sogar, in dem
1909 2370 2965 2432 die Großen überwogen. Denn Papa Linde verstand
1913 2410 2939 2470 sich darauf, auch ihnen ein Vergnügen zu bereiten —
1914 2484 2965 2572 ls echter Vertreter des urwüchsigen Berliner Humors.
1897 2541 2939 2609 Wr gab Stücke, wie den „Geschundenen Raubritter“,
1901 2589 2941 2647 #nd er wußte überall an passenden Stellen, das heißt,
1909 2628 2954 2679 wenn der Durst ihn plagte — es kam nicht selten
1899 2665 2950 2724 vor! — seine Puppen den Wunsch nach einem kräftigen
1899 2706 2957 2762 Schluck aussprechen zu lassen. Im Publikum verstand
1901 2741 2945 2807 man ihn: Ein Wink an den Kellner und wenige
1899 2772 2950 2832 Minuten später wurde eine große Weiße auf die
1905 2829 2956 2891 Bühne gereicht. Dann stockte einen Augenblick die
1907 2872 2958 2919 Vorstellung — eine fette, behaarte Hand langte aus
1897 2897 2957 2962 den Soffiten herunter und verschwand auf demselben
1904 2954 2949 3002 Wege und unter allgemeinen „Prost!"=Rufen. Und
1907 2990 2954 3049 man spielte weiter — bis zu dem schaurigen Ende, da
1891 3028 2963 3088 in Gestalt eines Lederlappens die Haut des Raub¬
1902 3077 2475 3135 ritters präsentiert wurde ...
1953 3100 2954 3170 Lindes Puppen waren steif und unschön und
1904 3157 2960 3208 schlossen sich darin den Dekorationen an. Primitiv
2565 3202 2956 3263 es entsprach dem
1891 3196 2500 3252 war alles, ohne Prätention
1898 3239 2955 3283 Charakter des damaligen Berlin mit seinen ein¬
1907 3277 2956 3327 facheren, noch nicht vom Weltstadtdünkel angekränkelten
1909 3325 2960 3374 Sitten. Und den Unterschied zwischen jenen ent¬
1897 3360 2951 3420 schwundenen Tagen und der Jetztzeit machte die
1886 3404 2954 3462 gestrige Aufführung im Münchener Marionetten¬
1887 3435 2497 3492 theater so recht gegenständlich.
1948 3481 2965 3546 Ein Marionettentheater, an dem Künstler von Ruf
1890 3535 2976 3601 und Namen mitgearbeitet haben, in dem jedes Ding
1897 3569 2951 3623 ein Kunstwerkchen von besonderem Reiz und origineller
1901 3610 2957 3660 Prägung ist. Julius Dietz malte den Vorhang, der,
1899 3653 2954 3699 zögernd, ruckweise sich erhebend, den Blick auf die
1898 3697 2959 3746 Bühne freigibt; Prof. Ignatius Taschner, Prof.
1896 3727 2954 3772 Jakob Bradl und Prof. Josef Wackerle schufen
1902 3776 2965 3815 die Puppen, drei Spannen lange Dinger voll köstlichen
1895 3810 2942 3862 Lebens, Individualitäten jede einzelne, so paradox es
1895 3860 2959 3918 klingen mag. Aber es ist doch richtig, denn diese Püpp¬
1900 3912 2953 3954 chen sind ganz und gar charakteristisch durchgebildet —
1897 3938 2952 3994 in den Proportionen des Körpers, in den Handen, vor
1895 3985 2950 4031 allem natürlich in den Gesichtern prägt sich aufs voll¬
1901 4020 2956 4063 kommenste ein fest konturierter Mensch aus. Die reiz¬
1904 4060 2954 4109 vollen, delikat gemachten Prospekte und Kulissen
1909 4096 2946 4148 steuerte Alois Gruber bei, und zierlich geschnitzte
1907 4144 2964 4188 Möbelchen kommen als passende Ergänzung hinzu.
2541 4176 2751 4235 Oaae d
2188 4180 2370 4212 er Rerel.
2828 4183 2934 4220 aters.
