3436 4320
1684 213 2194 313 box 22/7
271 216 1607 331 17.2. Der tanfereCassian
1769 960 1838 1019 44
1095 1051 2527 1128 allen Sozialdemokraten geleistet hat: er war ein Jugend=Bildner in
1084 1111 2518 1156 des Wortes bester Bedeutung. In seinem selbständigen „Arbeiter¬
1086 1155 2516 1231 verein“, den freilich eine engherzige Parteiorganisation am Ende
1091 1209 2525 1268 doch zu erdrosseln wußte, hat Friedrich Bosse Menschen zu Menschen
1088 1264 2518 1318 erzogen: sein Idealismus ging vom Herzen zum Herzen, nicht bloß
1079 1302 2516 1376 vom Munde zum Munde — Bosse erzog der roten Internationale
1079 1348 2522 1428 weniger forsche Agitatoren; er stattete sie vielmehr mit überzeugungs¬
1088 1399 2525 1480 treuen Pionieren aus, die da nicht bloß wagen, nein auch wägen,
1087 1440 2273 1524 wenn ihrer größere Aufgaben im Daseinskampfe harren.
1169 1497 2510 1562 Friedrich Bosse war es auch, der vor noch gar nicht so langer
1088 1538 2520 1618 Zeit mit mir über die „Leipziger Volkszeitung“ sprach. Was er
1084 1603 2516 1667 mir da sagte, behalte ich besser für mich; denn es könnte sonstens
1092 1651 2522 1721 wohl gar geschehen, daß die Lensch und Keimling ihrem verblichenen
1083 1707 2520 1768 Genossen lediglich deshalb ein böses Wort nachreden möchten, weil
1087 1742 2508 1799 es Friedrich Bosse Zeit seines Lebens nimmer über sich gewann, an
1089 1783 2504 1864 jenen Schimpforgien skrupellos mit teilzunehmen, die unter den Volks¬
1084 1846 2516 1901 zeitungsleuten allemal dann gang und gäbe sind, wenn mein Name
1091 1900 2517 1965 wieder einmal besonders eifrig in der Offentlichkeit diskutiert wird.
1687 2011 1912 2099 G 0G
1415 2148 2156 2257 Leipziger Theater.
1613 2247 1965 2343 Neues Theater.
1148 2316 2516 2403 Colombine (Text von Pserhofer); Der tapfere Kassian (Text von
1202 2377 2511 2467 tler): Venus im Grünen (Text von Lothar). Musik zu allem:
1081 2411 1465 2486 Oskar Straus.
1162 2474 2512 2565 Schon in der Überschrift habe ich das Wesentlichste kritisch geäußer::
1076 2509 2497 2604 drei Herren hapen gedichtet (der eine schlecht; der andere leidlich; der dritte
1073 2569 2509 2651 schnoddrig) und Oskar Straus machte etwas Musik dazu. Das ist das
1081 2630 2498 2688 große Geheimnis. Lediglich deswegen gab's vom Stadttheäter aus eine
1072 2675 2511 2736 ungewöhnliche Reklame: eine Erst= und zwei Uraufführungen — noch dazu
1085 2727 2365 2777 alles, Stück für Stück, unter persönlicher Leitung des Komponisten!
1156 2762 2503 2830 Wir hätten also in diesem Fall den reinen Jahrmarkt von Tönen Und
1078 2822 2506 2892 das eben ist das Böse an der Geschichte: wo die Kunst in sich, an sich nichts
1080 2859 2508 2964 fertig bringt, muß der Tamtam herhalten. Vogel=Strauß=Politik. Schnurrig,
1088 2918 2038 2969 wie Namen und Tatsachen hier zusammentreffen.
1148 2968 2501 3039 Also: Herr Pserhofer schrieb anno dazumal (und zwar nach einem tüchtigen
1074 3005 2500 3094 Prunkreißer aus der Feder des Breslauer Rechtsanwalts Dr. Erich Korn)
1074 3057 2511 3148 einen Einakter „Colombine". Schrieb ihn mit Tinte und in schlechten
1073 3099 2517 3174 Versen. Alles auf den Effekt zugeschnitten. Und dasselbige Ganze in lauter
1075 3166 2514 3223 larmoyante Sauce eingebuttert. Herr Oskar Straus aber gedachte auf der
1083 3208 2501 3290 Skala solcher Worte zum — Opernkomponisten zu werden. Als solcher rührte
1079 3262 2514 3350 er dreist und gottesfürchtig des Herrn Pserhofer süßlich=schlierige Tunke noch
1737 3336 1846 3396 1358
