3436 4320
219 162 2137 252 17.2. Der fanfere Cassian bos 22/7
1928 2703 2053 2839 0
1900 2816 2147 2883 der Librett
1895 2865 2184 2923 Imal in der
802 2853 2340 2957 ** Im Nenen Theater zu Leipzig dirigierte am Sonn=Widerspruch zu stoßer
2491 2922 2550 2977 hau
713 2927 2559 3004 abend Osk. Straus drei neue Werke von sich, von denen dem Komponisten wieder die D
709 2958 2622 3048 das erste allerdings nur für Leipzig neu war, die anderen lein Sanden als in Männerkleidung
713 2998 2721 3086 beiden in Leipzig die Uraufführung erlebten. Das erstes und Herr Kase als ursideler Straßenräu
705 3027 2836 3129 dieser Werke, die einaktige Oper „Colombine“ (Textsszenierung hatte sich, was wenigstens das letz
714 3078 3008 3173 von Pserhofer) fand beim Publikum eine geteilte Auf= betrifft, teilweise mit künstlerischer Selbstüberwindt
719 3116 2990 3229 nahme. Das Lied vom Gold und das Lied vom Sekt Oberregisseur Dr. Loewenfeld sehr verdient gemacht.
