3204 4256
539 90 1019 168 neue Lied
1140 86 1525 173 box 2/8
170 93 542 177 18. Das
359 136 1020 208 # em   ARRAA
1044 365 1441 468 Telephon 12801.
883 537 1431 649 AE: SuNum
299 633 1441 697 O l. österr. behördl. konz. Unternehmen für Zeitungs-Ausschnitte
307 659 372 707 60
461 673 1343 784 Wien, I., Concordiaplatz 4.
676 763 1110 830 Vertretungen
314 808 1429 856 O in Berlin, Budapest, Chicago, Christiania, Genf, Kopen¬
278 852 1427 923 hägen, London, Madrid, Mailand, Minneapolis, New-Vork,
381 896 1387 950 Paris, Rom, San Francisco, Stockholm, St. Petersburg.
881 936 952 983 o
671 932 1416 1026 Neues Wierer Journal
288 963 762 1052 4 Ausschnitt aus:
291 1009 366 1090 8
674 1021 951 1121 17.0K1. 1907
275 1082 520 1145 E vom:
160 1103 448 1177 möner Su
265 1133 1418 1220 (Rezitationsabend Artur Schnitzler.) Der Verein
149 1202 1407 1262 („Freie Volksbühne“ der sich zur Aufgabe gemacht hat,
145 1257 1401 1309 in die breiten Massen des Volkes Verständnis für die
148 1294 1405 1361 Schöpfungen unserer Größen der Literatur zu bringen, sucht diesen
149 1356 1417 1420 Zweck nicht nur durch Veranstaltung von guten Theateraufführungen
145 1398 1410 1462 zu erreichen, auch „Dichterabende“ gehören in sein Programm. Im
152 1455 1400 1507 Verbandsheim in Mariahilf sand gestern die erste dieser Veran¬
147 1481 1427 1563 staltungen in der neuen Saison statt. Tausende füllten den Saal
153 1542 1403 1592 und lauschten den Worten Artur Schnitzlers, der aus seinen
145 1601 1405 1660 Dichtungen rezitierte. Der Dichter hatte sich zwei seiner besten
144 1639 1413 1710 Werke auf dem Gebiete der Novellistik, jenem Gebiete, auf dem
165 1692 1406 1746 #r bereits Unvergleichliches geschaffen hat, zum Vortrage aus¬
169 1725 1409 1798 jewählt: „Das neue Lied" und „Leutnant Gustl“, Gewiß ist
165 1780 1410 1833 Schnitzler nicht der beste Rezitator seiner Werke. Ihm fehlt das
169 1833 1421 1907 helle Organ und die lebendige Gestaltungskraft, die man gemein¬
160 1854 1420 1956 Hin vom Rezitator verlangt, und dennoch wußte er das lautlos
166 1934 1431 1993 zuhörende Auditorium tief in seinen Bann zu ziehen, am meisten
168 1964 1430 2030 vohl mit seinem „Leutnant Gustl“, jenem Meisterstück feinster
158 2023 1423 2089 Erzählungskunst. Reicher Beifall wurde dem Vortragenden zuteil,
173 2076 1209 2158 in Avplaus der wohl voll und ganz dem Dichter gal
1209 2076 1443 2180 S
995 2260 1377 2356 Telephon 12801.
668 2448 746 2505 N
246 2447 334 2514 8
746 2427 1377 2532 DerSEm
340 2452 681 2547 MML
279 2507 337 2552 8
246 2510 294 2559 a
266 2521 1391 2590 □ l. österr. behördl. konz. Unternehmen für Zeitungs-Ausschnitte
256 2582 327 2628 6
399 2576 1291 2659 Wien, I., Concordiaplatz 4.
241 2659 348 2729 2
639 2654 1075 2729 Vertretungen
313 2700 1379 2768 in Berlin, Budapest, Chicago, Christiania, Genf, Kopen¬
242 2751 1381 2828 hagen, London, Madrid, Mailand, Minneapolis, New-Vork,
347 2790 1348 2868 Paris, Rom, San Francisco, Stockholm, St. Petersburg.
661 2838 1058 2881 (Quellenangabe ohne Gewähr.)
262 2847 1388 2957 5 Ausschnitt daues Wiener Tagblatt
449 2961 737 3042 170KT1007
253 2962 1345 3105 # vorer (Arthur Schnitler in der „Freien Volls¬
324 3054 747 3153 bühne“.) De
773 3079 1351 3151 sbühne“ veranstaltete
321 3120 1362 3197 gestern ihren ersten Dichterabend. Mit diesen Abenden will
305 3177 1359 3247 die „Volksbühne", wie der Vorützende Herr Stephan
306 3223 1352 3288 [Großmann sag'e, Anregung bieten für eine Beschäftigung
318 3267 1348 3334 mit unseren Geistesheroen. Eine Festitunde im Tage soll
328 3321 1347 3386 sich der Mensch bereiten, wo er aus dem Alltag des Lebens
326 3365 1353 3433 hinaussieht in schönere und hellere Sphären. Das Program,m
313 3418 1345 3471 des Eröffnungsabends war ein gut gewähltes: Arthur
321 3458 1344 3524 Schnitzler las eigene Dichtungen. Er begann mit einer
313 3496 1345 3576 Novelle „Das neue Lied“. Schnitzler spricht äußerst natürlich,
313 3558 1338 3625 ruhig und läßt die Worte durch sich selbst wirken. Nur
309 3611 1344 3670 menig wärmer gehalten wird sein Vortrag, wenn er von
311 3648 1347 3707 der „Blinden Marie“ spricht. Dann kam er mit seinem
320 3697 1342 3756 „Lieutenant Gustl“. Schnitzler interpretierte in markanter
308 3732 1344 3818 Weise die Gestalt, die er geschaffen und jand für das, was
301 3793 1337 3862 Lientenant Gustl in den schweren Stunden zu sich spricht,
305 3838 1346 3902 den richtigen Ausdruck. Schnitzler erzielte mit dem Vortrage
300 3862 1342 3958 seiner Novelle eine große Wirlung. Der Vortragssaal im
293 3918 1295 4010 Verbandsheim war bis auf das letzte Plätzchen gefüllt.
2602 258 2988 346 Telephon 12801.
1839 428 2384 531 S MiMMKTen
2382 431 2975 527 ITRSHn
1863 523 2994 575 O l. österr. behördl. konz. Unternehmen für Zeitungs-Ausschnitte
1863 565 1937 612 60
2013 579 2889 660 Wien, I., Concordiaplatz 4.
1826 637 1939 704 2
2244 640 2679 717 Vertretungen
1877 695 2982 781 0 in Berlin, Budapest, Chicago, Christiania, Genf, Kopen¬
1839 747 2994 804 hagen, London, Madrid, Mailand, Minneapolis, New-Vork,
1947 786 2960 832 Paris, Rom, San Francisco, Stockholm, St. Petersburg.
2258 824 2642 888 (Quellenangabe ohne Gewahr.)
1873 867 2134 960 5 Ausschp
2128 846 3059 960 Me Wiener Ertrahle#t, Wien¬
1851 871 1895 924 „
2314 935 2541 1006 7 10.1907
1837 942 1924 990 530
1841 979 2069 1040 E vom:
1898 1087 2075 1141 .
2034 1077 2921 1165 (Schvitzler=Vorlesung.) Gestern fand Amn
1911 1144 2922 1214 Saa### Verbandsheims der erste Dichtergbend
1911 1186 2921 1261 der „Freien Volksbühne“ statt. Arthur Schnitzler
1916 1248 2928 1302 las seine Novelle „Das neue Lied“ und den
1924 1273 2925 1342 „Lientenant Gustl“. Namentlich der Letztere verfehlte
1925 1318 2925 1395 seine Wirkung nicht. Der Autor hatte starken Applaus.
1924 1361 2932 1433 Das Parterre und die beiden Galerien des großen
1911 1404 2914 1497 Saales waren bis auf das letzte Plätzchen besetzt. *
2501 1720 2902 1814 Telephon 12801.
2134 1732 2244 1814 —
1737 1887 2879 1981 P Mmne Weunm
1749 1972 2892 2028 O l. österr. behördl. konz. Unternehmen für Zeitungs-Ausschnitte
1757 2020 1813 2068 60
1913 2020 2815 2121 Wien, I., Concordiaplatz 4.
2125 2096 2678 2169 Vertretungen
1753 2157 2891 2202 □ in Berlin, Budapest, Chicago, Christiania, Genf, Kopen¬
1733 2198 2895 2265 hagen, London, Madrid, Mailand, Minneapolis, New-Vork,
1846 2239 2856 2289 Paris, Rom, San Francisco, Stockholm, St. Petersburg.
2153 2279 2540 2330 (Quellenangabe ohne Gewähr.)
1744 2317 2223 2409 Ausschnitt aus:
1732 2390 1831 2442 555
2121 2378 2967 2468 Neue Freie Presse, Wien
1737 2435 1952 2501 E vom:
2419 2452 2721 2540 17 10. 1907
1885 2576 2967 2688 [Schnihler=Vorlesung.] An dem ersten Dichter¬
1801 2636 2965 2720 abend, den die „Freie Volksbühne“ heute veranstaltete, er¬
1799 2683 2969 2749 schien Arthur Schnitzler als Vorleser eigener Werke.
1810 2726 2957 2793 Aus der Reihe seiner, oft die kompliziertesten Probleme in
1796 2760 2975 2837 höchst subtiler Weise behandelnden Arbeiten hatte sich der
1798 2805 2962 2877 Dichter, wohl um dem Zuhörerkreise entgegenzukommen, zwei
1800 2864 2950 2920 der am leichtesten faßlichen und eindruckvollsten Novellen ge¬
1801 2894 2943 2960 wählt. Den Lesern dieses Blattes sind beide noch in deut¬
1793 2940 2948 2984 licher Erinnerung. „Das weiße Lied“, diese mit vieler Anmut
1793 2980 2944 3042 und Zartheit aus dem Wiener Volkssängermilieu geholte
1791 3015 2943 3092 eigenartige Liebesgeschichte, ist vielleicht zu fein und stellen¬
1790 3064 2943 3132 weise von allzu tief bohrender Psychologie, um im Vortrags¬
1792 3106 2948 3177 saale zu der Wirkung zu gelangen, die ihren dichterischen
1794 3139 2124 3204 Werte gebührt.
2212 3154 2947 3209 o kräftigeren Eindruck machte dafür
1791 3201 2941 3259 „Lieutenant Gustl“, dem ja ein gewisser polemisch=satirischet
1791 3229 2949 3304 Ruf nicht ganz mit Recht vorausgeht. Dadurch schienen auch
1791 3273 2941 3329 die Zuhörer von Anfang an irregeführt zu sein, und darum
1796 3317 2942 3370 hielten sie sich hauptsächlich an den Humor und die Satire
1784 3359 2944 3416 dieser Geschichte, ohne ganz zu erfahren, daß dies nur ein
1799 3400 2745 3456 scheinbarer Humor, eine scheinbare Satire ist,
2746 3403 2935 3477 daß sich
1791 3440 2933 3511 darunter eine ganz bitterernste Lieutenantstragödie verbirgt,
1789 3483 2862 3557 ein eingeengter uniformierter Seelenkampf, der sich selbst
1787 3529 2937 3590 den herbsten und schwersten Augenblicken nur in einer so
1785 3575 2935 3637 sidelen und schneidigen Weise Luft zu machen vermag.
1794 3622 2935 3685 Schnitzler hat eine sehr vornehme und diskrete Art, vorzu¬
1783 3648 2936 3721 lesen, vielmehr, er liest gar nicht vor, sondern er liest, als
1786 3688 2941 3767 ob er sich allein oder vor ein paar vertrauten Freunden be¬
1789 3732 2925 3809 fände. Es waren aber wohl nahezu achthundert Personen, die
1783 3783 2937 3867 den Saal füllten, den Dichter bei seinem Erscheinen herzlich
1771 3810 2946 3899 begrüßten und ihm mit starkem, begeistertem Beifall dankten.
1810 3861 2205 3921 i„
