3296 4256
397 91 1028 167 Das neue Lied
1168 94 1566 180 box 2/8
206 97 1040 210 18 B  ne enene en e.
602 565 1059 638 Ausschnitt aus:
1063 551 1740 698 Mährisches Tagbiall, Gni
612 638 1121 735 vom: 14991191.
791 783 1675 836 (Arthur Schnitzker)erschien am vergan¬
693 824 1665 893 genen Samstag am Podium des deutschen
697 881 1665 942 Kasino=Saales, um im Rahmen des jüdisch¬
704 929 1666 994 literarischen Vereines eine Auslese aus seinen
691 959 1538 1054 Werken persönlich vorzulesen. Der Saal
1546 982 1669 1060 war
699 1028 1586 1082 bis auf das letzte Plätzchen ausverkauft,
697 1073 1667 1145 eine bemerkenswerte Erscheinung, da außer
690 1127 1648 1199 einer flüchtigen Voranzeige fast gar kein Hin¬
1559 1190 1659 1248 ge¬
704 1181 1550 1238 weis auf diesen Abend durch die Presse
703 1230 1659 1301 schah. Arthur Schnitzler hat allerorten seine
699 1290 1658 1349 Gemeinde. Er las zuerst die tief ergreifende
697 1324 1647 1393 Novellette „Das neue Lied“, dann die
702 1380 1655 1441 prachtvolle Episode des 3. Kapitels aus dem
686 1427 1661 1485 „Weg ins Freie" und dann „Die
688 1482 1649 1526 letzten Masken“ aus dem Einakter¬
674 1521 1656 1588 Zyklus „Lebendige Stunden“. Erin¬
688 1578 1654 1641 nern wir uns noch einmal an diese tief er¬
686 1639 1659 1699 greifende Szene, in der uns der ideale Realist
682 1665 1649 1733 in ein Gemach des Wiener allgemeinen Kran¬
679 1719 1654 1801 kenhauses führt. Ein Journalistenleben will
674 1789 1661 1849 dort gerade zu Ende gehen. Der Journalist
685 1825 1655 1904 Rademacher hat viele Jahre anderen Leuten
680 1889 1657 1955 gedient, den Ruhm anderer Leute verkündigt,
673 1939 1653 2005 die Überzeugung anderer Leute verfochten.
669 1986 1657 2051 Journalistenlos. Nun liegt er sterbend im
677 2036 1649 2083 Spitale, wie — Christus am Kreuze, dem die
677 2078 1651 2157 schadenfrohe Menge cynisch zurief: „Anderen
680 2136 1653 2207 hat er geholfen, sich selben kann er nicht helfen
697 2190 1646 2240 .. Da packt ihn der durch Jahre niederge¬
668 2237 1641 2300 haltene Grimm, der Eckel vor einem Berufe,
666 2275 1649 2357 der ihn zwang, Dinge zu vertreten, an die er
673 2321 1646 2407 selbst nicht glaubte. Kümmerlich und seines
669 2391 1642 2454 ganzen Wesens unwürdig war sein ganzes
663 2426 1387 2501 Leben gewesen. Andere stiegen auf,
1453 2440 1638 2506 Glücks¬
666 2483 1640 2558 kinder, Streber, Glaubens= und Überzeugungs¬
657 2526 1633 2593 lose. Er wanderte immer in den Niederungen
652 2567 1634 2664 des Lebens. Die ganze Verbitterung der Jahre
663 2624 1635 2707 bäumt sich in ihm auf, morgen ist er tot, er
662 2676 1624 2765 weiß es, heute will er sich rächen wegen seines
664 2746 1626 2801 verlorenen Lebens. Morgen ist er tot, — es
657 2778 1631 2857 graut keine Stunde mehr, in der er sich dieses
662 2837 1625 2914 Racheaktes zu schämen brauchte. Dem Schrift¬
654 2891 1622 2960 steller Weihgast, seinem Freunde, will er den
653 2934 1622 2998 Vorwurf eines mühseligen, zertretenen Lebens
651 2975 1616 3059 ins Gesicht schleudern. Er will ihm sagen, wie
652 3048 1624 3115 nichtig der Ruhm ist, den sich jener erstrebt und
651 3091 1608 3166 erschlichen hat, — eine papierene Welt günsti¬
1359 3149 1574 3221 Serrag
655 3145 1635 3268 ger Rezensionen, durch die er „gemacht“ wurde.
656 3200 1615 3316 Aber noch mehr! Er will ihm sagen, wie
653 3233 1605 3373 nchelich er gewefen, er, der grseierte Schrit.
643 3277 1607 3423 keer, desen gelebtes Weid die — Geliche
640 3342 1595 3470 des armen Journalisten gewesen ist, der nun
632 3390 1600 3522 verlassen sterben soll im Spitale. Ja, das alles
634 3429 1544 3563 wil er ihm sagen. — Lächerlichkeit wiet!.
630 3486 1586 3605 Und Weihgast kommt, und Rademacher —
622 3535 1599 3670 schweigt... Nichts von alledem, was er
606 3586 1613 3736 ihn sagen und in einer, mit einem kranten
1956 1797 2910 1901 konnen und das Bestreben haben werde, in
1946 1891 2912 1940 nationaler, konse, neller und auch nach jeder
1946 1926 2904 2004 underen Beziehung fliedlich mit der hiesigen
1949 1983 2907 2045 Bevölkerung zu leben. Der Kommandunt des
1942 2032 2909 2098 Ergänzungs = Bezirks.= Veteranen = Verban¬
1940 2092 2899 2156 des 54 begrüßte hierauf die Truppe, worauf
1938 2128 2905 2208 der Kommandant des Halb=Regimentes kurz
1942 2196 2891 2258 erwiderte. Vor dem Bahnhofe waren die hie¬
1938 2236 2912 2294 igen Truppenkommandanten zu Pferde zum
1932 2299 2899 2357 Empfange versammelt. Mit klingendem Spiele
1935 2347 2894 2391 narschierten hierauf die Heimgekehrten, beju¬
1940 2395 2908 2458 helt von der Volksmenge, bis zum Franz
1936 2438 2894 2510 Josefsplatze, der von Menschen dicht gedrängt
1932 2496 2895 2549 gefüllt war. Die Straßen, die das Militär
1940 2549 2896 2616 urchmarschierte, trugen stellenweise Fahnen¬
1946 2599 2909 2648 chmuck. Nach dem Gebete erfolgte die Über¬
1947 2651 2903 2721 abe der Fahne, worauf die Abteilungen in
1940 2688 2899 2768 hre Übikationen einrückten. Trotz der großen
1948 2756 2895 2815 Nenschenansammlung und des fürchterlichen
1945 2797 2907 2863 bedränges, das am Franz Josefsplatze
1944 2856 2886 2931 errschte, ereignete sich kein Unfall. Die Poli¬
