3392 4352
1958 84 2292 163 — —
1493 164 1927 249 box 36/1
1114 169 1310 237 ints
225 170 1326 274 Panphlets OfTDT
2242 1151 2348 1215 357
1625 1152 1832 1217 Dichtung.
1093 1251 2335 1312 blick, als wollte er das fernste Ziel, die Herrschaft eines idea¬
397 1283 632 1349 des und be¬
1090 1329 2353 1380 listischen, von einer bestimmten Weltanschauung regierten Dramas
476 1343 548 1399 rt.
1102 1389 2347 1442 auf einmal erreichen. Damals erschienen von ihm unter dem
477 1394 650 1456 nit der
1097 1430 2360 1492 gemeinsamen Titel „Morituri“ drei Einakter: ein geschichtliches
476 1451 651 1517 er nicht
1099 1498 2344 1554 Stück, „Teja“, in der gehaltvollen Prosa des älteren Historien¬
510 1508 652 1568 onflikt
1098 1552 2354 1607 stils, ein Stück aus der Gegenwart, „Fritzchen“, unter vollendeter
506 1565 642 1630 darin
1105 1605 2359 1666 Anwendung des Impressionismus, und ein Märchenspiel, „Das
1106 1649 2359 1726 Ewig=Männliche“, in prächtig bunten, oft prickelnden Versen:
1098 1735 2355 1781 Arbeiten also recht verschiedener äußerer Formgebung. Aber sie
1104 1766 2354 1819 trafen sich in derselben Idee. In allen drei Fällen handelt es
1104 1819 2361 1888 sich ums Sterbenmussen, um das Fatum des Todes, das alle
1100 1892 2354 1947 gleichmäßig antritt und doch so ungleichartig, indem es den
1100 1945 2355 1999 besonderen Umständen der Lebensführung auch einen besonderen
1095 2000 2358 2054 Charakter entnimmt. Aber hat nun der Dichter diese Idee
1095 2046 2359 2097 irgendwie vertieft? Hat er einen augenscheinlichen inneren
1099 2118 2354 2165 Zusammenhang zwischen den drei abweichenden Arten des
1099 2175 2359 2230 tödlichen Geschickes in den drei Stücken hergestellt? Läßt sich
1110 2225 2356 2283 dem dreigeteilten Ganzen etwa gar eine völlig klare, sie ver¬
1104 2272 2349 2332 bindende höhere Auffassung, der Kern einer Weltanschauung
1100 2337 2371 2389 entnehmen? Schwerlich. Es scheint ein mißlungener Versuch
1105 2391 2176 2452 zu sein; es ist eine nur äußerliche Zusammenfassung.
1202 2435 2356 2502 Dagegen ist vom „Glück im Winkel“ an, das auch im
1109 2502 2359 2560 Jahre 1896 erschien, kein Zweifel mehr darüber, daß sich
1114 2551 2363 2614 Sudermann wenigstens immer mehr der Charakterschilderung
1110 2613 2362 2683 zuwendet, und zwar in zunehmend stärkerer Intensivierung
1114 2667 2366 2730 gegenüber dem, was unsere dramatische Kunst vor der Zeit
1107 2737 2362 2789 des Impressionismus leistete. Schon die Hauptpersonen des
1115 2789 2358 2842 „Glücks im Winkel“ erbringen den Beweis, noch mehr der
1103 2835 2369 2899 Titelheld und die drei Personen der Herodesfamilie im
1108 2884 2364 2958 „Johannes". Freilich ist dabei die Sprache wenigstens im
1111 2953 2361 3008 „Johannes“ noch unbeholfen; und oft sind Dutzende gegen¬
1121 3000 2361 3067 seitiger Beziehungen der Handelnden in so wenige Worte
1106 3061 2363 3120 hineingeklügelt, daß es überaus schwer, wenn nicht unmöglich
1116 3126 2367 3178 wird, allen Absichten des Dichters in der kurzen Frist zu
569 3144 638 3196 dem
1117 3170 2363 3232 folgen, die während des Verlaufes der Handlung auf der
1114 3220 2378 3299 Bühne gegeben ist. Das Zusammendrängen und Verwickeln,
509 3255 663 3327 Augen¬
