3344 4320
100 307 1282 413 1. Panphlets, offprints
207 1328 415 1404 Dichtung.
95 1433 947 1522 rpern. Dem entspricht denn auch sein
105 1497 939 1569 nd seine weiche, fast weibliche Art, zu ganz
103 1556 939 1626 huenzen einer bestimmten Weltanschauung,
101 1611 941 1678 hien Stellung zu nehmen. Das erscheint
106 1667 944 1739 ntümlicher, als in ihm von Jugend auf
108 1731 945 1815 Zug wahrnehmbar ist, wenn dieser Zug
104 1781 951 1865 ls zu positivem Christentum verdichtet hat.
103 1833 948 1912 ersten Augenblick noch verwunderlicher, wenn
100 1892 947 1977 der ihn in entscheidenden Jahren (1885 ff.)
112 1949 951 2022 hören, er habe vor allem einen starken
101 2003 948 2074 ggehabt. Freilich: spricht v. Hanstein dann
108 2065 941 2135 spessimismus, so ist die Erklärung gegeben.
126 2114 952 2186 edle, sittliche Resignation, die Hauptmann
130 2172 937 2243 treten gelegentlich neben ihr leise opti¬
122 2241 945 2311 so z. B. in dem prächtigen Lied der Eisen¬
130 2289 948 2354 in den minder bekannten Worten, mit
100 2356 946 2415 Das bunte Buch“ eine Gedichtsammlung
109 2403 923 2467 röffnen wollte (Schlenther, Hauptmann?
116 2453 949 2528 eWindesharfe sei deine Seele, Dichter!
102 2511 949 2588 ewege sie. Und ewig müssen die Saiten
102 2579 955 2643 des Weltwehs; denn das Weltwey ist die
120 2627 953 2701 sehnsucht. Also steht deiner Lieder Wurzel
125 2679 966 2748 der Erde; doch ihren Scheitel krönet
136 2737 958 2809 solche leifeste Hoffnungen einer kommenden
104 2810 961 2863 krübergehende Stimmungen, und keineswegs
105 2851 955 2920 iftiger Optimismus hervorgewachsen. Denn
132 2922 958 2975 dem Drama „Michael Kramer“ (1900),
126 2962 949 3031 Titelhelden — ich zweifle nicht, als Aus¬
111 3024 962 3091 zeugung — Worte klagender Resignation
132 3084 966 3154 sollen wir landen, wo treiben wir hin?
132 3131 969 3197 manchmal ins Ungewisse? Wir Kleinen,
110 3192 965 3258 issen? Als wenn wir wüßten, wohin es
110 3245 966 3334 shen Festen ist es nichts! — Der Himmel
118 3299 968 3372 nicht! Das ist es nicht, und jen's ist
120 3364 964 3428 .... (mit gen Himmel erhobenen Händen)
119 3410 985 3490 ein am Ende???“ Gewiß, der Mann, der
2033 224 2225 311 —
1436 301 1890 388 box 36/1
2432 1349 2560 1439 373
1819 1357 2025 1425 Dichtung.
1298 1457 2554 1534 verzweiflungsvoll oder mindestens entsagend in diese Worte
1310 1537 2550 1598 ausbricht, ist ein Mann härtesten eigenen Pflichtbewußtseins,
1304 1589 2555 1641 und er will erziehlich wirken an seinem Sohne im Banne seines
1306 1650 2545 1707 Pflichtbewußtseins, — aber doch, was ihn am tiefsten kenn¬
1307 1686 2556 1764 zeichnet, das ist eine große Unklarheit des Denkens und der
1303 1743 2548 1827 Empfindung in den höchsten Fragen des Daseins und dem¬
1299 1800 2560 1882 gemäß, da er ein ernster Mann ist, eine große Sehnsucht nach
1298 1861 2565 1935 Ruhe im Glauben und nach einer festen Zuversicht, die er
1304 1916 2012 1983 noch keineswegs sein eigen nennt.
1394 1979 2542 2041 Hauptmann mag im Wesen Kramers die tiefsten Be¬
1311 2026 2547 2088 dürfnisse unserer Zeit widergespiegelt und verkörpert haben:
1304 2086 2567 2140 den Weg zum vollen idealistischen Drama hat er bisher, trotz
1306 2160 2557 2210 aller Ansätze zu einer Weltanschauung in seinen Dramen,
1312 2202 1743 2273 noch nicht gefunden.
1406 2259 2568 2319 Viel näher kam bisher Sudermann diesem Ziele. Ja
1316 2314 2557 2377 darauf, daß er von vornherein sittlich klarer stand, beruht, wie
1300 2368 2564 2418 bereits einmal angedeutet, eigentlich schon sein Charakter als
1307 2430 2549 2489 Übergangsdramatiker: er hat sich an den Impressionismus nie¬
1315 2488 2550 2549 mals verloren, wohl aber sich ihm um so mehr langsam hin¬
1311 2528 2561 2595 gegeben, je mehr dieser sich reinigen und mit idealistischen
1315 2585 2559 2650 Elementen verbinden ließ. Sudermanns Glaubensbekenntnis
1318 2643 2563 2705 steht am deutlichsten am Schlusse des „Katzenstegs“ verzeichnet
1304 2714 2560 2765 und hat sich seit dieser Aufzeichnung wohl nur in Neben¬
1317 2760 2559 2833 punkten verändert. Wir finden da Boleslaw bei der Leiche
1320 2831 2561 2879 Reginens, so wie wir Michael Kramer soeben vor der Leiche
1317 2873 2574 2934 seines Sohnes haben philosophieren hören. „Und wie er
1322 2921 2563 2984 dachte und sann, ward ihm zu Mute, als ob die Nebel sich
1310 2999 2555 3045 lichteten, welche den Boden des menschlichen Seins vom mensch¬
1303 3053 2569 3109 lichen Bewußtsein trennen, und er sähe eine Strecke tiefer, als
1305 3107 2567 3165 der Mensch sonst pflegt, in den Abgrund des Unbewußten
1319 3164 2566 3223 hinein. Das, was man das Gute und das Böse nennt, wogte
1320 3209 2559 3271 haltlos in den Nebeln der Oberfläche umher; drunten ruhte in
1312 3261 2557 3330 träumender Kraft das — Natürliche. Wen die Natur be¬
1315 3321 2575 3383 gnadet hat, sprach er zu sich, den läßt sie sicher in ihren
1311 3370 2566 3442 dunklen Tiefen wurzeln und duldet, daß er dreist zum Licht
1321 3430 2581 3513 emporstrebe, ohne daß die Nebel der Weisheit und des Wahnes
2771 4137 2867 4233 g
