3392 4352
1497 264 1963 351 box 36//1
172 267 1342 388 1. Panphlets, Offprints
1491 1209 1689 1275 Dichtung.
2090 1196 2214 1305 321
964 1318 2203 1394 Schauplatz von Personen, die, Figuren einer bestimmten Hand¬
956 1369 2207 1450 lung, diese Handlung noch zum großen Teile selbst erzählen;
958 1442 2211 1500 es giebt Stoffe, die Hans Sachs sowohl in der Form der Er¬
954 1497 2220 1560 zählung wie in der des Schauspiels behandelt hat, und der
961 1539 2212 1599 Unterschied zwischen beiden Arten der Behandlung erweist sich
961 1596 2212 1675 dabei noch nicht als allzugroß. Auch das Drama Shakespeares
962 1659 2227 1712 trägt den Zusammenhang mit der Erzählung noch deutlich an
952 1719 2217 1778 der Stirn geschrieben; und auch die Bühne des Globetheaters
955 1768 2222 1821 war noch nichts als ein Schauplatz für Personen, die in einer
947 1823 2222 1880 bestimmten Kombination eine Geschichte von sich erzählten. Aber
954 1885 2209 1947 selbst das deutsche Drama des Klassizismus von dem der
959 1930 2208 2008 Romantik nicht zu reden, hatte noch nicht die volle Illusion
943 1996 2216 2052 der Wirklichkeit zum Ziele, wie wir sie heute begreifen: denn
952 2056 2205 2120 noch waren starke Reste des alten Erzählungscharakters übrig
945 2107 2211 2168 geblieben: die Einzelpersonen setzten vor den Mithandelnden
944 2162 2213 2238 zum Nutzen eines leichteren Verständnisses der Zuschauer das
953 2205 2197 2286 Wesen ihrer Charaktere auseinander; sie teilten in Monologen Ge¬
956 2267 2204 2341 heimnisse ihrer Seele mit, deren Tiefen sie in der Wirklichkeit
949 2330 2202 2391 sogar im Selbstgespräch niemals erschlossen haben würden; sie
951 2388 2209 2459 machten ihren Gefühlen in beiseite gesprochenen Worten Luft,
949 2437 2205 2505 deren Gebrauch sie im Ernstfall weislich unterlassen haben würden:
943 2498 2208 2546 kurz, sie zeigten eine den Erzähler charakterisierende, eine epische
945 2550 2212 2610 Redseligkeit, die in schreiendem Widerspruch stand mit der seelischen
949 2611 2204 2678 Disposition die für sie in gewissen Momenten anzunehmen
936 2668 2196 2723 war. Und nicht anders benahmen sich die Personen im Dialog.
945 2732 2201 2793 Sie erzählten sich zu Gunsten des zuhörenden Publikums Dinge,
943 2770 2200 2838 die sie unter sich längst kannten und kennen mußten; sie machten
947 2820 2202 2907 ihren Empfindungen aufs entschiedenste Luft gegenüber der Er¬
946 2888 2194 2947 wähnung von Vorkommnissen, die sie, wenn sie der Wirklichkeit
939 2947 2193 3011 angehört hätten, bei ihrer längst schon vorhandenen genauen
940 2994 2194 3056 Bekanntschaft mit denselben kalt gelassen h ben würden. In
944 3055 2200 3108 Summa: im Monolog wie im Dialog sprachen die Personen
949 3107 1924 3172 zum guten Teil noch zum Publikum: erzählten.
1035 3164 2183 3219 Diesen zähen und tief auf die Form des Dramas ein¬
939 3219 2195 3284 wirkenden Rest der alten Erzählungstechnik hatten auch die
940 3276 2221 3332 ersten impressionistischen Neuerer auf deutschem Boden noch
999 3338 1838 3409 Lamprecht, Deutsche Geschichte. Erster Ergänzungsband.
1941 3333 2021 3403 21
