3392 4352
1505 332 1951 424 box 36/1
237 320 1348 440 Panphlets, Offprints
1694 1173 1896 1253 Dichtung.
2301 1185 2417 1253 317
1168 1296 2419 1378 diese Richtung entschiedene Folgen und große Wirkungen nirgends
176 1315 706 1389 ssagen lassen, daß alle diese
1167 1354 1370 1429 gezeitigt.
176 1380 698 1452 ildeten, zwischen zwei Er¬
1272 1403 2439 1468 Das andere Extrem de Versuche wird am besten durch
190 1436 715 1506 Zukunft des Dramas durch
1171 1463 2424 1522 die „Familie Selicke“ Holzens und Schlafs, der uns schon be¬
183 1493 712 1558 dmenten beschwören wollte,
1160 1517 2430 1594 kannten Dichter zu gesamter Hand, gekennzeichnet (1890). Es
198 1543 712 1610 eine Zustandsschilderung
1169 1581 2420 1638 ist der Anonymus Holmsen ins Dramatische übertragen: wie
180 1605 706 1670 Kunsterzählung ausging:
1155 1639 2436 1704 denn der „Sekundenstil“ der Kunsterzählung eigentlich von
199 1661 705 1734 Gegensätze wiedererkennt,
1161 1689 2428 1742 selbst ins Dramatische überging. Freilich, in was für ein
208 1725 706 1779 rhythmischer Kürze und
1160 1747 2425 1821 Dramatisches! In das des bloßen Alltags, der unweigerlich
185 1769 712 1840 beisen ließen, und die sich
1166 1804 2423 1871 aufsteigenden Langenweile. Und darum ist dieser Richtung,
209 1827 714 1895 Künste in dem Kontrast
1161 1861 2427 1921 wie sie z. B. noch in Schlafs „Meister Oelze“, einem reinen
194 1889 703 1957 Freiluftmalerei aufthaten.
1165 1913 2423 1965 „Zustandsdrama“ vom Jahre 1892, auftrat, schon die äußere An¬
193 1941 709 2006 ausstellt, daß bereits dieser
1161 1976 2423 2032 erkennung des Bühnenerfolges ebenfalls versagt geblieben. Von
202 1992 715 2057 ng des modernen Dramas
1160 2026 2429 2085 tieferen Erwägungen aus aber war es erst recht klar: der bloße
337 2050 716 2122 schon idealistischem
204 2059 314 2117 ondern
1173 2080 2421 2136 Abklatsch der Wirklichkeit that es im Drama noch bei weitem
352 2107 707 2175 jenen Vergleichs¬
1172 2147 2434 2201 weniger als in anderen Gattungen der Dichtung; es galt vor
519 2171 708 2229 mmungs¬
1169 2191 2423 2249 allem, irgend eine Schicksalsidee anzuerkennen, deren Walten die
566 2223 714 2285 i das
1173 2252 2436 2312 Gestaltung des Stoffes auch künstlerisch unterstellt werden
626 2271 712 2347 so
1165 2316 2421 2367 mußte. Begrüßte gleichwohl ein so einsichtiger Kenner der
633 2337 714 2393 ien
1163 2364 2419 2425 litterarischen Strömungen wie Fontane die „Familie Selicke“
1179 2417 2415 2481 als wirkliches Neuland, so erinnert das gegenüber der über¬
1170 2468 2424 2543 mäßig abschätzigen Beurteilung des naturalistischen Impressionis¬
1167 2527 2424 2584 mus in der Gegenwart sehr zur Zeit daran, wie sehr doch auch
1164 2582 2426 2634 die heutigen idealistischen Versuche dem naturalistischen Bestreben
1164 2648 2423 2705 des Frühimpressionismus eine außerordentlich vertiefte Er¬
1172 2698 2362 2744 kenntnis und Auffassung der Wirklichkeit zu danken haben.
1265 2754 2422 2821 Im übrigen aber war schon längst der Dramatiker wirk¬
1179 2804 2423 2866 sam, der eine neue Kunst naturalistisch und idealistisch zu¬
1179 2880 2427 2932 gleich, wie in moderner Technik so unter dem Eindruck einer
1168 2935 2430 2979 modernen Schicksalsidee entfaltete; und schon hatte er auch,
1168 2973 2418 3024 ein Fremdgeborener, einen entscheidenden Einfluß auf die Fort¬
1168 3027 2430 3094 bildung der deutschen Kunst erlangt. Es war Hendrik Ibsen.
1262 3093 2432 3146 Die neuen Anforderungen des Impressionismus an die
1177 3145 2430 3194 dramatische Kunst, eine Kunst, die, von Wirklichkeitssinn und
1163 3211 2436 3267 Weltanschauung, von realistischen und idealistischen Momenten
1177 3256 2437 3333 zugleich abhängend, sich da nur schwer umwandelt, wo sie schon
