3344 4352
1484 219 1933 315 box 36/1
131 221 1338 333 1. Panphlets offprints
1272 1265 1475 1322 Dichtung.
754 1265 863 1329 342
749 1355 1992 1425 und die Welt des germanischen Mythos, dessen Götter im Be¬
755 1437 2001 1497 wußtsein ihrer Vergänglichkeit doch voll frohen Heldentums
757 1499 2019 1552 dahinleben, Vorbilder eines menschlichen Heroismus, der nach
756 1544 1530 1608 allem greift, selbst nach den Sternen.
855 1602 2004 1666 In die Welt der Menschen hineingeboren ist der Künstler,
754 1660 2005 1719 der Glockengießer Heinrich. Und trotz eines unbewußt in ihm
760 1712 2004 1766 waltenden Strebens nach Vollgewalt im Bereich und mit den
752 1760 2006 1827 Mitteln des ganzen großen belebten Alls sieht er sich in dieser
759 1821 2011 1884 Welt, die zugleich die Welt des Christentums ist, festgehalten
752 1876 2014 1929 durch sein Weib, das ihn nicht versteht, durch seine Kinder,
761 1929 2005 1986 durch die Gemeinde, für die er ohne innere Befriedigung die
750 1984 2020 2060 Glocke eines hoch am Bergesabhang gelegenen Kirchleins schafft.
764 2048 2008 2099 Da stürzen die Wesen der zweiten Welt, der Welt der Natur¬
755 2102 2012 2172 gewalten, die Glocke während des Transportes zur Höhe ins
752 2175 2003 2232 Thal, hinab in die dunklen Fluten eines Bergsees: sie ver¬
762 2226 2015 2277 eiteln die Entheiligung ihrer Regionen durch die Kirche. Dem
752 2267 2010 2322 Künstler aber bedeutet diese Katastrophe schließlich nach herbem
759 2325 2020 2387 Schmerz einen glückbringenden Umschwung: selbst mit in den
760 2390 2011 2439 Sturz — „war's willig? widerwillig?“ — verwickelt, gelangt
766 2452 2019 2498 er durch die alte Wittichen und Rautendelein in Verkehr mit
755 2506 2013 2558 jener anderen, den Menschen und dem Christengott abgewandten
767 2547 2014 2616 Welt, mit der Welt eines pantheistischen Glaubens. Und selbst
751 2620 2011 2673 im tiefsten Herzen Pantheist, sucht er sie alsbald schöpferisch
758 2661 2012 2725 zu bewältigen. Er zieht hinauf in die Berge; er will ein
759 2717 2015 2773 Glockenspiel von unerhörter Gewalt schaffen das, in einem
763 2780 2022 2843 Sonnentempel aufgehängt, die Harmonie der Sphären tönen soll:
1129 2845 1697 2908 mit wetternder Posannen Laut
994 2905 1743 2948 Mach' es verstummen aller Kirchen Glocken
983 2948 1753 2997 Und künde, sich im Jauchzen überschlagend,
985 2999 1752 3065 Die Neugeburt des Lichtes in der Welt, —:
758 3068 1991 3122 und er zwingt zur Durchführung dieses Planes die Natur¬
762 3126 2020 3179 gewalten mit der Vermessenheit menschlicher Ungeduld in
762 3169 1068 3242 seine Dienste.
849 3230 2013 3287 Und nun erlebt er, daß er doch selbst nur Teil ist dieser
768 3290 2022 3353 großen Welt des Alls, nicht ihr Bezwinger und Beherrscher.
762 3362 2035 3411 Die Naturgewalten empören sich, die Menschen stürmen gegen
1941 146 2346 227 ——
3002 1230 3197 1296 Dichtung.
2469 1337 3299 1402 ihn an — er besiegt sie anscheinend: da 1
2475 1411 3317 1469 Harmonien, die Grundtöne christlich¬
2480 1456 3309 1526 auffassung: er erfährt, daß sein Weib da
2470 1500 3322 1576 menschlichen Strebens geworden ist; sein
2482 1558 3310 1638 vor ihm mit dem bauchigen Krüglein, in
2472 1621 3318 1686 der Mutter gesammelt; von dem Schemen
2470 1678 3297 1746 in den Bergsee gestürzt hatte, berührt,
2474 1735 3308 1796 Glocke in immer stärkeren Pulsen hinauf
2476 1791 3316 1851 Da wird er schwach: er verläßt den Ort
2491 1859 3326 1921 samkeit, verläßt Rautendelein, bricht mis
2481 1901 3320 1968 gewalten. Aber die Schwäche rächt sich a
2484 1963 3321 2038 Innersten untreu geworden, und so ble
2481 2021 3301 2078 als der Tod, der ihn mitleidig aufsucht.
2580 2073 3316 2140 Man sieht: auch hier ist das Schen
2485 2124 3321 2204 impressionistischen Dramas der früheren Z
2486 2180 3303 2252 nicht oder wenigstens noch nicht völlig
2485 2245 3323 2306 zu einem Aufgehen und Scheitern in sch
2499 2301 3324 2362 Pantheismus liegt bei Heinrich vor; aus
2502 2355 3326 2429 seine Bekanntschaft mit der zweiten W
2492 2406 3320 2476 Welt sich weniger in die seine eindrängt
2500 2460 3324 2530 sucht. Dadurch wird der Held des Dra
2486 2514 3312 2584 nicht nur, er verteidigt sich nicht bloß,
2487 2565 3327 2647 Kraft vorwärts weisenden Wollens. So k
2498 2628 3320 2695 in das Stück; es ist nicht nur in der An
2501 2691 3321 2750 Stücke Katastrophe; dem Schicksal tritt ni
2496 2742 3329 2813 gegebenen Milien unverträglicher, sondern
2504 2791 3326 2864 Welt geschaffener und dieser zustrebender 2
2504 2859 3312 2937 so zermalmt es zwar, wie früher, aber
2502 2898 3336 2993 wechselvollem Widerstand. Und in diesen
2495 2976 3320 3038 sich nicht mehr um die bloße halb phy
2497 3022 3332 3092 Daseins, sondern um die höchsten Prol
2496 3075 3326 3151 Gewiß ist Heinrich ein Zeittypus; er ist
2492 3146 3322 3201 der Nietzschesche Übermensch und er verkör
2491 3185 3331 3276 Schaffensideal, das wenige Jahre vor dem
2495 3251 3301 3319 sunkenen Glocke“ in Langbehns Buche
2493 3299 3325 3379 zieher“ als das höchste menschliche Ideal
2737 4120 2820 4162 Kn
