3392 4352
1980 171 2377 242 —
1482 229 1940 333 box 36/1
516 246 675 315 1e
139 245 1323 354 1. Panb.Offprints
1704 1046 1916 1135 Dichtung.
2327 1063 2439 1137 341
274 1125 724 1199 Volle Berührung mit
1187 1171 2434 1250 Dichter traut sich eine solche Gewalt der Illusion zu, daß er rea¬
242 1197 283 1257 ht
313 1191 724 1268 ig und damit volle
1196 1238 2443 1302 listische Scenen von größter Entschiedenheit unmittelbar neben die
306 1264 350 1311 hei
363 1248 721 1317 Verlauf gewann
1182 1308 2449 1361 feinsten Gewebe supranaturalistischer Vorgänge stellt. Ist nun
323 1307 714 1384 rch Gerhart Haupt¬
1181 1349 2450 1404 diese Kraftprobe der impressionistischen Technik sowohl in den
1193 1408 2435 1465 diesseitigen wie in den jenseitigen Scenen gelungen? Nach
366 1410 713 1487 listische Dramen
1191 1465 2440 1512 dem Durchschnitt der Aufnahme, die das Drama bei den Zu¬
348 1471 706 1540 nie Glocke“ (1898)
1183 1516 2446 1588 schauern gefunden hat, sollte man glauben: ja! Doch scheint
419 1527 719 1601 i verhält sich
1192 1579 2438 1641 die Zahl derjenigen, welche der jähe Wechsel von Himmel und
458 1589 714 1656 ken etwa so
1187 1638 2443 1687 Erde gleichwohl aus der Illusion gerissen hat, nicht ganz gering
448 1653 704 1702 den natura¬
1185 1688 2437 1756 zu sein; und jedenfalls hat der Dichter selbst in seinem symbo¬
441 1701 719 1766 es ausdrückt,
1185 1751 2446 1800 listischen Hauptwerk, der „Versunkenen Glocke“, den Gegensatz
515 1757 716 1822 ödie, eine
1190 1812 2453 1869 gemildert. Wodurch, kann erst nach einer kurzen Übersicht über
491 1811 723 1882 bolistischen
1184 1872 2144 1922 den Inhalt dieses Dramas verdeutlicht werden.
509 1875 723 1934 en Kunst
1287 1915 2440 1975 Die „Versunkene Glocke“ ist im Grunde die Mär von der
475 1931 696 1991 „Hannele“
1190 1974 2438 2020 Unmöglichkeit des schöpferischen Triebes des Pantheismus, falls
524 1986 714 2051 ße Scene,
1184 2026 2448 2090 er alle Weiten seiner Weltanschauung ausmessen will. Wir
543 2037 716 2103 ädchens
1194 2084 2443 2136 werden in eine Märchenumgebung versetzt, in der zwei Welten
540 2098 715 2161 n rohen
1193 2134 2448 2192 sichtbar vorgeführt werden, außerdem aber zwei Welten sinnlich
511 2154 708 2217 agen und
1182 2211 2448 2259 anklingen. Die beiden ersten Welten sind die der Menschen
490 2211 716 2278 r religiöser
1190 2269 2449 2316 und die einer Natur, deren Kräfte, wenn auch untermenschlich,
508 2270 714 2326 es einen
1195 2309 2447 2369 so doch psychisch belebt gedacht werden und in Gestalten
537 2318 717 2393 u hören
1187 2372 2439 2434 deutsch=volkstümlicher Phantasie verkörpert sind: dem Nickel¬
542 2374 713 2442 worden
1190 2418 2442 2478 mann, dem Waldschratt, den Elfen, den Holzmännerchen und
531 2435 716 2498 lmeisters
456 2436 507 2496 Sch
1187 2474 2447 2531 Holzweiberchen. Zwischen beiden Welten vermitteln die alte
1179 2555 2448 2598 Wittichen, ein Waldweib im Gebirg, das von den Menschen
543 2544 712 2614 n voller
1184 2603 2447 2654 drunten im Thal für eine Hexe gehalten wird: eine menschliche
499 2603 712 2673 lein, ihren
1193 2644 2438 2703 Gestalt, der die Naturgewalten familiär sind, und Rautendelein,
564 2657 699 2727 immel:
1181 2697 2432 2742 eine Extraktgestalt gleichsam der Kräfte der Natur, die sich hin¬
513 2716 713 2785 hauungen
1194 2757 2447 2820 sehnt in die höher beseelte Welt der Menschen. Die beiden
572 2770 720 2835 kstüm¬
1192 2821 2448 2876 nur anklingenden Welten sind die des Christentums mit seinem
538 2831 712 2899 s, Ver¬
1181 2867 2435 2942 Gefühl der Sünde und seinem Gebot der Reue, mit seiner
521 2886 712 2949 dem ver¬
1183 2922 2439 2982 Überzeugung, daß der Mensch aus eigenen Kräften nichts ver¬
505 2947 700 3013 einem er¬
1194 2977 2448 3051 möge und gut sein könne nur aus der Macht des Christengottes,
554 3044 697 3114 annele“
1327 3099 2442 3159 Interessant sind die Bemerkungen Schlenthers, Hauptmann?
513 3107 729 3173 itik. Der
1186 3158 2390 3234 S. 181 f., über die Schwierigkeiten der schauspielerischen Bewältigung.
