3344 4352
1513 278 1960 371 box 36/1
309 281 1322 382 Panphlets, Offprints
1589 1208 1800 1268 Dichtung.
1066 1205 1174 1264 320
1066 1309 2327 1364 Wärme der Darstellung gestattet, die eben nur geschildert sein
1068 1384 2318 1439 will; sie ist ein für allemal für sich und in sich monistisch¬
1070 1427 2318 1479 immanent organisiert, und der Dichter zeigt uns ihre Schick¬
1073 1477 2318 1549 sale nach ihren Gesetzen ganz objektiv, wie das Schauspiel
1068 1533 2324 1586 einer Vivisektion. Ibsen kennt also absolut kein Schicksal von
1066 1605 2316 1668 irgendwelcher Transcendenz, das etwa gar ästhetischen Rück¬
1069 1641 2320 1708 sichten in der Abrundung von Menschenschicksalen zugänglich
1067 1714 2318 1772 gedacht werden könnte, und seine Dramen stellen, von dieser
1060 1763 2322 1820 Seite her betrachtet, kein „geschlossenes Kunstwerk“ im Sinne
1069 1812 2332 1874 der Kunstlehre früherer Zeiten dar, sondern einfach ein Stück
1069 1873 2324 1942 Leben, wie es nach den Gesetzen seiner eigenen Kausalität
1074 1923 1520 1998 selbstmächtig abläuft.
1163 1977 2316 2034 Trotzdem kommt es bei ihm zu einer gewissen Geschlossen¬
1065 2043 2320 2104 heit des Kunstwerks. Nur daß diese nicht dem inhaltlichen
1067 2092 2320 2168 Zusammenstimmen der Handlungen, sondern erst der formal¬
1073 2165 2319 2220 künstlerischen Behandlung des gegebenen Handlungsverlaufes
1067 2208 2323 2275 verdankt wird. Und da besteht nun die Kunst des Dichters
1070 2271 2328 2324 zumeist darin, daß er dem Zuschauer unmittelbar nur die
1076 2331 2326 2389 Katastrophe vorführt, während die Erzählung der Verknüpfung
1069 2383 2324 2439 der Ereignisse, die zur Katastrophe drängen, nur durch die
1066 2446 2331 2493 Mitteilungen ungezwungener Erinnerungen der Beteiligten
1076 2487 2315 2544 während der Katastrophe selbst erfolgt. Bei dieser Form¬
1073 2544 2324 2614 gebung wird dann Zeit gewonnen, die Katastrophe selbst in
1076 2615 2316 2669 vollster Ausführlichkeit und in der ganzen illusionistischen Breite
1074 2654 2324 2706 des Alltagslebens vorzuführen: und eben in dem Gegensatz
1077 2708 2314 2769 zwischen dem einförmig=ruhigen Sichhinschieben der Gewohn¬
1070 2768 2327 2822 heiten und dem furchtbaren, in sie eingesprengten, sich zwischen
1065 2818 2319 2871 ihnen vollziehenden Inhalt der Katastrophe liegt zum großen
1071 2884 2329 2943 Teile die zauberische Anziehungskraft des Ibsenschen Theaters.
1165 2944 2322 3002 Was aber entwicklungsgeschichtlich wichtig ist: erst diese An¬
1069 2990 2314 3047 ordnung der Fabel läßt überhaupt auf der Bühne die volle Ent¬
1081 3056 2322 3112 faltung des Menschenlebens im impressionistischen Sinne zu.
1169 3098 2326 3167 Unser Drama ist der Geschichte seines inneren Aufbaus
1069 3162 2330 3230 nach bekanntlich aus der Erzählung erwachsen. Die Mysterien
1070 3205 2327 3281 des Mittelalters wollten den Hauptgang der christlichen Heils¬
1073 3274 2340 3335 thaten lebendig erzählen. Die Bühne Hans Sachsens ist der
