3392 4352
1519 106 1955 233 box 36/1
196 126 1360 229 1. Panphletsoffprints
1577 1097 1768 1160 Dichtung.
2193 1090 2289 1156 369
1042 1189 2304 1279 bei den Künstlern eine fast fanatische Liebe zur Wirklichkeit
1046 1261 2295 1318 und Wahrheit erzogen, und etwas von dieser Liebe hatte sich,
1054 1315 2300 1367 wenigstens in Kunstsachen, auch dem Publikum mitgeteilt. Und
1050 1372 2299 1435 von hier aus, von einem allgemeinen Wahrheitstriebe her
1041 1429 2310 1481 wurden denn in der That allmählich wenigstens Ansätze zu
1044 1494 1994 1543 einer dramatischen Weltanschauung gewonnen.
1144 1557 2302 1612 Zunächst drängte schon die äußere impressionistische Form
1048 1606 2308 1651 an sich, welcher Art sie im einzelnen auch war, wenn ganz
1057 1656 2312 1714 ernst und wahrhaftig genommen, auf gewisse Rudimente eines
1058 1712 2296 1766 immanenten Begreifens der Welt. Wird ein einfaches Lebens¬
1048 1767 2308 1830 bild dramatisch hingestellt, eine Handlung, wie sie jeden Tag
1055 1836 2298 1889 geschehen sein könnte, so muß sie der Dichter von vornherein,
1058 1882 2306 1935 eben um sie für jeden Tag wahrscheinlich zu machen, in das
1053 1937 2314 1983 Sozialpsychische eintauchen, und so entsteht unmittelbar der
1062 2002 2306 2062 Gegensatz zwischen Individuum und Umwelt. Und dieser Gegen¬
1057 2051 2314 2107 satz wird noch verschärft durch die Thatsache, daß sich auch die
1058 2105 2300 2167 einfache Handlung selbst bei peinlichster naturalistischer Behand¬
1047 2166 2308 2230 lung nicht in allen ihren Phasen und Eindrucksmomenten auf
1059 2224 2310 2283 die Bühne bringen läßt, daß immer und unter allen Umständen
1046 2275 2294 2347 abgekürzt werden muß: wodurch, da dies natürlich in charak¬
1061 2342 2297 2393 terisierendem Sinne zu geschehen hat, die Elemente der Ge¬
1056 2397 2305 2452 stalten einerseits, die der Umwelt andererseits stärker hervor¬
1062 2441 2313 2510 treten. Bilden aber Gestalten und Umwelt die natürlichen
1059 2502 2294 2560 Komponenten der Handlung gerade ganz besonders im im¬
1060 2559 2311 2626 pressionistischen Drama, so ist in dem Konflikte beider das
1057 2607 2315 2664 eigentliche Thema der Handlung gegeben, und dies Thema ist
1062 2684 2051 2740 ein solches einer Weltanschauung der Immanenz.
1156 2736 2314 2788 In der That sehen wir nun dies Thema schon von den
1054 2771 2323 2860 Anfängen des modernen Dramas her angeschlagen. Dabei ist
1064 2838 2315 2898 die Umwelt zuerst mit Vorliebe eng genommen: der Kreis
1063 2907 2305 2958 namentlich der Familie wird aufgesucht, — woher die Fülle
1055 2947 2306 3014 von Ehe= und Familiendramen, das Thema des „Verhältnisses“,
1056 3021 2313 3081 des Haushalts zu dreien u. s. w. Aber bald werden auch weitere
1056 3058 2316 3114 Kreise der Umwelt ergriffen, die Grenzen der speziell gesell¬
1065 3135 2311 3187 schaftlichen Formen werden überschritten, und das Gebiet der
1064 3173 2307 3247 großen sozialen Konflikte wird erreicht (Hauptmanns „Weber“
2058 3230 2144 3285 24
1111 3241 1955 3301 Lamprecht, Deutsche Geschichte. Erster Ergänzungsband.
