3344 4352
1470 243 1915 339 box 36/1
130 249 1299 353 1. Panphlets, offprints
1350 1279 1556 1340 Dichtung.
817 1279 934 1348 334
821 1392 2083 1449 der großen dramatischen Aufgaben der Zukunft, auf die eine
825 1456 2079 1506 gewaltige, klare und echte Linie der Entwicklung bereits von
828 1508 2087 1578 Goethes „Götz“ und Schillers „Tell“ her hinweist. Sollen auf
823 1549 2081 1621 der Bühne wieder die großen Angelegenheiten der Menschheit,
828 1609 2086 1684 nicht bloß die Fragen der mehr privaten und intimen Kreise
824 1670 2086 1732 des Lebens verhandelt werden, so muß der Schritt zu dem
828 1724 2102 1789 großen kulturhistorischen Drama und im besonderen auch zum
827 1786 1859 1843 sozialen Drama der Vergangenheit gethan werden.
929 1844 2097 1899 Gerhart Hauptmann hat dem naturalistisch=impressionistischen
834 1900 2090 1961 Drama in Deutschland als deutscher Dichter die vornehmlichste
827 1968 2086 2018 Bahn gebrochen. Neben ihm aber steht noch eine ganze Reihe
828 2014 2095 2083 von teilweis nicht unbedeutenden Dichtern, die man doch nicht
826 2066 2094 2128 nur als seine Schüler, ja nicht einmal bloß als seine Um¬
827 2131 2097 2182 gebung oder als seine Nachfolger bezeichnen kann: von denselben
839 2194 2095 2241 allgemeinen Tendenzen der Entwicklung erreicht und gehoben,
844 2235 2040 2298 haben sie zum großen Teil selbständig ihren Weg gemacht, —
839 2294 2095 2349 soweit denn überhaupt einem Individuum innerhalb der
837 2339 2089 2404 treibenden sozialpsychischen Kräfte seiner Zeit Selbständigkeit zu
842 2413 2088 2461 wahren vergönnt ist. Werden sie hier kürzer behandelt, so liegt
840 2465 2091 2523 das in der Konsequenz eines Verfahrens, dessen Absicht vor allem
843 2525 2099 2570 auf gedrungene Darstellung geht, und dem es deshalb von
840 2562 2091 2634 Wert war, einen Dichter, und natürlich den wichtigsten, als
833 2625 1944 2692 für eine ganze Richtung repräsentativ herauszugreifen.
934 2676 2083 2738 Von diesen Dichtern wäre an erster Stelle wohl Max
837 2731 2085 2800 Halbe (geb. 1865) zu erwähnen mit seinen Dramen „Eis¬
841 2784 2088 2855 gang“ (1892), „Jugend“ (1893), „Mutter Erde“ (1898) und
845 2856 2096 2913 „Die Heimatlosen“ (1899). Halbe ist vor allem Virtuos der
841 2897 2088 2978 Zustandsschilderung, bleibt aber auch gern in dieser stecken.
841 2955 2090 3026 Da, wo es ihm gelungen ist, die behagliche Breite eines
843 3024 2099 3086 dramatischen Impressionismus mit den Katastrophengesetzen
835 3070 2100 3130 des alten Dramas innig zu durchdringen, hat er am meisten
831 3124 2095 3187 den Sinn des großen Publikums der neunziger Jahre getroffen:
845 3183 2094 3239 darum war damals die „Jugend“ sein erfolgreichstes Drama.
832 3250 2096 3307 Noch feiner und sicherer in der impressionistischen Technik als
845 3303 2096 3368 Halbe ist vielleicht Georg Hirschfeld (geb. 1873), und in der
832 3348 2040 3432 Schärfe der Beobachtung übertrifft er selbst Hauptmann, —
1815 3826 2118 3950 S
1996 175 2271 242 —
3049 1279 3248 1346 Dichtung.
2527 1392 3300 1466 wenigstens läßt sich das auf Grund sei
2518 1450 3296 1522 Einakters „Zu Hause“ (1893), sagen.
2526 1507 3287 1572 zeigten dann freilich ein Nachlassen der
2521 1560 3300 1633 mindestens in der Belebung der Neben
2517 1610 3314 1685 Hirschfeld bestehen blieb und sich späte
2528 1675 3307 1739 das ist das Haftenbleiben am Skizzenh
2536 1726 3304 1800 gabe eines bloßen, oft recht kleinen un
2523 1788 3303 1853 Leben, — es ist, als lese man eine in
2524 1841 3306 1909 Skizze oder auch eine Skizzensammlu
2529 1894 3303 1967 das Problem der Kombination impres
2535 1957 3311 2024 und dramatischer Schürzung, die schwi
2537 2009 3312 2078 gaben für den naturalistisch=impression
2536 2053 3318 2131 nicht gelöst, vielfach nicht einmal recht
2634 2122 3318 2196 Erwähnen wir im übrigen nur ku
2537 2178 3307 2251 (geb. 1858), den nicht unbedeutenden
2530 2228 3313 2295 von Österreichern Arthur Schnitzler n
2540 2290 3314 2371 Jugendarbeiten, sowie Philipp Langman
2530 2344 3316 2410 merken wir endlich noch, daß der natu
2542 2402 3310 2476 mus auch schon früh in die Komödie
2541 2447 3318 2527 spiel gedrungen war, wie er denn von
2541 2512 3257 2593 zum Tragikomischen naturgemäß
2536 2581 3316 2632 von Wolzogens „Lumpengesindel“ und
2537 2630 3317 2703 „Angéle“ wären hier schon aus dem
2545 2689 2913 2760 Jahre zu nennen.
2636 2731 3319 2808 Im übrigen erwies sich die ganze R
2544 2800 3323 2861 nicht eben sehr fruchtbar, wie denn al
2540 2846 3324 2920 selbst schon um die Mitte der neunzige
2541 2895 3320 2968 gewachsen war. Sie verrohte vielmeh
2537 2965 3317 3040 dieses Jahrzehntes, entweder in der Rie
2549 3010 3319 3085 an bloßem, wo möglich rein physiolog
2549 3070 3320 3145 wenn auch mit Ernst und ehrlichem B
2546 3122 3325 3190 oder so, daß bei entschiedener Begabun
2539 3188 3318 3278 zwar der Impressionismus besser der
2551 3238 3325 3312 Idee angepaßt, zugleich aber auch all
2543 3300 3189 3384 derbe Schlager beliebt wurden.
2766 3964 3033 4060 e
