<?xml version="1.0" encoding="UTF-8" standalone="yes"?>
<PcGts xmlns="http://schema.primaresearch.org/PAGE/gts/pagecontent/2013-07-15" xmlns:xsi="http://www.w3.org/2001/XMLSchema-instance" xsi:schemaLocation="http://schema.primaresearch.org/PAGE/gts/pagecontent/2013-07-15 http://schema.primaresearch.org/PAGE/gts/pagecontent/2013-07-15/pagecontent.xsd">
    <Metadata>
        <Creator>prov=University of Rostock/Institute of Mathematics/CITlab/Gundram Leifert/gundram.leifert@uni-rostock.de:name=ONB_Newseye_GT_M1+(htr_id=10810)::::v=2.4.2
prov=University of Rostock/Institute of Mathematics/CITlab/Tobias Gruening/tobias.gruening@uni-rostock.de:name=de.uros.citlab.module.baseline2polygon.B2PSeamMultiOriented:v=2.4.2
prov=University of Rostock/Institute of Mathematics/CITlab/Tobias Gruening/tobias.gruening@uni-rostock.de:name=/mnt/transkribus/LA/DEA/URO/LA_news_onb_att.pb:de.uros.citlab.segmentation.CITlab_LA_ML:v=2.4.2
Transkribus</Creator>
        <Created>2019-10-07T15:13:46.174+02:00</Created>
        <LastChange>2019-10-09T05:02:42.436+02:00</LastChange>
        <TranskribusMetadata docId="224180" pageId="9514837" pageNr="61" tsid="16622525" status="IN_PROGRESS" userId="40391" imgUrl="https://files.transkribus.eu/Get?id=LJPAIUBLBQOXJJKWLHYGJWHQ&amp;fileType=view" xmlUrl="https://files.transkribus.eu/Get?id=PPIWRTGLKPKPRLBZXGFAIPNW" imageId="6203071"/>
    </Metadata>
    <Page imageFilename="224180_0061.jpeg" imageWidth="3248" imageHeight="4352">
        <ReadingOrder>
            <OrderedGroup id="ro_1711443945584" caption="Regions reading order">
                <RegionRefIndexed index="0" regionRef="r1"/>
                <RegionRefIndexed index="1" regionRef="r2"/>
            </OrderedGroup>
        </ReadingOrder>
        <TextRegion orientation="0.0" id="r1" custom="readingOrder {index:0;}">
            <Coords points="127,273 127,3272 1301,3272 1301,273"/>
            <TextLine id="r1l1" custom="readingOrder {index:0;}">
                <Coords points="239,308 1309,313 1309,252 1182,218 1028,252 842,234 785,289 649,230 239,249"/>
                <Baseline points="247,307 299,306 352,306 405,306 457,305 510,305 563,305 615,305 668,305 721,305 774,305 826,305 879,304 932,304 984,304 1037,304 1090,304 1142,304 1195,303 1248,303 1301,302"/>
                <TextEquiv>
                    <Unicode>Pamphlets offprints</Unicode>
                </TextEquiv>
            </TextLine>
            <TextLine id="r1l2" custom="readingOrder {index:1;}">
                <Coords points="124,1164 144,1176 161,1171 191,1181 210,1173 227,1178 251,1173 260,1182 295,1174 312,1177 312,1151 271,1137 254,1140 229,1120 183,1118 124,1092"/>
                <Baseline points="132,1168 160,1166 189,1165 218,1165 246,1165 275,1166 304,1167"/>
                <TextEquiv>
                    <Unicode>Dichtung.</Unicode>
                </TextEquiv>
            </TextLine>
            <TextLine id="r1l3" custom="readingOrder {index:2;}">
                <Coords points="125,1298 845,1277 829,1218 595,1242 361,1217 330,1239 209,1223 125,1244"/>
                <Baseline points="133,1276 168,1276 203,1276 238,1276 273,1275 309,1275 344,1274 379,1273 414,1273 449,1272 485,1271 520,1271 555,1270 590,1270 625,1270 661,1270 696,1270 731,1270 766,1271 801,1272 837,1273"/>
                <TextEquiv>
                    <Unicode>dese Kontrastierung ist nun auf der</Unicode>
                </TextEquiv>
            </TextLine>
            <TextLine id="r1l4" custom="readingOrder {index:3;}">
                <Coords points="119,1357 447,1327 858,1346 857,1310 799,1279 118,1295"/>
                <Baseline points="127,1336 163,1336 199,1336 235,1335 271,1335 307,1335 343,1334 380,1333 416,1333 452,1332 488,1332 524,1331 560,1331 596,1330 633,1330 669,1330 705,1330 741,1329 777,1329 813,1329 850,1330"/>
                <TextEquiv>
                    <Unicode>ng des Sohnes vom Vater her mit</Unicode>
                </TextEquiv>
            </TextLine>
            <TextLine id="r1l5" custom="readingOrder {index:4;}">
                <Coords points="135,1400 703,1394 730,1412 850,1391 850,1353 797,1338 637,1357 516,1339 467,1362 135,1351"/>
                <Baseline points="143,1390 178,1390 213,1391 248,1391 283,1391 318,1391 353,1390 388,1390 423,1389 458,1388 493,1388 528,1387 563,1387 598,1386 633,1386 668,1385 703,1385 738,1385 773,1385 808,1386 843,1387"/>
                <TextEquiv>
                    <Unicode>t. Was wir vor uns haben, ist ein</Unicode>
                </TextEquiv>
            </TextLine>
            <TextLine id="r1l6" custom="readingOrder {index:5;}">
                <Coords points="131,1522 856,1499 855,1459 829,1456 189,1470 130,1439"/>
                <Baseline points="138,1502 173,1502 208,1502 244,1502 279,1502 315,1502 350,1501 386,1501 421,1501 457,1501 492,1500 527,1500 563,1499 598,1499 634,1499 669,1498 705,1498 740,1498 776,1498 811,1498 847,1497"/>
                <TextEquiv>
                    <Unicode>sichen in genügender Anzahl vor¬</Unicode>
                </TextEquiv>
            </TextLine>
            <TextLine id="r1l7" custom="readingOrder {index:6;}">
                <Coords points="157,1561 371,1558 428,1581 531,1551 600,1576 859,1547 832,1513 728,1506 358,1527 292,1509 157,1545"/>
                <Baseline points="165,1562 199,1562 233,1561 267,1560 302,1559 336,1559 370,1558 405,1558 439,1557 473,1557 508,1556 542,1556 576,1555 610,1555 645,1555 679,1555 713,1554 748,1554 782,1554 816,1554 851,1554"/>
                <TextEquiv>
                    <Unicode>zu einem exakten psychologischen</Unicode>
                </TextEquiv>
            </TextLine>
            <TextLine id="r1l8" custom="readingOrder {index:7;}">
                <Coords points="156,1628 380,1632 435,1611 642,1634 681,1605 767,1630 855,1604 855,1578 599,1580 530,1552 467,1581 370,1559 155,1583"/>
                <Baseline points="163,1613 197,1613 231,1614 265,1614 299,1615 334,1615 368,1614 402,1614 436,1614 470,1613 505,1613 539,1612 573,1611 607,1611 641,1610 676,1610 710,1609 744,1609 778,1608 812,1608 847,1608"/>
                <TextEquiv>
                    <Unicode>werden wird. Nichts ist hierfür</Unicode>
                </TextEquiv>
            </TextLine>
            <TextLine id="r1l9" custom="readingOrder {index:8;}">
                <Coords points="142,1683 489,1689 598,1667 735,1690 812,1678 859,1650 859,1623 142,1631"/>
                <Baseline points="150,1672 185,1671 220,1671 255,1671 290,1671 325,1671 360,1671 395,1671 430,1671 465,1671 500,1671 535,1671 570,1671 605,1671 640,1670 675,1670 710,1670 745,1669 780,1669 815,1668 851,1667"/>
                <TextEquiv>
                    <Unicode>daß diese Neigung sich auch, ja vor</Unicode>
                </TextEquiv>
            </TextLine>
            <TextLine id="r1l10" custom="readingOrder {index:9;}">
                <Coords points="141,1747 846,1723 845,1687 787,1677 141,1686"/>
                <Baseline points="149,1728 183,1728 217,1727 252,1727 286,1727 321,1727 355,1727 389,1727 424,1727 458,1727 493,1727 527,1727 561,1726 596,1726 630,1726 665,1726 699,1725 733,1725 768,1724 802,1724 837,1723"/>
                <TextEquiv>
                    <Unicode>sten Dramatikern Österreichs wahr¬</Unicode>
                </TextEquiv>
            </TextLine>
            <TextLine id="r1l11" custom="readingOrder {index:10;}">
                <Coords points="147,1802 820,1790 863,1766 862,1742 770,1732 685,1732 646,1759 432,1731 147,1756"/>
                <Baseline points="155,1788 190,1786 225,1785 260,1783 295,1782 330,1782 365,1781 400,1781 435,1781 470,1781 505,1781 540,1781 575,1781 610,1781 645,1781 680,1781 715,1781 750,1781 785,1781 820,1781 855,1780"/>
                <TextEquiv>
                    <Unicode>zunächst erwähnt werden: Hermann</Unicode>
                </TextEquiv>
            </TextLine>
            <TextLine id="r1l12" custom="readingOrder {index:11;}">
                <Coords points="129,1856 512,1857 548,1836 624,1860 855,1832 855,1802 748,1786 429,1818 394,1788 272,1816 129,1795"/>
                <Baseline points="137,1838 172,1839 208,1840 243,1840 279,1840 314,1840 350,1840 385,1840 421,1840 456,1839 492,1839 527,1838 563,1838 598,1837 634,1837 669,1836 705,1836 740,1836 776,1835 811,1835 847,1835"/>
                <TextEquiv>
                    <Unicode>perl“ (1897) ganz augenscheinlich</Unicode>
                </TextEquiv>
            </TextLine>
            <TextLine id="r1l13" custom="readingOrder {index:12;}">
                <Coords points="144,1904 770,1897 801,1915 859,1889 859,1855 143,1862"/>
                <Baseline points="151,1897 186,1897 221,1898 256,1898 291,1898 326,1898 361,1897 396,1897 431,1896 466,1896 501,1895 536,1894 571,1894 606,1893 641,1893 676,1892 711,1892 746,1891 781,1891 816,1891 851,1892"/>
                <TextEquiv>
                    <Unicode>r Kunst eingelenkt ist, und Rudolf</Unicode>
                </TextEquiv>
            </TextLine>
            <TextLine id="r1l14" custom="readingOrder {index:13;}">
                <Coords points="151,1963 712,1953 745,1970 859,1942 859,1914 653,1897 450,1926 371,1904 326,1927 150,1905"/>
                <Baseline points="158,1956 192,1956 227,1956 261,1956 296,1955 331,1955 365,1954 400,1953 435,1952 469,1951 504,1950 539,1950 573,1948 608,1948 643,1947 677,1946 712,1946 747,1946 781,1946 816,1947 851,1947"/>
                <TextEquiv>
                    <Unicode>„Ritter, Tod und Teufel“ schon</Unicode>
                </TextEquiv>
            </TextLine>
            <TextLine id="r1l15" custom="readingOrder {index:14;}">
                <Coords points="156,2012 797,2019 857,1984 566,1956 155,1982"/>
                <Baseline points="163,2011 197,2010 231,2009 265,2008 300,2008 334,2008 368,2008 403,2007 437,2007 471,2008 506,2008 540,2008 574,2008 608,2008 643,2008 677,2007 711,2007 746,2006 780,2006 814,2005 849,2003"/>
                <TextEquiv>
                    <Unicode>eines psychologisch tief fundamen¬</Unicode>
                </TextEquiv>
            </TextLine>
            <TextLine id="r1l16" custom="readingOrder {index:15;}">
                <Coords points="143,2079 494,2066 554,2085 706,2054 828,2080 866,2055 865,2025 784,2016 142,2037"/>
                <Baseline points="150,2063 185,2065 220,2066 256,2067 291,2068 327,2068 362,2068 397,2068 433,2067 468,2066 504,2066 539,2065 574,2064 610,2064 645,2063 681,2063 716,2063 751,2063 787,2063 822,2064 858,2066"/>
                <TextEquiv>
                    <Unicode>Schließlich aber taucht in diesem</Unicode>
                </TextEquiv>
            </TextLine>
            <TextLine id="r1l17" custom="readingOrder {index:16;}">
                <Coords points="137,2130 323,2147 638,2120 713,2139 864,2115 864,2091 809,2068 310,2095 234,2075 184,2094 137,2066"/>
                <Baseline points="145,2122 180,2122 216,2122 251,2122 287,2122 322,2122 358,2122 393,2121 429,2121 464,2121 500,2121 536,2120 571,2120 607,2120 642,2120 678,2120 713,2120 749,2120 784,2120 820,2121 856,2121"/>
                <TextEquiv>
                    <Unicode>der Name Schnitzlers auf. Schnitzler</Unicode>
                </TextEquiv>
            </TextLine>
            <TextLine id="r1l18" custom="readingOrder {index:17;}">
                <Coords points="134,2183 780,2190 858,2178 858,2145 133,2131"/>
                <Baseline points="141,2178 176,2178 211,2179 247,2180 282,2180 318,2180 353,2180 389,2180 424,2180 460,2179 495,2179 530,2179 566,2178 601,2178 637,2177 672,2177 708,2176 743,2176 779,2176 814,2175 850,2175"/>
                <TextEquiv>
                    <Unicode>dem Schauspiel „Liebelei“ dem In¬</Unicode>
                </TextEquiv>
            </TextLine>
            <TextLine id="r1l19" custom="readingOrder {index:18;}">
                <Coords points="149,2247 697,2246 814,2236 855,2192 149,2200"/>
                <Baseline points="157,2237 191,2236 226,2235 260,2235 295,2234 329,2233 364,2233 398,2232 433,2232 467,2231 502,2231 536,2231 571,2230 605,2230 640,2230 674,2230 709,2231 743,2231 778,2232 812,2232 847,2233"/>
                <TextEquiv>
                    <Unicode>1 Welt der Wiener Lebemänner be¬</Unicode>
                </TextEquiv>
            </TextLine>
            <TextLine id="r1l20" custom="readingOrder {index:19;}">
                <Coords points="144,2306 726,2309 865,2285 865,2264 744,2235 143,2261"/>
                <Baseline points="151,2296 186,2294 221,2292 256,2290 292,2289 327,2288 362,2288 398,2287 433,2287 468,2287 504,2287 539,2287 574,2287 609,2287 645,2287 680,2288 715,2287 751,2287 786,2287 821,2286 857,2285"/>
                <TextEquiv>
                    <Unicode>gehört; doch ist die impressionistische</Unicode>
                </TextEquiv>
            </TextLine>
            <TextLine id="r1l21" custom="readingOrder {index:20;}">
                <Coords points="143,2369 333,2347 788,2360 863,2336 863,2314 769,2296 588,2325 502,2300 143,2305"/>
                <Baseline points="151,2350 186,2350 221,2349 256,2349 291,2348 327,2348 362,2348 397,2348 432,2348 467,2348 503,2348 538,2348 573,2347 608,2347 643,2347 679,2346 714,2346 749,2345 784,2344 819,2343 855,2341"/>
                <TextEquiv>
                    <Unicode>hon mehr als sonst in gleichzeitigen</Unicode>
                </TextEquiv>
            </TextLine>
            <TextLine id="r1l22" custom="readingOrder {index:21;}">
                <Coords points="141,2422 867,2403 866,2362 774,2356 708,2385 648,2358 140,2367"/>
                <Baseline points="149,2408 184,2407 220,2407 255,2406 291,2405 326,2405 362,2404 397,2403 433,2403 468,2402 504,2402 539,2401 575,2401 610,2400 646,2399 681,2399 717,2398 752,2397 788,2397 823,2396 859,2395"/>
                <TextEquiv>
                    <Unicode>schen Gesetzen unterworfen. Einen</Unicode>
                </TextEquiv>
            </TextLine>
            <TextLine id="r1l23" custom="readingOrder {index:22;}">
                <Coords points="138,2486 269,2464 820,2471 870,2455 870,2422 137,2427"/>
                <Baseline points="146,2462 181,2463 217,2462 253,2462 289,2462 325,2462 360,2461 396,2461 432,2460 468,2460 504,2459 539,2458 575,2458 611,2457 647,2457 683,2456 718,2456 754,2455 790,2455 826,2455 862,2454"/>
                <TextEquiv>
                    <Unicode>stegeln des früheren Impressionismus</Unicode>
                </TextEquiv>
            </TextLine>
            <TextLine id="r1l24" custom="readingOrder {index:23;}">
                <Coords points="143,2538 250,2511 442,2539 504,2515 682,2534 750,2505 809,2526 863,2513 863,2467 542,2471 509,2495 386,2465 365,2486 143,2478"/>
                <Baseline points="151,2519 186,2519 221,2518 256,2518 291,2518 327,2517 362,2517 397,2517 432,2518 467,2518 503,2518 538,2518 573,2518 608,2518 643,2518 679,2518 714,2518 749,2517 784,2517 819,2516 855,2515"/>
                <TextEquiv>
                    <Unicode>rkere dramatische Wirkungen hat</Unicode>
                </TextEquiv>
            </TextLine>
            <TextLine id="r1l25" custom="readingOrder {index:24;}">
                <Coords points="141,2589 486,2589 539,2555 628,2588 835,2582 865,2552 763,2519 700,2542 650,2520 543,2541 140,2539"/>
                <Baseline points="149,2576 184,2576 219,2575 255,2575 290,2574 326,2574 361,2573 397,2573 432,2572 468,2572 503,2572 538,2571 574,2571 609,2571 645,2571 680,2571 716,2571 751,2571 787,2572 822,2572 858,2573"/>
                <TextEquiv>
                    <Unicode>hauspiel „Freiwild“ (1896) gethan.</Unicode>
                </TextEquiv>
            </TextLine>
            <TextLine id="r1l26" custom="readingOrder {index:25;}">
                <Coords points="150,2646 867,2626 843,2594 765,2580 149,2592"/>
                <Baseline points="157,2634 192,2634 227,2634 262,2634 297,2633 332,2633 367,2632 402,2632 437,2631 472,2630 507,2629 542,2628 577,2628 612,2627 647,2626 682,2625 717,2625 752,2624 787,2624 822,2624 858,2624"/>
                <TextEquiv>
                    <Unicode>mehr in rein psychologische Bahnen</Unicode>
                </TextEquiv>
            </TextLine>
            <TextLine id="r1l27" custom="readingOrder {index:26;}">
                <Coords points="146,2701 767,2697 856,2641 145,2651"/>
                <Baseline points="153,2689 187,2688 222,2688 257,2687 292,2686 327,2686 361,2685 396,2685 431,2685 466,2684 501,2684 535,2683 570,2683 605,2682 640,2682 675,2681 709,2681 744,2680 779,2680 814,2679 849,2679"/>
                <TextEquiv>
                    <Unicode>den drei Einaktern „Die Gefährtin“.</Unicode>
                </TextEquiv>
            </TextLine>
            <TextLine id="r1l28" custom="readingOrder {index:27;}">
                <Coords points="142,2772 430,2732 502,2764 876,2740 875,2715 823,2697 141,2708"/>
                <Baseline points="149,2743 184,2743 220,2743 256,2743 292,2743 328,2743 364,2742 400,2742 436,2742 472,2742 508,2741 543,2741 579,2740 615,2740 651,2740 687,2739 723,2739 759,2738 795,2738 831,2737 867,2737"/>
                <TextEquiv>
                    <Unicode>rüne Kakadu“ (3. Aufl. 1900, von</Unicode>
                </TextEquiv>
            </TextLine>
            <TextLine id="r1l29" custom="readingOrder {index:28;}">
                <Coords points="149,2818 394,2821 506,2792 577,2816 841,2807 864,2801 864,2755 633,2743 509,2765 442,2741 266,2777 195,2753 148,2766"/>
                <Baseline points="157,2803 192,2802 227,2802 262,2801 297,2800 332,2800 367,2799 402,2799 437,2798 472,2798 507,2798 542,2797 577,2797 612,2797 647,2797 682,2796 717,2796 752,2796 787,2796 822,2795 857,2795"/>
                <TextEquiv>
                    <Unicode>„Die Gefährtin“ das seelisch am</Unicode>
                </TextEquiv>
            </TextLine>
            <TextLine id="r1l30" custom="readingOrder {index:29;}">
                <Coords points="157,2873 855,2859 877,2811 427,2806 367,2826 218,2806 157,2841"/>
                <Baseline points="165,2860 200,2858 235,2857 270,2857 305,2856 341,2855 376,2855 411,2855 446,2855 481,2855 517,2855 552,2855 587,2854 622,2854 657,2854 693,2854 728,2854 763,2853 798,2853 833,2852 869,2851"/>
                <TextEquiv>
                    <Unicode>„Der grüne Kakadu“ mit Recht die</Unicode>
                </TextEquiv>
            </TextLine>
            <TextLine id="r1l31" custom="readingOrder {index:30;}">
                <Coords points="162,2926 564,2926 637,2897 664,2919 848,2922 874,2910 874,2868 162,2880"/>
                <Baseline points="170,2912 204,2913 239,2914 274,2914 309,2914 344,2914 378,2914 413,2914 448,2913 483,2913 518,2913 552,2912 587,2911 622,2910 657,2910 692,2909 726,2909 761,2908 796,2908 831,2908 866,2908"/>
                <TextEquiv>
                    <Unicode>trägt und „Paracelsus“ noch halb</Unicode>
                </TextEquiv>
            </TextLine>
            <TextLine id="r1l32" custom="readingOrder {index:31;}">
                <Coords points="146,2983 874,2960 823,2916 145,2933"/>
                <Baseline points="153,2967 188,2968 224,2969 259,2969 295,2970 331,2970 366,2970 402,2970 437,2969 473,2969 509,2969 544,2968 580,2967 615,2967 651,2967 687,2966 722,2965 758,2965 793,2965 829,2964 865,2964"/>
                <TextEquiv>
                    <Unicode>t. Was aber vielleicht als noch charak¬</Unicode>
                </TextEquiv>
            </TextLine>
            <TextLine id="r1l33" custom="readingOrder {index:32;}">
                <Coords points="137,3045 865,3016 865,2988 830,2975 137,2984"/>
                <Baseline points="145,3026 180,3026 216,3026 251,3026 287,3026 323,3025 358,3025 394,3024 429,3023 465,3023 501,3022 536,3021 572,3021 607,3020 643,3019 679,3019 714,3019 750,3019 785,3020 821,3020 857,3021"/>
                <TextEquiv>
                    <Unicode>hme Österreichs erscheint, das ist die</Unicode>
                </TextEquiv>
            </TextLine>
            <TextLine id="r1l34" custom="readingOrder {index:33;}">
                <Coords points="138,3100 823,3089 867,3077 867,3055 796,3028 137,3046"/>
                <Baseline points="145,3083 180,3083 216,3082 252,3082 287,3081 323,3081 359,3080 394,3080 430,3079 466,3078 502,3078 537,3077 573,3077 609,3076 644,3076 680,3075 716,3075 751,3075 787,3074 823,3074 859,3074"/>
                <TextEquiv>
                    <Unicode>h wie im Reiche auch Dichter zweiten</Unicode>
                </TextEquiv>
            </TextLine>
            <TextLine id="r1l35" custom="readingOrder {index:34;}">
                <Coords points="145,3150 868,3137 868,3110 835,3096 706,3080 521,3088 476,3114 414,3086 379,3107 145,3095"/>
                <Baseline points="153,3138 188,3137 223,3137 259,3137 294,3137 330,3136 365,3136 400,3135 436,3134 471,3134 507,3133 542,3133 577,3132 613,3132 648,3132 684,3131 719,3131 754,3131 790,3132 825,3132 861,3133"/>
                <TextEquiv>
                    <Unicode>smus einlenken. Freilich: liegt da</Unicode>
                </TextEquiv>
            </TextLine>
            <TextLine id="r1l36" custom="readingOrder {index:35;}">
                <Coords points="141,3216 877,3192 876,3148 834,3142 406,3146 331,3171 141,3150"/>
                <Baseline points="149,3193 185,3194 221,3194 257,3194 293,3194 329,3194 365,3193 401,3193 437,3193 473,3192 509,3192 545,3191 581,3191 617,3190 653,3190 689,3189 725,3189 761,3189 797,3189 833,3188 869,3188"/>
                <TextEquiv>
                    <Unicode>rflachung nahe? Und ist denn mit</Unicode>
                </TextEquiv>
            </TextLine>
            <TextLine id="r1l37" custom="readingOrder {index:36;}">
                <Coords points="158,3278 330,3273 390,3245 454,3268 495,3247 655,3272 783,3247 897,3260 896,3231 795,3200 157,3206"/>
                <Baseline points="165,3253 201,3255 237,3256 273,3257 309,3258 346,3258 382,3257 418,3257 454,3256 490,3255 527,3253 563,3252 599,3251 635,3249 671,3248 708,3247 744,3247 780,3246 816,3246 852,3247 889,3248"/>
                <TextEquiv>
                    <Unicode>Psychologie auch bei den führenden</Unicode>
                </TextEquiv>
            </TextLine>
            <TextEquiv>
                <Unicode>Pamphlets offprints
Dichtung.
dese Kontrastierung ist nun auf der
ng des Sohnes vom Vater her mit
t. Was wir vor uns haben, ist ein
sichen in genügender Anzahl vor¬
zu einem exakten psychologischen
werden wird. Nichts ist hierfür
daß diese Neigung sich auch, ja vor
sten Dramatikern Österreichs wahr¬
zunächst erwähnt werden: Hermann
perl“ (1897) ganz augenscheinlich
r Kunst eingelenkt ist, und Rudolf
„Ritter, Tod und Teufel“ schon
eines psychologisch tief fundamen¬
Schließlich aber taucht in diesem
der Name Schnitzlers auf. Schnitzler
dem Schauspiel „Liebelei“ dem In¬
1 Welt der Wiener Lebemänner be¬
gehört; doch ist die impressionistische
hon mehr als sonst in gleichzeitigen
schen Gesetzen unterworfen. Einen
stegeln des früheren Impressionismus
rkere dramatische Wirkungen hat
hauspiel „Freiwild“ (1896) gethan.
mehr in rein psychologische Bahnen
den drei Einaktern „Die Gefährtin“.
rüne Kakadu“ (3. Aufl. 1900, von
„Die Gefährtin“ das seelisch am
„Der grüne Kakadu“ mit Recht die
trägt und „Paracelsus“ noch halb
t. Was aber vielleicht als noch charak¬
hme Österreichs erscheint, das ist die
h wie im Reiche auch Dichter zweiten
smus einlenken. Freilich: liegt da
rflachung nahe? Und ist denn mit
Psychologie auch bei den führenden</Unicode>
            </TextEquiv>
        </TextRegion>
        <TextRegion orientation="0.0" id="r2" custom="readingOrder {index:1;}">
            <Coords points="1275,149 1275,3236 2566,3236 2566,149"/>
            <TextLine id="r2l1" custom="readingOrder {index:0;}">
                <Coords points="2005,192 2055,195 2106,217 2167,197 2199,215 2263,208 2287,222 2315,218 2313,152 2220,166 2184,145 2150,157 2004,161"/>
                <Baseline points="2013,185 2039,187 2066,187 2092,187 2119,187 2145,186 2172,185 2198,183 2225,182 2251,180 2278,179 2305,177"/>
                <TextEquiv>
                    <Unicode>—</Unicode>
                </TextEquiv>
            </TextLine>
            <TextLine id="r2l2" custom="readingOrder {index:1;}">
                <Coords points="1472,300 1624,306 1667,283 1692,297 1866,298 1905,283 1906,225 1828,206 1791,240 1762,222 1705,223 1650,254 1620,235 1553,244 1492,225 1473,236"/>
                <Baseline points="1480,282 1506,282 1532,282 1558,283 1584,283 1610,284 1636,284 1662,285 1688,286 1714,286 1740,286 1766,286 1792,286 1818,286 1844,285 1870,284 1897,282"/>
                <TextEquiv>
                    <Unicode>box 36/1</Unicode>
                </TextEquiv>
            </TextLine>
            <TextLine id="r2l3" custom="readingOrder {index:2;}">
                <Coords points="2401,1134 2430,1139 2437,1133 2448,1139 2461,1132 2482,1138 2523,1132 2527,1074 2506,1071 2492,1083 2478,1078 2465,1088 2441,1088 2430,1095 2413,1083 2404,1083"/>
                <Baseline points="2409,1124 2435,1123 2462,1125 2489,1127 2516,1129"/>
                <TextEquiv>
                    <Unicode>363</Unicode>
                </TextEquiv>
            </TextLine>
            <TextLine id="r2l4" custom="readingOrder {index:3;}">
                <Coords points="1805,1135 1835,1143 1879,1139 1887,1147 1931,1140 1987,1145 2003,1143 2003,1115 1971,1108 1955,1097 1903,1102 1889,1090 1869,1103 1831,1078 1804,1074"/>
                <Baseline points="1813,1133 1839,1133 1865,1132 1891,1132 1917,1131 1943,1131 1969,1131 1995,1130"/>
                <TextEquiv>
                    <Unicode>Dichtung.</Unicode>
                </TextEquiv>
            </TextLine>
            <TextLine id="r2l5" custom="readingOrder {index:4;}">
                <Coords points="1267,1249 2530,1246 2529,1198 2449,1180 1266,1199"/>
                <Baseline points="1275,1246 1337,1247 1399,1248 1461,1248 1524,1249 1586,1249 1648,1249 1711,1249 1773,1249 1835,1249 1898,1248 1960,1248 2022,1247 2084,1246 2147,1245 2209,1243 2271,1242 2334,1240 2396,1239 2458,1236 2521,1234"/>
                <TextEquiv>
                    <Unicode>Dichtern nun wirklich der Zugang zum großen Drama schon</Unicode>
                </TextEquiv>
            </TextLine>
            <TextLine id="r2l6" custom="readingOrder {index:5;}">
                <Coords points="1272,1304 1320,1323 1342,1311 1427,1326 1457,1312 1482,1328 1592,1311 1664,1319 1664,1265 1625,1256 1588,1272 1562,1256 1513,1259 1474,1279 1422,1257 1389,1273 1350,1264 1336,1278 1272,1276"/>
                <Baseline points="1280,1303 1305,1303 1330,1303 1355,1303 1380,1303 1405,1304 1430,1304 1455,1304 1480,1304 1505,1304 1530,1304 1555,1304 1580,1304 1605,1303 1630,1303 1656,1302"/>
                <TextEquiv>
                    <Unicode>vollends gesichert?</Unicode>
                </TextEquiv>
            </TextLine>
            <TextLine id="r2l7" custom="readingOrder {index:6;}">
                <Coords points="1362,1517 2530,1517 2529,1452 2480,1448 2411,1479 1879,1455 1825,1489 1490,1462 1362,1490"/>
                <Baseline points="1370,1516 1427,1517 1485,1518 1542,1519 1600,1519 1657,1519 1715,1519 1772,1518 1830,1517 1887,1516 1945,1515 2003,1514 2060,1513 2118,1511 2175,1510 2233,1509 2290,1508 2348,1507 2405,1506 2463,1505 2521,1504"/>
                <TextEquiv>
                    <Unicode>6. Unsere Darstellung der dramatischen Entwicklung ist,</Unicode>
                </TextEquiv>
            </TextLine>
            <TextLine id="r2l8" custom="readingOrder {index:7;}">
                <Coords points="1277,1594 2469,1582 2538,1570 2538,1532 1276,1529"/>
                <Baseline points="1285,1580 1347,1580 1409,1579 1471,1578 1534,1577 1596,1577 1658,1576 1721,1575 1783,1575 1845,1574 1908,1573 1970,1572 2032,1572 2094,1571 2157,1570 2219,1569 2281,1568 2344,1566 2406,1565 2468,1563 2531,1562"/>
                <TextEquiv>
                    <Unicode>je mehr sie sich der unmittelbarsten Gegenwart näherte, um so</Unicode>
                </TextEquiv>
            </TextLine>
            <TextLine id="r2l9" custom="readingOrder {index:8;}">
                <Coords points="1282,1635 1662,1662 2536,1614 2519,1566 1282,1616"/>
                <Baseline points="1290,1638 1351,1636 1413,1635 1475,1634 1537,1633 1599,1633 1661,1632 1722,1632 1784,1631 1846,1631 1908,1631 1970,1630 2032,1630 2094,1629 2155,1629 2217,1627 2279,1626 2341,1625 2403,1623 2465,1621 2527,1618"/>
                <TextEquiv>
                    <Unicode>mehr auch in den Punkten, die als charakteristisch heraus¬</Unicode>
                </TextEquiv>
            </TextLine>
            <TextLine id="r2l10" custom="readingOrder {index:9;}">
                <Coords points="1285,1709 2378,1694 2507,1686 2533,1639 1284,1662"/>
                <Baseline points="1293,1695 1354,1694 1416,1693 1477,1693 1539,1692 1601,1692 1662,1691 1724,1691 1785,1691 1847,1690 1909,1689 1970,1689 2032,1688 2093,1687 2155,1686 2217,1684 2278,1683 2340,1681 2401,1679 2463,1676 2525,1673"/>
                <TextEquiv>
                    <Unicode>gegriffen wurden, eingehend gestaltet worden — eingehender</Unicode>
                </TextEquiv>
            </TextLine>
            <TextLine id="r2l11" custom="readingOrder {index:10;}">
                <Coords points="1285,1759 2311,1752 2531,1736 2543,1697 1285,1709"/>
                <Baseline points="1293,1747 1355,1748 1417,1748 1479,1748 1541,1748 1603,1748 1665,1747 1727,1746 1789,1745 1851,1744 1914,1743 1976,1742 2038,1740 2100,1739 2162,1738 2224,1737 2286,1736 2348,1735 2410,1734 2472,1733 2535,1733"/>
                <TextEquiv>
                    <Unicode>als früher die Schilderung der Entwicklung der Lyrik und der</Unicode>
                </TextEquiv>
            </TextLine>
            <TextLine id="r2l12" custom="readingOrder {index:11;}">
                <Coords points="1286,1820 2338,1815 2544,1778 2496,1739 1285,1771"/>
                <Baseline points="1294,1807 1356,1806 1418,1805 1480,1804 1542,1803 1604,1802 1666,1801 1728,1800 1790,1799 1852,1798 1915,1797 1977,1797 2039,1796 2101,1795 2163,1794 2225,1794 2287,1793 2349,1792 2411,1792 2473,1791 2536,1790"/>
                <TextEquiv>
                    <Unicode>Kunsterzählung. Denn nur so konnte dem Leser schlagend das</Unicode>
                </TextEquiv>
            </TextLine>
            <TextLine id="r2l13" custom="readingOrder {index:12;}">
                <Coords points="1291,1874 2532,1853 2492,1794 1290,1824"/>
                <Baseline points="1298,1863 1359,1862 1420,1861 1481,1860 1543,1859 1604,1858 1665,1857 1727,1856 1788,1855 1849,1854 1911,1854 1972,1853 2033,1852 2094,1851 2156,1850 2217,1850 2278,1849 2340,1848 2401,1847 2462,1846 2524,1845"/>
                <TextEquiv>
                    <Unicode>vielfach Unklare und Zweifelhafte der heutigen Lage gerade</Unicode>
                </TextEquiv>
            </TextLine>
            <TextLine id="r2l14" custom="readingOrder {index:13;}">
                <Coords points="1278,1913 2333,1929 2502,1917 2541,1872 1278,1884"/>
                <Baseline points="1287,1919 1349,1919 1411,1918 1474,1917 1536,1916 1598,1914 1661,1913 1723,1912 1785,1910 1848,1909 1910,1908 1972,1906 2035,1905 2097,1904 2159,1903 2222,1902 2284,1901 2346,1901 2409,1900 2471,1900 2534,1901"/>
                <TextEquiv>
                    <Unicode>auf dem Gebiete des Dramas zur Anschauung gebracht werden.</Unicode>
                </TextEquiv>
            </TextLine>
            <TextLine id="r2l15" custom="readingOrder {index:14;}">
                <Coords points="1277,1964 2457,1974 2541,1936 2410,1903 2269,1943 1276,1939"/>
                <Baseline points="1285,1981 1347,1979 1409,1977 1472,1975 1534,1973 1597,1971 1659,1969 1721,1968 1784,1966 1846,1964 1909,1963 1971,1962 2033,1960 2096,1959 2158,1958 2221,1957 2283,1956 2345,1955 2408,1954 2470,1953 2533,1953"/>
                <TextEquiv>
                    <Unicode>Ist denn schließlich bisher etwas erreicht worden, das längere</Unicode>
                </TextEquiv>
            </TextLine>
            <TextLine id="r2l16" custom="readingOrder {index:15;}">
                <Coords points="1288,2035 2475,2017 2540,2051 2539,1991 2352,1963 1287,1997"/>
                <Baseline points="1295,2032 1356,2030 1418,2029 1480,2027 1542,2026 1604,2024 1666,2023 1727,2022 1789,2021 1851,2020 1913,2019 1975,2018 2037,2017 2099,2016 2160,2016 2222,2015 2284,2014 2346,2013 2408,2013 2470,2012 2532,2012"/>
                <TextEquiv>
                    <Unicode>Lebensdauer verspräche? Das Drama des physiologischen Im¬</Unicode>
                </TextEquiv>
            </TextLine>
            <TextLine id="r2l17" custom="readingOrder {index:16;}">
                <Coords points="1279,2089 2489,2086 2543,2049 1279,2062"/>
                <Baseline points="1287,2091 1349,2087 1411,2084 1474,2082 1536,2080 1599,2078 1661,2077 1724,2076 1786,2076 1849,2075 1911,2075 1973,2075 2036,2074 2098,2074 2161,2073 2223,2073 2286,2072 2348,2070 2411,2068 2473,2066 2536,2063"/>
                <TextEquiv>
                    <Unicode>pressionismus, soweit dieser überhaupt rein auftrat, hat ver¬</Unicode>
                </TextEquiv>
            </TextLine>
            <TextLine id="r2l18" custom="readingOrder {index:17;}">
                <Coords points="1289,2142 2432,2148 2541,2100 1289,2106"/>
                <Baseline points="1297,2145 1358,2143 1420,2141 1482,2140 1544,2139 1606,2138 1667,2137 1729,2136 1791,2135 1853,2134 1915,2133 1976,2132 2038,2132 2100,2130 2162,2129 2224,2128 2285,2127 2347,2125 2409,2124 2471,2121 2533,2119"/>
                <TextEquiv>
                    <Unicode>sagt. Eine Mischung physiologisch= und psychologisch=impressio¬</Unicode>
                </TextEquiv>
            </TextLine>
            <TextLine id="r2l19" custom="readingOrder {index:18;}">
                <Coords points="1296,2213 2394,2203 2535,2159 1296,2168"/>
                <Baseline points="1304,2200 1365,2198 1426,2196 1487,2195 1548,2193 1610,2192 1671,2191 1732,2191 1793,2190 1854,2189 1916,2189 1977,2188 2038,2188 2099,2187 2160,2187 2222,2186 2283,2185 2344,2184 2405,2182 2466,2181 2528,2179"/>
                <TextEquiv>
                    <Unicode>nistischer Elemente hat es allerdings zu größeren Erfolgen ge¬</Unicode>
                </TextEquiv>
            </TextLine>
            <TextLine id="r2l20" custom="readingOrder {index:19;}">
                <Coords points="1286,2259 2453,2265 2540,2210 1285,2219"/>
                <Baseline points="1294,2258 1359,2256 1424,2253 1489,2252 1554,2250 1620,2248 1685,2247 1750,2246 1815,2245 1880,2245 1946,2244 2011,2243 2076,2242 2141,2241 2206,2240 2272,2239 2337,2238 2402,2236 2467,2234 2533,2232"/>
                <TextEquiv>
                    <Unicode>bracht. Die primitive Idealisierung des dramatischen Im¬</Unicode>
                </TextEquiv>
            </TextLine>
            <TextLine id="r2l21" custom="readingOrder {index:20;}">
                <Coords points="1296,2314 2393,2308 2456,2276 2509,2315 2541,2256 1295,2281"/>
                <Baseline points="1303,2311 1364,2309 1426,2308 1487,2307 1549,2306 1610,2305 1672,2304 1733,2303 1795,2302 1856,2301 1918,2300 1980,2299 2041,2299 2103,2298 2164,2297 2226,2297 2287,2296 2349,2295 2410,2295 2472,2294 2534,2294"/>
                <TextEquiv>
                    <Unicode>pressionismus im Märchen= und Traum= wie auch im</Unicode>
                </TextEquiv>
            </TextLine>
            <TextLine id="r2l22" custom="readingOrder {index:21;}">
                <Coords points="1291,2365 2543,2361 2542,2320 2435,2303 1290,2325"/>
                <Baseline points="1298,2365 1359,2365 1421,2364 1483,2364 1545,2363 1607,2361 1669,2360 1730,2359 1792,2357 1854,2356 1916,2354 1978,2353 2040,2352 2102,2351 2163,2350 2225,2349 2287,2349 2349,2349 2411,2349 2473,2350 2535,2351"/>
                <TextEquiv>
                    <Unicode>Stimmungsdrama aber ist wiederum bald an rascher Erschöpfung</Unicode>
                </TextEquiv>
            </TextLine>
            <TextLine id="r2l23" custom="readingOrder {index:22;}">
                <Coords points="1286,2410 2543,2407 2531,2358 1286,2384"/>
                <Baseline points="1294,2424 1356,2423 1418,2423 1480,2422 1542,2421 1604,2420 1666,2419 1728,2418 1790,2417 1852,2416 1914,2415 1976,2414 2038,2412 2100,2411 2162,2410 2224,2409 2286,2408 2348,2406 2410,2405 2472,2403 2535,2402"/>
                <TextEquiv>
                    <Unicode>der möglichen Vorwürfe und an der Unvereinbarkeit innerer</Unicode>
                </TextEquiv>
            </TextLine>
            <TextLine id="r2l24" custom="readingOrder {index:23;}">
                <Coords points="1297,2497 2536,2465 2497,2420 2172,2413 1944,2454 1296,2442"/>
                <Baseline points="1304,2482 1365,2481 1426,2479 1487,2477 1548,2476 1609,2475 1670,2474 1732,2473 1793,2472 1854,2471 1915,2470 1976,2469 2037,2469 2098,2468 2160,2467 2221,2466 2282,2464 2343,2463 2404,2461 2465,2459 2527,2457"/>
                <TextEquiv>
                    <Unicode>Gegensätze zu Grunde gegangen. Als lebenskräftiger und aus¬</Unicode>
                </TextEquiv>
            </TextLine>
            <TextLine id="r2l25" custom="readingOrder {index:24;}">
                <Coords points="1297,2534 2513,2533 2544,2480 1297,2498"/>
                <Baseline points="1305,2534 1366,2533 1428,2532 1489,2531 1551,2530 1613,2529 1674,2529 1736,2528 1797,2527 1859,2526 1921,2525 1982,2525 2044,2524 2105,2523 2167,2522 2229,2521 2290,2520 2352,2519 2413,2518 2475,2517 2537,2515"/>
                <TextEquiv>
                    <Unicode>sichtsreicher erwies sich somit im allgemeinen nur der reine</Unicode>
                </TextEquiv>
            </TextLine>
            <TextLine id="r2l26" custom="readingOrder {index:25;}">
                <Coords points="1293,2598 2242,2602 2518,2582 2549,2536 1293,2564"/>
                <Baseline points="1301,2591 1363,2590 1425,2589 1487,2589 1549,2588 1611,2588 1673,2587 1735,2587 1797,2586 1859,2585 1921,2585 1983,2584 2045,2583 2107,2582 2169,2581 2231,2579 2293,2577 2355,2576 2417,2573 2479,2571 2541,2569"/>
                <TextEquiv>
                    <Unicode>Psychologismus einer gemäßigt impressionistischen Kunst. Aber</Unicode>
                </TextEquiv>
            </TextLine>
            <TextLine id="r2l27" custom="readingOrder {index:26;}">
                <Coords points="1297,2641 2463,2650 2558,2641 2558,2587 1297,2618"/>
                <Baseline points="1305,2649 1367,2648 1429,2647 1491,2645 1554,2644 1616,2643 1678,2642 1741,2642 1803,2641 1865,2640 1928,2639 1990,2639 2052,2638 2114,2637 2177,2636 2239,2636 2301,2635 2364,2633 2426,2632 2488,2631 2551,2630"/>
                <TextEquiv>
                    <Unicode>ist denn selbst auf diesem Boden bisher schon wahrhaft Großes</Unicode>
                </TextEquiv>
            </TextLine>
            <TextLine id="r2l28" custom="readingOrder {index:27;}">
                <Coords points="1293,2711 1334,2729 1364,2715 1385,2727 1403,2716 1432,2722 1445,2708 1481,2720 1504,2715 1500,2656 1460,2670 1402,2655 1375,2668 1352,2656 1345,2665 1313,2662 1290,2670"/>
                <Baseline points="1301,2710 1328,2708 1356,2705 1384,2703 1411,2701 1439,2699 1467,2698 1495,2698"/>
                <TextEquiv>
                    <Unicode>gediehen?</Unicode>
                </TextEquiv>
            </TextLine>
            <TextLine id="r2l29" custom="readingOrder {index:28;}">
                <Coords points="1506,2779 2552,2751 2551,2717 2419,2700 1505,2743"/>
                <Baseline points="1513,2764 1564,2764 1616,2764 1667,2763 1719,2763 1770,2762 1822,2762 1873,2761 1925,2760 1976,2759 2028,2757 2079,2756 2131,2755 2182,2754 2234,2753 2285,2751 2337,2750 2388,2749 2440,2748 2491,2747 2543,2746"/>
                <TextEquiv>
                    <Unicode>Das Drama lebt nicht von möglichst naturalistischer</Unicode>
                </TextEquiv>
            </TextLine>
            <TextLine id="r2l30" custom="readingOrder {index:29;}">
                <Coords points="1469,2774 1480,2775 1481,2777 1490,2772 1494,2775 1508,2775 1513,2725 1505,2724 1503,2726 1500,2724 1492,2725 1490,2723 1481,2727 1473,2726"/>
                <Baseline points="1478,2763 1502,2765"/>
                <TextEquiv>
                    <Unicode>**</Unicode>
                </TextEquiv>
            </TextLine>
            <TextLine id="r2l31" custom="readingOrder {index:30;}">
                <Coords points="1296,2843 2511,2817 2553,2771 1295,2771"/>
                <Baseline points="1303,2823 1365,2823 1427,2822 1489,2822 1551,2821 1613,2820 1675,2819 1737,2818 1799,2818 1861,2816 1924,2815 1986,2814 2048,2813 2110,2812 2172,2811 2234,2810 2296,2809 2358,2808 2420,2807 2482,2806 2545,2806"/>
                <TextEquiv>
                    <Unicode>Wiedergabe des Geschehens allein: sonst wäre es nichts als</Unicode>
                </TextEquiv>
            </TextLine>
            <TextLine id="r2l32" custom="readingOrder {index:31;}">
                <Coords points="1296,2874 2272,2886 2518,2875 2555,2827 1295,2843"/>
                <Baseline points="1304,2885 1366,2883 1428,2881 1490,2879 1552,2878 1614,2876 1676,2876 1739,2875 1801,2874 1863,2873 1925,2872 1987,2872 2049,2871 2111,2870 2174,2869 2236,2868 2298,2866 2360,2864 2422,2862 2484,2860 2547,2857"/>
                <TextEquiv>
                    <Unicode>eine besonders verlebendigte Erzählung. Nun ist ja das Drama</Unicode>
                </TextEquiv>
            </TextLine>
            <TextLine id="r2l33" custom="readingOrder {index:32;}">
                <Coords points="1298,2939 2560,2923 2559,2873 2394,2864 2167,2909 1298,2902"/>
                <Baseline points="1307,2939 1369,2937 1431,2936 1493,2935 1555,2934 1618,2933 1680,2932 1742,2932 1804,2931 1866,2930 1929,2929 1991,2929 2053,2928 2115,2927 2177,2926 2240,2925 2302,2923 2364,2922 2426,2921 2488,2919 2551,2917"/>
                <TextEquiv>
                    <Unicode>allerdings aus der Erzählung entstanden. Ist es aber eine</Unicode>
                </TextEquiv>
            </TextLine>
            <TextLine id="r2l34" custom="readingOrder {index:33;}">
                <Coords points="1301,3005 2260,2998 2556,2954 1301,2965"/>
                <Baseline points="1309,2996 1374,2995 1439,2993 1504,2992 1569,2991 1635,2989 1700,2988 1765,2987 1830,2985 1895,2984 1961,2982 2026,2981 2091,2980 2156,2978 2221,2977 2287,2976 2352,2975 2417,2973 2482,2972 2548,2971"/>
                <TextEquiv>
                    <Unicode>solche geblieben, und soll es noch heute eine solche sein? Keines¬</Unicode>
                </TextEquiv>
            </TextLine>
            <TextLine id="r2l35" custom="readingOrder {index:34;}">
                <Coords points="1306,3052 2559,3027 2503,2980 1305,3025"/>
                <Baseline points="1313,3051 1374,3050 1436,3049 1498,3048 1560,3047 1622,3046 1684,3045 1746,3044 1808,3042 1870,3041 1932,3040 1993,3038 2055,3037 2117,3036 2179,3034 2241,3033 2303,3032 2365,3030 2427,3029 2489,3027 2551,3026"/>
                <TextEquiv>
                    <Unicode>wegs: in den Höhepunkten seiner Entwicklung ward es viel¬</Unicode>
                </TextEquiv>
            </TextLine>
            <TextLine id="r2l36" custom="readingOrder {index:35;}">
                <Coords points="1300,3109 2555,3084 2453,3035 1299,3072"/>
                <Baseline points="1307,3107 1369,3106 1431,3105 1493,3104 1555,3103 1617,3102 1679,3101 1741,3100 1803,3099 1865,3098 1927,3097 1989,3096 2051,3095 2113,3093 2175,3092 2237,3089 2299,3087 2361,3085 2423,3082 2485,3080 2547,3077"/>
                <TextEquiv>
                    <Unicode>mehr und wird es immer wieder zum Verkünder von Welt¬</Unicode>
                </TextEquiv>
            </TextLine>
            <TextLine id="r2l37" custom="readingOrder {index:36;}">
                <Coords points="1300,3168 2505,3157 2567,3098 1300,3143"/>
                <Baseline points="1307,3159 1369,3160 1432,3160 1494,3160 1557,3160 1620,3160 1682,3159 1745,3159 1807,3158 1870,3157 1933,3155 1995,3154 2058,3153 2120,3151 2183,3150 2246,3148 2308,3147 2371,3145 2433,3144 2496,3142 2559,3141"/>
                <TextEquiv>
                    <Unicode>anschauungen. Die Handlung wird geschürzt; das ist nicht</Unicode>
                </TextEquiv>
            </TextLine>
            <TextLine id="r2l38" custom="readingOrder {index:37;}">
                <Coords points="1305,3224 2340,3230 2573,3195 2573,3156 1304,3187"/>
                <Baseline points="1312,3222 1374,3222 1437,3222 1500,3222 1562,3222 1625,3222 1688,3221 1750,3220 1813,3219 1876,3218 1939,3217 2001,3215 2064,3214 2127,3212 2189,3210 2252,3209 2315,3207 2377,3205 2440,3203 2503,3201 2566,3200"/>
                <TextEquiv>
                    <Unicode>möglich ohne Auswahl des Bedeutenden in ihr: und was</Unicode>
                </TextEquiv>
            </TextLine>
            <TextEquiv>
                <Unicode>—
box 36/1
363
Dichtung.
Dichtern nun wirklich der Zugang zum großen Drama schon
vollends gesichert?
6. Unsere Darstellung der dramatischen Entwicklung ist,
je mehr sie sich der unmittelbarsten Gegenwart näherte, um so
mehr auch in den Punkten, die als charakteristisch heraus¬
gegriffen wurden, eingehend gestaltet worden — eingehender
als früher die Schilderung der Entwicklung der Lyrik und der
Kunsterzählung. Denn nur so konnte dem Leser schlagend das
vielfach Unklare und Zweifelhafte der heutigen Lage gerade
auf dem Gebiete des Dramas zur Anschauung gebracht werden.
Ist denn schließlich bisher etwas erreicht worden, das längere
Lebensdauer verspräche? Das Drama des physiologischen Im¬
pressionismus, soweit dieser überhaupt rein auftrat, hat ver¬
sagt. Eine Mischung physiologisch= und psychologisch=impressio¬
nistischer Elemente hat es allerdings zu größeren Erfolgen ge¬
bracht. Die primitive Idealisierung des dramatischen Im¬
pressionismus im Märchen= und Traum= wie auch im
Stimmungsdrama aber ist wiederum bald an rascher Erschöpfung
der möglichen Vorwürfe und an der Unvereinbarkeit innerer
Gegensätze zu Grunde gegangen. Als lebenskräftiger und aus¬
sichtsreicher erwies sich somit im allgemeinen nur der reine
Psychologismus einer gemäßigt impressionistischen Kunst. Aber
ist denn selbst auf diesem Boden bisher schon wahrhaft Großes
gediehen?
Das Drama lebt nicht von möglichst naturalistischer
**
Wiedergabe des Geschehens allein: sonst wäre es nichts als
eine besonders verlebendigte Erzählung. Nun ist ja das Drama
allerdings aus der Erzählung entstanden. Ist es aber eine
solche geblieben, und soll es noch heute eine solche sein? Keines¬
wegs: in den Höhepunkten seiner Entwicklung ward es viel¬
mehr und wird es immer wieder zum Verkünder von Welt¬
anschauungen. Die Handlung wird geschürzt; das ist nicht
möglich ohne Auswahl des Bedeutenden in ihr: und was</Unicode>
            </TextEquiv>
        </TextRegion>
    </Page>
</PcGts>
