<?xml version="1.0" encoding="UTF-8" standalone="yes"?>
<PcGts xmlns="http://schema.primaresearch.org/PAGE/gts/pagecontent/2013-07-15" xmlns:xsi="http://www.w3.org/2001/XMLSchema-instance" xsi:schemaLocation="http://schema.primaresearch.org/PAGE/gts/pagecontent/2013-07-15 http://schema.primaresearch.org/PAGE/gts/pagecontent/2013-07-15/pagecontent.xsd">
    <Metadata>
        <Creator>prov=University of Rostock/Institute of Mathematics/CITlab/Gundram Leifert/gundram.leifert@uni-rostock.de:name=ONB_Newseye_GT_M1+(htr_id=10810)::::v=2.4.2
prov=University of Rostock/Institute of Mathematics/CITlab/Tobias Gruening/tobias.gruening@uni-rostock.de:name=de.uros.citlab.module.baseline2polygon.B2PSeamMultiOriented:v=2.4.2
prov=University of Rostock/Institute of Mathematics/CITlab/Tobias Gruening/tobias.gruening@uni-rostock.de:name=/mnt/transkribus/LA/DEA/URO/LA_news_onb_att.pb:de.uros.citlab.segmentation.CITlab_LA_ML:v=2.4.2
Transkribus</Creator>
        <Created>2019-10-07T15:13:47.595+02:00</Created>
        <LastChange>2019-10-09T05:04:24.426+02:00</LastChange>
        <TranskribusMetadata docId="224180" pageId="9514859" pageNr="65" tsid="16622541" status="IN_PROGRESS" userId="40391" imgUrl="https://files.transkribus.eu/Get?id=QPGOYOGRJVHPMEHHJQZHFFJQ&amp;fileType=view" xmlUrl="https://files.transkribus.eu/Get?id=IBRBTUZIBUGCGWKILMCKDNOD" imageId="6203093"/>
    </Metadata>
    <Page imageFilename="224180_0065.jpeg" imageWidth="3344" imageHeight="4352">
        <ReadingOrder>
            <OrderedGroup id="ro_1711443947276" caption="Regions reading order">
                <RegionRefIndexed index="0" regionRef="r1"/>
                <RegionRefIndexed index="1" regionRef="r2"/>
            </OrderedGroup>
        </ReadingOrder>
        <TextRegion orientation="0.0" id="r1" custom="readingOrder {index:0;}">
            <Coords points="143,251 143,3264 1323,3264 1323,251"/>
            <TextLine id="r1l1" custom="readingOrder {index:0;}">
                <Coords points="839,279 850,277 854,281 873,282 896,268 908,270 910,215 893,215 885,210 874,220 866,220 855,213 841,213"/>
                <Baseline points="846,271 873,271 900,273"/>
                <TextEquiv>
                    <Unicode>0</Unicode>
                </TextEquiv>
            </TextLine>
            <TextLine id="r1l2" custom="readingOrder {index:1;}">
                <Coords points="257,306 1330,294 1330,264 1212,217 964,221 889,280 662,221 257,246"/>
                <Baseline points="265,295 317,295 370,296 423,296 476,296 529,296 582,296 635,296 688,296 741,296 794,296 846,296 899,295 952,295 1005,295 1058,294 1111,294 1164,293 1217,293 1270,292 1323,291"/>
                <TextEquiv>
                    <Unicode>Panphietsforints</Unicode>
                </TextEquiv>
            </TextLine>
            <TextLine id="r1l3" custom="readingOrder {index:2;}">
                <Coords points="141,1176 153,1181 164,1178 171,1184 199,1178 241,1184 256,1173 279,1173 279,1144 260,1147 234,1137 226,1143 215,1142 180,1129 141,1130"/>
                <Baseline points="149,1170 179,1170 210,1169 240,1169 271,1172"/>
                <TextEquiv>
                    <Unicode>ichtung.</Unicode>
                </TextEquiv>
            </TextLine>
            <TextLine id="r1l4" custom="readingOrder {index:3;}">
                <Coords points="160,1290 348,1296 416,1274 515,1292 826,1261 825,1223 742,1239 669,1212 545,1238 159,1245"/>
                <Baseline points="167,1277 199,1277 232,1277 264,1276 297,1276 329,1275 362,1275 394,1274 427,1273 459,1273 492,1272 524,1271 557,1271 589,1270 622,1269 654,1268 687,1267 719,1267 752,1266 784,1266 817,1265"/>
                <TextEquiv>
                    <Unicode>denn dieses Schicksal nicht mehr</Unicode>
                </TextEquiv>
            </TextLine>
            <TextLine id="r1l5" custom="readingOrder {index:4;}">
                <Coords points="137,1367 224,1329 252,1349 612,1338 649,1318 779,1336 814,1317 813,1273 184,1309 134,1291"/>
                <Baseline points="143,1339 176,1339 209,1338 242,1338 275,1337 309,1336 342,1335 375,1334 408,1333 441,1332 475,1330 508,1329 541,1327 574,1326 607,1325 641,1324 674,1324 707,1323 740,1322 773,1322 807,1322"/>
                <TextEquiv>
                    <Unicode>sing eines transcendenten Gottes</Unicode>
                </TextEquiv>
            </TextLine>
            <TextLine id="r1l6" custom="readingOrder {index:5;}">
                <Coords points="146,1416 817,1387 816,1346 760,1336 726,1359 701,1335 640,1350 600,1332 511,1353 305,1343 264,1361 213,1340 145,1358"/>
                <Baseline points="153,1394 185,1394 218,1394 251,1393 284,1393 317,1392 349,1392 382,1391 415,1390 448,1389 481,1388 513,1388 546,1387 579,1386 612,1384 644,1384 677,1383 710,1382 743,1381 776,1380 809,1379"/>
                <TextEquiv>
                    <Unicode>tzlichen Ordnung der Welt und, da</Unicode>
                </TextEquiv>
            </TextLine>
            <TextLine id="r1l7" custom="readingOrder {index:6;}">
                <Coords points="143,1463 786,1455 826,1430 826,1400 142,1414"/>
                <Baseline points="151,1448 184,1449 217,1449 251,1450 284,1450 318,1449 351,1449 384,1448 418,1447 451,1446 485,1445 518,1444 551,1443 585,1441 618,1440 652,1439 685,1438 718,1438 752,1438 785,1438 819,1438"/>
                <TextEquiv>
                    <Unicode>lische Welt handelt, zur Ordnung</Unicode>
                </TextEquiv>
            </TextLine>
            <TextLine id="r1l8" custom="readingOrder {index:7;}">
                <Coords points="152,1508 766,1507 835,1480 834,1447 271,1456 220,1475 150,1459"/>
                <Baseline points="159,1502 192,1503 225,1503 259,1503 292,1503 326,1503 359,1502 392,1502 426,1501 459,1500 493,1499 526,1498 559,1497 593,1495 626,1494 660,1493 693,1491 726,1490 760,1489 793,1487 827,1485"/>
                <TextEquiv>
                    <Unicode>Summe der sozialpsychischen Kräfte</Unicode>
                </TextEquiv>
            </TextLine>
            <TextLine id="r1l9" custom="readingOrder {index:8;}">
                <Coords points="143,1579 774,1558 824,1546 824,1521 689,1504 247,1532 141,1510"/>
                <Baseline points="151,1563 184,1563 217,1563 250,1562 284,1562 317,1561 350,1560 384,1560 417,1558 450,1558 484,1557 517,1556 550,1554 583,1553 617,1552 650,1552 683,1550 717,1549 750,1548 783,1547 817,1546"/>
                <TextEquiv>
                    <Unicode>ungsgang. Darnach ist das Drama</Unicode>
                </TextEquiv>
            </TextLine>
            <TextLine id="r1l10" custom="readingOrder {index:9;}">
                <Coords points="150,1628 421,1614 449,1631 590,1608 697,1627 736,1606 827,1622 826,1572 780,1554 661,1575 627,1557 584,1583 149,1574"/>
                <Baseline points="157,1619 190,1619 223,1619 256,1619 289,1618 322,1618 355,1616 388,1615 421,1614 454,1613 488,1612 521,1611 554,1610 587,1609 620,1608 653,1607 686,1606 719,1606 752,1605 785,1605 819,1605"/>
                <TextEquiv>
                    <Unicode>dasjenige, in dem der Kampf des</Unicode>
                </TextEquiv>
            </TextLine>
            <TextLine id="r1l11" custom="readingOrder {index:10;}">
                <Coords points="138,1684 200,1702 223,1682 448,1670 827,1676 825,1621 759,1615 307,1642 137,1620"/>
                <Baseline points="146,1678 179,1677 213,1676 246,1676 280,1675 314,1674 347,1673 381,1672 415,1671 448,1670 482,1670 516,1669 549,1668 583,1667 617,1666 650,1665 684,1664 718,1663 751,1663 785,1661 819,1660"/>
                <TextEquiv>
                    <Unicode>auptgestalt des Dramas gegenüber</Unicode>
                </TextEquiv>
            </TextLine>
            <TextLine id="r1l12" custom="readingOrder {index:11;}">
                <Coords points="152,1743 790,1733 835,1701 834,1679 776,1667 736,1690 617,1669 542,1692 495,1673 469,1692 151,1689"/>
                <Baseline points="159,1730 192,1729 225,1728 259,1728 292,1727 326,1727 359,1726 392,1726 426,1725 459,1725 493,1724 526,1724 559,1723 593,1723 626,1722 660,1721 693,1720 726,1719 760,1717 793,1715 827,1714"/>
                <TextEquiv>
                    <Unicode>lturwelt und der Ideen, die sie be¬</Unicode>
                </TextEquiv>
            </TextLine>
            <TextLine id="r1l13" custom="readingOrder {index:12;}">
                <Coords points="148,1802 833,1774 831,1733 759,1723 564,1748 257,1734 214,1765 146,1748"/>
                <Baseline points="155,1790 188,1789 222,1787 255,1786 289,1785 322,1784 356,1783 389,1782 423,1781 456,1779 490,1779 523,1778 557,1777 590,1777 624,1775 657,1774 691,1773 724,1772 758,1770 791,1769 825,1767"/>
                <TextEquiv>
                    <Unicode>igt. Und dabei brauchen die Mächte</Unicode>
                </TextEquiv>
            </TextLine>
            <TextLine id="r1l14" custom="readingOrder {index:13;}">
                <Coords points="139,1851 545,1860 811,1837 830,1786 137,1810"/>
                <Baseline points="147,1847 180,1846 214,1845 248,1844 282,1843 316,1842 349,1841 383,1841 417,1840 451,1839 485,1838 518,1837 552,1836 586,1834 620,1833 653,1832 687,1831 721,1829 755,1828 789,1826 823,1825"/>
                <TextEquiv>
                    <Unicode>ler objektiv zu erscheinen, sondern</Unicode>
                </TextEquiv>
            </TextLine>
            <TextLine id="r1l15" custom="readingOrder {index:14;}">
                <Coords points="154,1910 385,1917 612,1882 718,1904 831,1883 829,1828 767,1854 418,1848 276,1880 153,1861"/>
                <Baseline points="162,1900 195,1900 228,1900 261,1899 294,1899 327,1898 360,1897 393,1896 426,1896 459,1895 492,1894 525,1893 558,1891 591,1890 624,1889 657,1888 690,1886 723,1885 756,1884 789,1882 823,1881"/>
                <TextEquiv>
                    <Unicode>reten, eingebettet in bestimmte</Unicode>
                </TextEquiv>
            </TextLine>
            <TextLine id="r1l16" custom="readingOrder {index:15;}">
                <Coords points="149,1978 329,1952 549,1968 578,1943 632,1969 687,1948 763,1963 847,1926 700,1897 571,1922 403,1904 317,1935 147,1918"/>
                <Baseline points="156,1958 190,1957 224,1957 258,1956 292,1955 326,1954 360,1953 395,1952 429,1951 463,1950 497,1949 531,1948 565,1947 599,1946 634,1945 668,1944 702,1943 736,1941 770,1941 804,1940 839,1939"/>
                <TextEquiv>
                    <Unicode>nssungen, Neigungen, Strebungen.</Unicode>
                </TextEquiv>
            </TextLine>
            <TextLine id="r1l17" custom="readingOrder {index:16;}">
                <Coords points="153,2025 777,2020 847,1992 845,1953 811,1948 423,1978 151,1968"/>
                <Baseline points="161,2015 194,2015 228,2014 262,2013 296,2013 330,2012 364,2011 398,2011 432,2010 466,2009 500,2008 533,2007 567,2006 601,2005 635,2004 669,2003 703,2001 737,2000 771,1998 805,1997 839,1995"/>
                <TextEquiv>
                    <Unicode>die abgesonderte, sinnliche, konkrete</Unicode>
                </TextEquiv>
            </TextLine>
            <TextLine id="r1l18" custom="readingOrder {index:17;}">
                <Coords points="149,2087 847,2071 846,2026 721,2006 148,2038"/>
                <Baseline points="157,2069 191,2069 225,2069 259,2068 293,2068 327,2067 361,2067 395,2066 429,2065 463,2064 497,2063 531,2062 565,2062 599,2060 633,2059 667,2059 701,2058 735,2057 769,2057 803,2056 838,2056"/>
                <TextEquiv>
                    <Unicode>es entsteht das klassische individual¬</Unicode>
                </TextEquiv>
            </TextLine>
            <TextLine id="r1l19" custom="readingOrder {index:18;}">
                <Coords points="149,2203 848,2164 827,2116 147,2150"/>
                <Baseline points="156,2182 190,2182 224,2182 258,2182 292,2181 326,2180 360,2179 395,2178 429,2177 463,2175 497,2174 531,2172 565,2170 599,2168 634,2167 668,2166 702,2164 736,2163 770,2161 804,2160 839,2159"/>
                <TextEquiv>
                    <Unicode>weg zu verfolgen, in welchen ein¬</Unicode>
                </TextEquiv>
            </TextLine>
            <TextLine id="r1l20" custom="readingOrder {index:19;}">
                <Coords points="154,2261 329,2235 754,2246 856,2224 855,2186 780,2174 153,2207"/>
                <Baseline points="162,2239 196,2238 230,2236 264,2235 299,2234 333,2233 367,2232 401,2231 436,2230 470,2229 504,2228 538,2227 573,2226 607,2226 641,2225 675,2224 710,2223 744,2222 778,2221 812,2220 847,2219"/>
                <TextEquiv>
                    <Unicode>natischen Kunstwerk der klassischen</Unicode>
                </TextEquiv>
            </TextLine>
            <TextLine id="r1l21" custom="readingOrder {index:20;}">
                <Coords points="169,2301 471,2304 599,2282 714,2299 850,2276 849,2244 811,2233 168,2252"/>
                <Baseline points="176,2294 209,2294 242,2294 276,2293 309,2292 342,2292 376,2290 409,2289 442,2288 476,2286 509,2285 542,2284 576,2282 609,2281 642,2280 676,2279 709,2278 742,2278 776,2278 809,2278 843,2279"/>
                <TextEquiv>
                    <Unicode>Ausgeglichenheit von äußerer und</Unicode>
                </TextEquiv>
            </TextLine>
            <TextLine id="r1l22" custom="readingOrder {index:21;}">
                <Coords points="154,2369 512,2363 615,2339 817,2355 851,2349 850,2313 651,2291 152,2319"/>
                <Baseline points="161,2353 195,2353 229,2352 263,2351 297,2350 331,2349 365,2347 399,2346 433,2345 467,2343 502,2342 536,2340 570,2339 604,2338 638,2336 672,2335 706,2335 740,2334 774,2334 808,2335 843,2335"/>
                <TextEquiv>
                    <Unicode>sigen ist; genug, daß die Sprengung</Unicode>
                </TextEquiv>
            </TextLine>
            <TextLine id="r1l23" custom="readingOrder {index:22;}">
                <Coords points="157,2417 785,2411 863,2371 766,2342 685,2364 618,2347 543,2369 458,2352 284,2380 155,2369"/>
                <Baseline points="165,2408 199,2408 234,2408 268,2408 303,2407 337,2406 372,2405 406,2403 441,2403 475,2401 510,2400 544,2397 579,2396 613,2395 648,2394 682,2393 717,2391 751,2391 786,2390 820,2390 855,2390"/>
                <TextEquiv>
                    <Unicode>ildung der äußeren Form erfolgte,</Unicode>
                </TextEquiv>
            </TextLine>
            <TextLine id="r1l24" custom="readingOrder {index:23;}">
                <Coords points="159,2480 783,2464 861,2444 861,2413 158,2425"/>
                <Baseline points="167,2463 201,2462 235,2461 269,2461 304,2460 338,2460 372,2458 407,2458 441,2457 475,2456 510,2455 544,2454 578,2453 612,2453 647,2452 681,2451 715,2451 750,2451 784,2451 818,2451 853,2451"/>
                <TextEquiv>
                    <Unicode>Ausgestaltungen dieser Form noch</Unicode>
                </TextEquiv>
            </TextLine>
            <TextLine id="r1l25" custom="readingOrder {index:24;}">
                <Coords points="151,2540 217,2525 246,2538 283,2520 477,2532 506,2516 533,2522 531,2487 455,2466 429,2477 370,2465 313,2482 246,2473 207,2487 177,2476 150,2496"/>
                <Baseline points="158,2520 184,2519 210,2519 236,2518 262,2517 289,2516 315,2515 341,2514 367,2513 393,2512 420,2511 446,2509 472,2508 498,2507 525,2506"/>
                <TextEquiv>
                    <Unicode>ere Form einstellte.</Unicode>
                </TextEquiv>
            </TextLine>
            <TextLine id="r1l26" custom="readingOrder {index:25;}">
                <Coords points="160,2586 539,2587 680,2557 762,2584 865,2562 864,2520 159,2543"/>
                <Baseline points="167,2574 201,2575 236,2575 270,2575 305,2575 339,2574 374,2573 408,2572 443,2571 477,2570 512,2569 546,2567 581,2566 615,2565 650,2563 684,2561 719,2560 753,2559 788,2558 822,2558 857,2557"/>
                <TextEquiv>
                    <Unicode>rde fortgebildet schon in der Zeit</Unicode>
                </TextEquiv>
            </TextLine>
            <TextLine id="r1l27" custom="readingOrder {index:26;}">
                <Coords points="142,2638 554,2641 654,2611 720,2634 864,2609 839,2572 141,2604"/>
                <Baseline points="149,2634 184,2634 219,2633 255,2632 290,2631 326,2631 361,2629 396,2628 432,2627 467,2626 503,2624 538,2623 573,2622 609,2620 644,2619 680,2618 715,2617 750,2616 786,2615 821,2615 857,2614"/>
                <TextEquiv>
                    <Unicode>Ais, in den Jahrzehnten siegender</Unicode>
                </TextEquiv>
            </TextLine>
            <TextLine id="r1l28" custom="readingOrder {index:27;}">
                <Coords points="161,2702 395,2683 528,2703 605,2675 660,2697 726,2675 871,2687 869,2632 839,2622 728,2647 654,2628 568,2650 250,2640 220,2668 159,2648"/>
                <Baseline points="169,2692 203,2691 238,2690 273,2689 307,2687 342,2686 377,2685 411,2684 446,2682 481,2681 516,2679 550,2678 585,2677 620,2675 654,2674 689,2673 724,2671 758,2670 793,2669 828,2667 863,2667"/>
                <TextEquiv>
                    <Unicode>0, und die Führung hatte dabei</Unicode>
                </TextEquiv>
            </TextLine>
            <TextLine id="r1l29" custom="readingOrder {index:28;}">
                <Coords points="147,2764 362,2738 779,2744 866,2728 865,2684 380,2708 299,2690 190,2714 145,2696"/>
                <Baseline points="155,2743 190,2743 225,2742 260,2742 295,2742 331,2741 366,2740 401,2739 436,2738 471,2737 507,2736 542,2734 577,2733 612,2732 647,2730 683,2729 718,2728 753,2727 788,2725 823,2725 859,2723"/>
                <TextEquiv>
                    <Unicode>Dramatiker wurden Schüler Seribes</Unicode>
                </TextEquiv>
            </TextLine>
            <TextLine id="r1l30" custom="readingOrder {index:29;}">
                <Coords points="149,2830 252,2801 380,2815 720,2784 815,2803 858,2781 857,2743 741,2756 669,2735 495,2773 148,2764"/>
                <Baseline points="157,2799 191,2798 226,2797 261,2796 295,2795 330,2794 365,2793 399,2793 434,2792 469,2791 504,2790 538,2789 573,2788 608,2788 642,2787 677,2786 712,2785 746,2784 781,2783 816,2782 851,2781"/>
                <TextEquiv>
                    <Unicode>nden Bewegung, — und sie unter¬</Unicode>
                </TextEquiv>
            </TextLine>
            <TextLine id="r1l31" custom="readingOrder {index:30;}">
                <Coords points="157,2853 247,2872 308,2851 343,2871 493,2849 762,2865 876,2830 875,2800 156,2824"/>
                <Baseline points="165,2858 200,2857 235,2856 270,2855 305,2854 341,2853 376,2853 411,2851 446,2850 481,2849 517,2848 552,2847 587,2846 622,2845 657,2844 693,2844 728,2843 763,2842 798,2842 833,2841 869,2841"/>
                <TextEquiv>
                    <Unicode>um so eher, als der Einfluß schon</Unicode>
                </TextEquiv>
            </TextLine>
            <TextLine id="r1l32" custom="readingOrder {index:31;}">
                <Coords points="167,2912 308,2929 360,2908 411,2925 451,2904 486,2921 622,2907 654,2926 695,2903 845,2903 873,2863 627,2851 538,2872 472,2853 394,2879 166,2880"/>
                <Baseline points="175,2910 209,2910 244,2910 278,2909 313,2909 347,2909 382,2908 416,2908 451,2907 485,2906 520,2905 554,2904 589,2903 623,2902 658,2902 692,2901 727,2900 761,2899 796,2898 830,2897 865,2896"/>
                <TextEquiv>
                    <Unicode>classique auf das deutsche Drama</Unicode>
                </TextEquiv>
            </TextLine>
            <TextLine id="r1l33" custom="readingOrder {index:32;}">
                <Coords points="159,2981 833,2966 884,2955 884,2921 158,2929"/>
                <Baseline points="166,2970 201,2969 237,2968 272,2966 308,2966 343,2965 379,2964 414,2963 450,2962 485,2962 521,2961 557,2960 592,2960 628,2959 663,2958 699,2957 734,2956 770,2955 805,2954 841,2952 877,2951"/>
                <TextEquiv>
                    <Unicode>beseitigt worden war. Die Franzosen</Unicode>
                </TextEquiv>
            </TextLine>
            <TextLine id="r1l34" custom="readingOrder {index:33;}">
                <Coords points="156,3039 614,3017 678,3039 704,3017 883,3004 882,2972 849,2956 802,2979 349,2971 329,2991 155,2993"/>
                <Baseline points="164,3026 199,3025 235,3025 270,3024 306,3023 341,3022 377,3021 412,3020 448,3019 483,3018 519,3018 555,3016 590,3016 626,3015 661,3014 697,3013 732,3012 768,3011 803,3010 839,3010 875,3009"/>
                <TextEquiv>
                    <Unicode>über die Phantasien ihrer Romantik</Unicode>
                </TextEquiv>
            </TextLine>
            <TextLine id="r1l35" custom="readingOrder {index:34;}">
                <Coords points="161,3100 497,3074 573,3089 591,3071 782,3083 880,3056 879,3031 807,3015 160,3048"/>
                <Baseline points="169,3080 204,3080 239,3079 274,3079 309,3078 345,3078 380,3077 415,3076 450,3075 485,3075 521,3074 556,3073 591,3071 626,3070 661,3069 697,3067 732,3066 767,3064 802,3063 837,3061 873,3058"/>
                <TextEquiv>
                    <Unicode>damals vor allem auf die realistische</Unicode>
                </TextEquiv>
            </TextLine>
            <TextLine id="r1l36" custom="readingOrder {index:35;}">
                <Coords points="183,3157 329,3130 593,3149 624,3129 805,3138 883,3117 882,3093 858,3103 828,3077 741,3102 524,3083 182,3107"/>
                <Baseline points="191,3136 225,3137 259,3137 293,3136 327,3136 362,3135 396,3134 430,3133 464,3132 498,3131 533,3130 567,3128 601,3127 635,3126 669,3125 704,3123 738,3123 772,3122 806,3121 840,3120 875,3120"/>
                <TextEquiv>
                    <Unicode>Form der Handlung aus: diese,</Unicode>
                </TextEquiv>
            </TextLine>
            <TextLine id="r1l37" custom="readingOrder {index:36;}">
                <Coords points="197,3189 405,3206 883,3183 882,3151 837,3129 197,3162"/>
                <Baseline points="205,3189 238,3190 272,3191 305,3191 339,3192 372,3191 406,3191 439,3190 473,3190 506,3189 540,3187 573,3186 607,3184 640,3183 674,3182 707,3181 741,3180 774,3179 808,3178 841,3177 875,3177"/>
                <TextEquiv>
                    <Unicode>deren Zugabe doch eigentlich die</Unicode>
                </TextEquiv>
            </TextLine>
            <TextLine id="r1l38" custom="readingOrder {index:37;}">
                <Coords points="158,3285 224,3252 305,3280 464,3242 511,3264 620,3242 753,3259 888,3227 888,3205 743,3187 267,3218 155,3204"/>
                <Baseline points="164,3252 199,3250 235,3249 271,3247 307,3246 343,3245 378,3244 414,3243 450,3243 486,3242 522,3241 557,3240 593,3240 629,3239 665,3238 701,3237 736,3235 772,3234 808,3232 844,3229 880,3227"/>
                <TextEquiv>
                    <Unicode>Vordergrund des künstlerischen Inter¬</Unicode>
                </TextEquiv>
            </TextLine>
            <TextEquiv>
                <Unicode>0
Panphietsforints
ichtung.
denn dieses Schicksal nicht mehr
sing eines transcendenten Gottes
tzlichen Ordnung der Welt und, da
lische Welt handelt, zur Ordnung
Summe der sozialpsychischen Kräfte
ungsgang. Darnach ist das Drama
dasjenige, in dem der Kampf des
auptgestalt des Dramas gegenüber
lturwelt und der Ideen, die sie be¬
igt. Und dabei brauchen die Mächte
ler objektiv zu erscheinen, sondern
reten, eingebettet in bestimmte
nssungen, Neigungen, Strebungen.
die abgesonderte, sinnliche, konkrete
es entsteht das klassische individual¬
weg zu verfolgen, in welchen ein¬
natischen Kunstwerk der klassischen
Ausgeglichenheit von äußerer und
sigen ist; genug, daß die Sprengung
ildung der äußeren Form erfolgte,
Ausgestaltungen dieser Form noch
ere Form einstellte.
rde fortgebildet schon in der Zeit
Ais, in den Jahrzehnten siegender
0, und die Führung hatte dabei
Dramatiker wurden Schüler Seribes
nden Bewegung, — und sie unter¬
um so eher, als der Einfluß schon
classique auf das deutsche Drama
beseitigt worden war. Die Franzosen
über die Phantasien ihrer Romantik
damals vor allem auf die realistische
Form der Handlung aus: diese,
deren Zugabe doch eigentlich die
Vordergrund des künstlerischen Inter¬</Unicode>
            </TextEquiv>
        </TextRegion>
        <TextRegion orientation="0.0" id="r2" custom="readingOrder {index:1;}">
            <Coords points="1269,136 1269,3226 2573,3226 2573,136"/>
            <TextLine id="r2l1" custom="readingOrder {index:0;}">
                <Coords points="1869,187 2035,214 2052,199 2082,213 2113,195 2135,204 2190,179 2273,189 2272,132 2225,150 2170,129 2136,151 2074,157 2021,134 1983,155 1868,150"/>
                <Baseline points="1876,171 1901,172 1927,174 1953,174 1979,175 2005,175 2031,175 2057,175 2082,174 2108,173 2134,172 2160,171 2186,169 2212,168 2238,166 2264,164"/>
                <TextEquiv>
                    <Unicode>—.—</Unicode>
                </TextEquiv>
            </TextLine>
            <TextLine id="r2l2" custom="readingOrder {index:1;}">
                <Coords points="1469,268 1522,302 1593,280 1703,294 1771,280 1818,304 1857,279 1929,274 1929,218 1893,205 1865,219 1834,205 1804,224 1716,210 1661,244 1625,221 1549,235 1469,192"/>
                <Baseline points="1477,271 1503,270 1529,270 1555,270 1581,270 1607,271 1633,271 1659,272 1685,272 1712,273 1738,273 1764,273 1790,273 1816,272 1842,272 1868,270 1894,269 1921,266"/>
                <TextEquiv>
                    <Unicode>box 36/1</Unicode>
                </TextEquiv>
            </TextLine>
            <TextLine id="r2l3" custom="readingOrder {index:2;}">
                <Coords points="2402,1114 2422,1116 2433,1126 2441,1121 2458,1125 2469,1119 2479,1124 2499,1114 2512,1116 2514,1064 2488,1065 2478,1056 2470,1061 2457,1059 2446,1063 2429,1064 2423,1059 2404,1062"/>
                <Baseline points="2410,1111 2441,1110 2472,1112 2504,1113"/>
                <TextEquiv>
                    <Unicode>367</Unicode>
                </TextEquiv>
            </TextLine>
            <TextLine id="r2l4" custom="readingOrder {index:3;}">
                <Coords points="1800,1126 1818,1122 1841,1138 1861,1139 1869,1132 1897,1137 1941,1129 1954,1139 1993,1133 1992,1088 1976,1085 1958,1093 1942,1088 1920,1097 1895,1078 1879,1082 1860,1067 1829,1088 1799,1088"/>
                <Baseline points="1807,1122 1832,1123 1857,1123 1883,1123 1908,1122 1934,1122 1959,1120 1985,1119"/>
                <TextEquiv>
                    <Unicode>Dichtung.</Unicode>
                </TextEquiv>
            </TextLine>
            <TextLine id="r2l5" custom="readingOrder {index:4;}">
                <Coords points="1266,1243 2509,1220 2456,1161 1703,1210 1449,1177 1266,1218"/>
                <Baseline points="1275,1242 1336,1242 1397,1241 1458,1240 1520,1239 1581,1238 1642,1237 1704,1236 1765,1235 1826,1234 1888,1233 1949,1231 2010,1230 2071,1229 2133,1228 2194,1226 2255,1225 2317,1224 2378,1223 2439,1221 2501,1220"/>
                <TextEquiv>
                    <Unicode>esses. Es ist die Gegenerscheinung zur Entwicklung der gleich¬</Unicode>
                </TextEquiv>
            </TextLine>
            <TextLine id="r2l6" custom="readingOrder {index:5;}">
                <Coords points="1262,1318 2333,1299 2520,1284 2519,1246 1260,1254"/>
                <Baseline points="1269,1303 1331,1302 1393,1302 1455,1300 1517,1299 1579,1298 1641,1297 1704,1295 1766,1294 1828,1292 1890,1291 1952,1289 2014,1288 2076,1286 2139,1284 2201,1283 2263,1281 2325,1279 2387,1278 2449,1276 2512,1275"/>
                <TextEquiv>
                    <Unicode>zeitigen Historien= und Genremalerei; wie in der Malerei der</Unicode>
                </TextEquiv>
            </TextLine>
            <TextLine id="r2l7" custom="readingOrder {index:6;}">
                <Coords points="1276,1350 2521,1337 2520,1293 2273,1287 1276,1330"/>
                <Baseline points="1284,1357 1345,1356 1406,1355 1468,1354 1529,1352 1591,1351 1652,1350 1713,1349 1775,1347 1836,1346 1898,1344 1959,1343 2020,1341 2082,1340 2143,1339 2205,1337 2266,1336 2327,1335 2389,1333 2450,1332 2512,1331"/>
                <TextEquiv>
                    <Unicode>Gegenstand vor dem Farbenleben beachtet wurde, so bevorzugte</Unicode>
                </TextEquiv>
            </TextLine>
            <TextLine id="r2l8" custom="readingOrder {index:7;}">
                <Coords points="1277,1428 2517,1379 2453,1344 1275,1368"/>
                <Baseline points="1284,1415 1345,1414 1406,1413 1467,1412 1529,1410 1590,1409 1651,1407 1712,1406 1774,1405 1835,1403 1896,1402 1957,1400 2019,1398 2080,1397 2141,1395 2202,1393 2264,1392 2325,1390 2386,1388 2447,1386 2509,1383"/>
                <TextEquiv>
                    <Unicode>hier der Dramatiker die Fabel vor dem Seelenleben der Ge¬</Unicode>
                </TextEquiv>
            </TextLine>
            <TextLine id="r2l9" custom="readingOrder {index:8;}">
                <Coords points="1278,1485 2489,1456 2514,1398 1276,1434"/>
                <Baseline points="1285,1474 1346,1471 1407,1470 1468,1468 1529,1466 1590,1464 1651,1463 1712,1462 1773,1460 1834,1459 1896,1458 1957,1456 2018,1455 2079,1454 2140,1452 2201,1450 2262,1449 2323,1447 2384,1445 2445,1442 2507,1440"/>
                <TextEquiv>
                    <Unicode>stalten. Indem man nun aber bei festgehaltener Einheit des</Unicode>
                </TextEquiv>
            </TextLine>
            <TextLine id="r2l10" custom="readingOrder {index:9;}">
                <Coords points="1274,1530 2529,1496 2460,1450 1273,1500"/>
                <Baseline points="1281,1527 1343,1526 1405,1524 1467,1523 1529,1522 1591,1520 1653,1519 1715,1517 1777,1516 1839,1514 1901,1513 1963,1511 2025,1510 2087,1509 2149,1507 2211,1506 2273,1504 2335,1503 2397,1501 2459,1500 2521,1499"/>
                <TextEquiv>
                    <Unicode>Dramas möglichst großen Reichtum der Handlung erstrebte,</Unicode>
                </TextEquiv>
            </TextLine>
            <TextLine id="r2l11" custom="readingOrder {index:10;}">
                <Coords points="1283,1593 2464,1572 2523,1523 1282,1554"/>
                <Baseline points="1290,1584 1351,1582 1412,1580 1473,1578 1535,1576 1596,1575 1657,1574 1718,1572 1780,1571 1841,1570 1902,1569 1963,1567 2025,1566 2086,1565 2147,1563 2208,1561 2270,1560 2331,1557 2392,1555 2453,1553 2515,1550"/>
                <TextEquiv>
                    <Unicode>wurde der Kausalnexus zu scharf betont, kamen Spannungs¬</Unicode>
                </TextEquiv>
            </TextLine>
            <TextLine id="r2l12" custom="readingOrder {index:11;}">
                <Coords points="1282,1646 2547,1609 2492,1566 1281,1603"/>
                <Baseline points="1290,1641 1352,1639 1414,1637 1477,1635 1539,1633 1602,1631 1664,1630 1727,1628 1789,1627 1852,1625 1914,1624 1976,1622 2039,1621 2101,1620 2164,1618 2226,1616 2289,1615 2351,1613 2414,1611 2476,1609 2539,1607"/>
                <TextEquiv>
                    <Unicode>künste und Effekthaschereien auf, die schließlich zu impotenten</Unicode>
                </TextEquiv>
            </TextLine>
            <TextLine id="r2l13" custom="readingOrder {index:12;}">
                <Coords points="1281,1688 2530,1667 2411,1617 1280,1659"/>
                <Baseline points="1290,1695 1351,1694 1413,1693 1474,1693 1536,1691 1598,1690 1659,1688 1721,1687 1783,1685 1844,1683 1906,1681 1968,1680 2029,1678 2091,1676 2153,1673 2214,1672 2276,1670 2338,1669 2399,1668 2461,1667 2523,1666"/>
                <TextEquiv>
                    <Unicode>Steigerungen namentlich gegen den Schluß der Akte führten</Unicode>
                </TextEquiv>
            </TextLine>
            <TextLine id="r2l14" custom="readingOrder {index:13;}">
                <Coords points="1272,1754 2531,1728 2482,1675 1272,1728"/>
                <Baseline points="1280,1755 1342,1753 1404,1751 1466,1750 1528,1748 1590,1746 1652,1744 1715,1743 1777,1741 1839,1739 1901,1738 1963,1737 2025,1735 2087,1734 2150,1731 2212,1730 2274,1729 2336,1727 2398,1725 2460,1723 2523,1721"/>
                <TextEquiv>
                    <Unicode>und den Schauspieler als Virtuosen in den Vordergrund</Unicode>
                </TextEquiv>
            </TextLine>
            <TextLine id="r2l15" custom="readingOrder {index:14;}">
                <Coords points="1281,1810 2539,1774 2489,1733 1280,1769"/>
                <Baseline points="1288,1810 1350,1808 1412,1806 1474,1804 1536,1802 1598,1800 1660,1799 1723,1797 1785,1795 1847,1793 1909,1792 1971,1790 2033,1789 2095,1787 2158,1786 2220,1785 2282,1784 2344,1782 2406,1781 2468,1780 2531,1779"/>
                <TextEquiv>
                    <Unicode>drängten: verlor man in Summa die Innerlichkeit der Hand¬</Unicode>
                </TextEquiv>
            </TextLine>
            <TextLine id="r2l16" custom="readingOrder {index:15;}">
                <Coords points="1288,1872 2460,1850 2535,1804 1288,1834"/>
                <Baseline points="1296,1868 1357,1865 1419,1862 1480,1859 1542,1858 1603,1855 1665,1854 1726,1852 1788,1851 1849,1850 1911,1848 1973,1847 2034,1846 2096,1845 2157,1844 2219,1843 2280,1841 2342,1840 2403,1838 2465,1836 2527,1833"/>
                <TextEquiv>
                    <Unicode>lung und damit ihre Verknüpfung mit der höheren Idee eines</Unicode>
                </TextEquiv>
            </TextLine>
            <TextLine id="r2l17" custom="readingOrder {index:16;}">
                <Coords points="1285,1942 2540,1894 2539,1854 2430,1840 1284,1892"/>
                <Baseline points="1292,1919 1354,1918 1416,1917 1478,1916 1540,1915 1602,1913 1664,1912 1726,1910 1788,1909 1850,1907 1912,1905 1974,1903 2036,1901 2098,1899 2160,1898 2222,1896 2284,1895 2346,1894 2408,1893 2470,1892 2532,1891"/>
                <TextEquiv>
                    <Unicode>Schicksals. Das Drama wurde damit schon vor den Zeiten</Unicode>
                </TextEquiv>
            </TextLine>
            <TextLine id="r2l18" custom="readingOrder {index:17;}">
                <Coords points="1291,1981 2441,1967 2543,1957 2541,1900 1289,1940"/>
                <Baseline points="1298,1978 1359,1976 1421,1974 1483,1972 1545,1970 1607,1968 1669,1966 1730,1965 1792,1963 1854,1961 1916,1960 1978,1958 2040,1956 2102,1955 2163,1954 2225,1952 2287,1951 2349,1950 2411,1949 2473,1948 2535,1946"/>
                <TextEquiv>
                    <Unicode>des modernen Realismus wieder zu einer freilich äußerst</Unicode>
                </TextEquiv>
            </TextLine>
            <TextLine id="r2l19" custom="readingOrder {index:18;}">
                <Coords points="1283,2044 2511,2012 2537,1966 1282,2000"/>
                <Baseline points="1290,2035 1355,2033 1420,2031 1485,2029 1550,2027 1616,2025 1681,2023 1746,2021 1811,2020 1876,2018 1942,2016 2007,2015 2072,2014 2137,2012 2202,2011 2268,2009 2333,2008 2398,2006 2463,2004 2529,2002"/>
                <TextEquiv>
                    <Unicode>kunstvollen und lebendigen Erzählung, und an Stelle der</Unicode>
                </TextEquiv>
            </TextLine>
            <TextLine id="r2l20" custom="readingOrder {index:19;}">
                <Coords points="1287,2088 2258,2087 2499,2070 2546,2029 1285,2044"/>
                <Baseline points="1294,2088 1356,2087 1418,2086 1480,2085 1543,2083 1605,2082 1667,2080 1729,2079 1792,2077 1854,2075 1916,2073 1978,2071 2041,2070 2103,2068 2165,2066 2227,2065 2290,2063 2352,2062 2414,2060 2476,2059 2539,2058"/>
                <TextEquiv>
                    <Unicode>Schicksalsidee fand sich eine bestimmte Tendenz des Dichters</Unicode>
                </TextEquiv>
            </TextLine>
            <TextLine id="r2l21" custom="readingOrder {index:20;}">
                <Coords points="1296,2150 2541,2127 2539,2080 2369,2067 1295,2120"/>
                <Baseline points="1304,2146 1365,2145 1426,2143 1488,2142 1549,2141 1611,2139 1672,2137 1734,2135 1795,2134 1857,2132 1918,2130 1979,2128 2041,2126 2102,2124 2164,2122 2225,2120 2287,2118 2348,2116 2410,2114 2471,2113 2533,2111"/>
                <TextEquiv>
                    <Unicode>ein, der Versuch, irgend einen gerade umstrittenen Satz aus</Unicode>
                </TextEquiv>
            </TextLine>
            <TextLine id="r2l22" custom="readingOrder {index:21;}">
                <Coords points="1286,2210 2543,2177 2541,2125 2449,2123 1285,2172"/>
                <Baseline points="1294,2200 1356,2199 1418,2198 1480,2197 1542,2196 1604,2195 1666,2193 1728,2192 1790,2191 1852,2189 1914,2188 1976,2186 2038,2185 2100,2182 2162,2180 2224,2179 2286,2176 2348,2175 2410,2173 2472,2170 2535,2168"/>
                <TextEquiv>
                    <Unicode>dem Bereich der sittlichen oder wohl auch der metaphysischen</Unicode>
                </TextEquiv>
            </TextLine>
            <TextLine id="r2l23" custom="readingOrder {index:22;}">
                <Coords points="1289,2266 2549,2224 2482,2180 1288,2230"/>
                <Baseline points="1297,2261 1359,2258 1421,2256 1483,2254 1545,2252 1608,2250 1670,2249 1732,2247 1794,2246 1856,2244 1919,2243 1981,2241 2043,2240 2105,2239 2167,2237 2230,2236 2292,2234 2354,2232 2416,2230 2478,2228 2541,2225"/>
                <TextEquiv>
                    <Unicode>Fragen als wahr oder nicht wahr nachzuweisen: im besten Falle</Unicode>
                </TextEquiv>
            </TextLine>
            <TextLine id="r2l24" custom="readingOrder {index:23;}">
                <Coords points="1298,2326 2518,2297 2556,2251 1296,2282"/>
                <Baseline points="1305,2316 1367,2314 1429,2312 1491,2309 1553,2307 1616,2305 1678,2303 1740,2301 1802,2299 1864,2297 1927,2296 1989,2294 2051,2292 2113,2291 2175,2289 2238,2288 2300,2286 2362,2285 2424,2284 2486,2282 2549,2281"/>
                <TextEquiv>
                    <Unicode>allerlei Weltverbesserungs= oder Weltschmerzideen, im schlimmeren</Unicode>
                </TextEquiv>
            </TextLine>
            <TextLine id="r2l25" custom="readingOrder {index:24;}">
                <Coords points="1295,2368 2507,2351 2542,2307 1294,2340"/>
                <Baseline points="1303,2368 1364,2368 1426,2367 1487,2366 1549,2364 1611,2363 1672,2361 1734,2359 1795,2357 1857,2355 1919,2354 1980,2352 2042,2349 2103,2347 2165,2346 2227,2344 2288,2342 2350,2340 2411,2339 2473,2338 2535,2336"/>
                <TextEquiv>
                    <Unicode>das Thesenstück der Dumas tils und Augier und ihrer Nach¬</Unicode>
                </TextEquiv>
            </TextLine>
            <TextLine id="r2l26" custom="readingOrder {index:25;}">
                <Coords points="1301,2428 2502,2406 2553,2348 1300,2398"/>
                <Baseline points="1309,2424 1370,2424 1432,2423 1494,2422 1556,2421 1618,2420 1680,2418 1742,2416 1804,2415 1866,2413 1928,2411 1989,2408 2051,2407 2113,2404 2175,2402 2237,2400 2299,2398 2361,2396 2423,2394 2485,2392 2547,2390"/>
                <TextEquiv>
                    <Unicode>ahmer in Deutschland. Das war, vom Standpunkte der</Unicode>
                </TextEquiv>
            </TextLine>
            <TextLine id="r2l27" custom="readingOrder {index:26;}">
                <Coords points="1308,2479 2561,2450 2560,2414 2478,2400 1307,2443"/>
                <Baseline points="1315,2481 1376,2481 1438,2480 1500,2479 1562,2478 1624,2476 1686,2474 1748,2473 1810,2470 1872,2468 1934,2466 1995,2464 2057,2462 2119,2460 2181,2458 2243,2457 2305,2455 2367,2453 2429,2452 2491,2451 2553,2451"/>
                <TextEquiv>
                    <Unicode>inneren Form aus betrachtet, das Erbe, welches die beginnende</Unicode>
                </TextEquiv>
            </TextLine>
            <TextLine id="r2l28" custom="readingOrder {index:27;}">
                <Coords points="1303,2542 1980,2546 2432,2492 2030,2469 1302,2501"/>
                <Baseline points="1311,2533 1366,2533 1422,2533 1478,2533 1533,2533 1589,2532 1645,2531 1700,2530 1756,2529 1812,2528 1868,2526 1923,2525 1979,2523 2035,2521 2090,2520 2146,2518 2202,2517 2257,2515 2313,2514 2369,2512 2425,2511"/>
                <TextEquiv>
                    <Unicode>moderne Bewegung in den achtziger Jahren übernahm.</Unicode>
                </TextEquiv>
            </TextLine>
            <TextLine id="r2l29" custom="readingOrder {index:28;}">
                <Coords points="1400,2603 2560,2555 2474,2516 1398,2546"/>
                <Baseline points="1407,2592 1464,2591 1521,2590 1578,2589 1636,2587 1693,2586 1750,2585 1808,2583 1865,2582 1922,2580 1980,2579 2037,2578 2094,2576 2151,2574 2209,2572 2266,2570 2323,2567 2381,2566 2438,2563 2495,2560 2553,2557"/>
                <TextEquiv>
                    <Unicode>Da konnte es nun kaum zweifelhaft sein, wie sich das</Unicode>
                </TextEquiv>
            </TextLine>
            <TextLine id="r2l30" custom="readingOrder {index:29;}">
                <Coords points="1304,2665 1891,2654 1945,2618 2497,2637 2542,2587 1302,2609"/>
                <Baseline points="1311,2649 1372,2648 1433,2647 1494,2646 1555,2645 1617,2644 1678,2642 1739,2640 1800,2638 1861,2637 1923,2635 1984,2633 2045,2631 2106,2630 2167,2628 2229,2626 2290,2624 2351,2623 2412,2621 2473,2620 2535,2618"/>
                <TextEquiv>
                    <Unicode>Drama weiterentfalten würde. Ganz der Durchbildung zu¬</Unicode>
                </TextEquiv>
            </TextLine>
            <TextLine id="r2l31" custom="readingOrder {index:30;}">
                <Coords points="1304,2703 2487,2691 2546,2672 2545,2630 1303,2676"/>
                <Baseline points="1311,2703 1372,2703 1433,2702 1495,2702 1556,2701 1618,2699 1679,2698 1740,2696 1802,2695 1863,2693 1925,2691 1986,2689 2047,2688 2109,2685 2170,2684 2232,2681 2293,2680 2354,2678 2416,2676 2477,2674 2539,2673"/>
                <TextEquiv>
                    <Unicode>nächst der äußeren Form zu jener illusionistischen Stärke zu¬</Unicode>
                </TextEquiv>
            </TextLine>
            <TextLine id="r2l32" custom="readingOrder {index:31;}">
                <Coords points="1300,2765 2545,2733 2543,2694 2303,2687 1528,2706 1300,2752"/>
                <Baseline points="1309,2767 1370,2764 1431,2762 1493,2760 1554,2758 1616,2757 1677,2755 1738,2754 1800,2753 1861,2752 1923,2750 1984,2749 2045,2748 2107,2746 2168,2744 2230,2742 2291,2739 2352,2736 2414,2733 2475,2729 2537,2724"/>
                <TextEquiv>
                    <Unicode>gewandt, die wir heute besitzen, warf der deutsche Impressio¬</Unicode>
                </TextEquiv>
            </TextLine>
            <TextLine id="r2l33" custom="readingOrder {index:32;}">
                <Coords points="1300,2821 2538,2806 2562,2747 1299,2791"/>
                <Baseline points="1307,2820 1369,2819 1431,2817 1494,2816 1556,2814 1619,2812 1681,2811 1743,2809 1806,2807 1868,2805 1931,2803 1993,2801 2055,2799 2118,2797 2180,2796 2243,2794 2305,2792 2367,2791 2430,2789 2492,2788 2555,2786"/>
                <TextEquiv>
                    <Unicode>nismus mit wenigen Ausnahmen so viel als möglich auch noch</Unicode>
                </TextEquiv>
            </TextLine>
            <TextLine id="r2l34" custom="readingOrder {index:33;}">
                <Coords points="1306,2887 2555,2849 2529,2799 1305,2843"/>
                <Baseline points="1314,2876 1375,2875 1437,2874 1498,2873 1560,2871 1622,2869 1683,2867 1745,2865 1807,2863 1868,2860 1930,2858 1992,2856 2053,2853 2115,2851 2177,2849 2238,2847 2300,2845 2362,2844 2423,2843 2485,2842 2547,2842"/>
                <TextEquiv>
                    <Unicode>die letzten Resterscheinungen der inneren Form über Bord: das</Unicode>
                </TextEquiv>
            </TextLine>
            <TextLine id="r2l35" custom="readingOrder {index:34;}">
                <Coords points="1312,2944 2449,2919 2563,2868 1310,2892"/>
                <Baseline points="1319,2931 1380,2930 1442,2929 1504,2928 1566,2927 1628,2925 1689,2923 1751,2922 1813,2920 1875,2917 1937,2916 1998,2913 2060,2912 2122,2909 2184,2907 2246,2905 2307,2903 2369,2901 2431,2900 2493,2898 2555,2896"/>
                <TextEquiv>
                    <Unicode>Thesenstück verschwand, von stark bewußter Gestaltung der</Unicode>
                </TextEquiv>
            </TextLine>
            <TextLine id="r2l36" custom="readingOrder {index:35;}">
                <Coords points="1314,2992 2571,2949 2497,2906 1314,2959"/>
                <Baseline points="1322,2984 1384,2983 1446,2983 1508,2982 1570,2981 1632,2980 1694,2979 1756,2978 1818,2976 1880,2975 1942,2973 2004,2971 2066,2969 2128,2968 2190,2965 2252,2963 2314,2960 2376,2958 2438,2955 2500,2952 2563,2949"/>
                <TextEquiv>
                    <Unicode>Schicksalsidee war keine Rede mehr, das Drama sollte nichts</Unicode>
                </TextEquiv>
            </TextLine>
            <TextLine id="r2l37" custom="readingOrder {index:36;}">
                <Coords points="1317,3056 2408,3040 2567,3008 2566,2961 1316,3003"/>
                <Baseline points="1325,3042 1386,3042 1448,3042 1510,3041 1571,3040 1633,3039 1695,3037 1756,3036 1818,3034 1880,3033 1942,3031 2003,3028 2065,3026 2127,3024 2188,3022 2250,3020 2312,3018 2373,3016 2435,3014 2497,3012 2559,3011"/>
                <TextEquiv>
                    <Unicode>sein als die Wiedergabe eines Stückes physiologischen, sozial¬</Unicode>
                </TextEquiv>
            </TextLine>
            <TextLine id="r2l38" custom="readingOrder {index:37;}">
                <Coords points="1319,3120 2432,3070 2431,3036 2321,3029 1318,3063"/>
                <Baseline points="1327,3101 1381,3100 1436,3099 1491,3098 1546,3096 1601,3095 1656,3093 1711,3092 1766,3090 1821,3088 1876,3087 1930,3085 1985,3083 2040,3081 2095,3079 2150,3078 2205,3076 2260,3074 2315,3072 2370,3071 2425,3069"/>
                <TextEquiv>
                    <Unicode>psychischen, individualpsychischen, neurologischen Lebens.</Unicode>
                </TextEquiv>
            </TextLine>
            <TextLine id="r2l39" custom="readingOrder {index:38;}">
                <Coords points="1408,3151 2118,3158 2564,3117 2551,3084 2437,3077 2244,3117 2081,3087 1407,3116"/>
                <Baseline points="1416,3154 1473,3154 1530,3153 1587,3153 1644,3152 1701,3151 1758,3149 1815,3148 1872,3147 1929,3145 1986,3143 2043,3141 2100,3139 2157,3136 2214,3134 2271,3131 2328,3129 2385,3126 2442,3123 2499,3120 2557,3117"/>
                <TextEquiv>
                    <Unicode>Aber konnte man sich mit alledem begnügen, als man immer</Unicode>
                </TextEquiv>
            </TextLine>
            <TextLine id="r2l40" custom="readingOrder {index:39;}">
                <Coords points="1309,3209 2359,3209 2580,3161 2570,3130 1308,3178"/>
                <Baseline points="1317,3211 1379,3212 1442,3213 1505,3213 1568,3212 1631,3211 1693,3209 1756,3208 1819,3205 1882,3203 1945,3200 2007,3197 2070,3194 2133,3192 2196,3189 2259,3187 2321,3184 2384,3182 2447,3180 2510,3179 2573,3178"/>
                <TextEquiv>
                    <Unicode>mehr zur vollen Herrschaft über die neue äußere Form gelangte</Unicode>
                </TextEquiv>
            </TextLine>
            <TextEquiv>
                <Unicode>—.—
box 36/1
367
Dichtung.
esses. Es ist die Gegenerscheinung zur Entwicklung der gleich¬
zeitigen Historien= und Genremalerei; wie in der Malerei der
Gegenstand vor dem Farbenleben beachtet wurde, so bevorzugte
hier der Dramatiker die Fabel vor dem Seelenleben der Ge¬
stalten. Indem man nun aber bei festgehaltener Einheit des
Dramas möglichst großen Reichtum der Handlung erstrebte,
wurde der Kausalnexus zu scharf betont, kamen Spannungs¬
künste und Effekthaschereien auf, die schließlich zu impotenten
Steigerungen namentlich gegen den Schluß der Akte führten
und den Schauspieler als Virtuosen in den Vordergrund
drängten: verlor man in Summa die Innerlichkeit der Hand¬
lung und damit ihre Verknüpfung mit der höheren Idee eines
Schicksals. Das Drama wurde damit schon vor den Zeiten
des modernen Realismus wieder zu einer freilich äußerst
kunstvollen und lebendigen Erzählung, und an Stelle der
Schicksalsidee fand sich eine bestimmte Tendenz des Dichters
ein, der Versuch, irgend einen gerade umstrittenen Satz aus
dem Bereich der sittlichen oder wohl auch der metaphysischen
Fragen als wahr oder nicht wahr nachzuweisen: im besten Falle
allerlei Weltverbesserungs= oder Weltschmerzideen, im schlimmeren
das Thesenstück der Dumas tils und Augier und ihrer Nach¬
ahmer in Deutschland. Das war, vom Standpunkte der
inneren Form aus betrachtet, das Erbe, welches die beginnende
moderne Bewegung in den achtziger Jahren übernahm.
Da konnte es nun kaum zweifelhaft sein, wie sich das
Drama weiterentfalten würde. Ganz der Durchbildung zu¬
nächst der äußeren Form zu jener illusionistischen Stärke zu¬
gewandt, die wir heute besitzen, warf der deutsche Impressio¬
nismus mit wenigen Ausnahmen so viel als möglich auch noch
die letzten Resterscheinungen der inneren Form über Bord: das
Thesenstück verschwand, von stark bewußter Gestaltung der
Schicksalsidee war keine Rede mehr, das Drama sollte nichts
sein als die Wiedergabe eines Stückes physiologischen, sozial¬
psychischen, individualpsychischen, neurologischen Lebens.
Aber konnte man sich mit alledem begnügen, als man immer
mehr zur vollen Herrschaft über die neue äußere Form gelangte</Unicode>
            </TextEquiv>
        </TextRegion>
    </Page>
</PcGts>
