3344 4320
130 312 1298 427 1. Panphlets, offprints
168 1185 236 1253 ng.
166 1295 769 1373 Aber freilich, dieser Natur¬
137 1356 777 1425 möglich nur bei großen und
124 1413 760 1485 ine deren einer gewesen war.
127 1468 772 1533 he wird, „was die Natur von
139 1524 776 1599 Sünde“ — und doch erscheint
126 1583 764 1649 atzung will, schal und ab¬
131 1639 777 1704 in diesem Chaos, wo gut und
121 1692 764 1763 hre und Schmach wirr durch¬
132 1748 775 1815 lbst der alte Gott im Himmel
136 1806 784 1871 fester Pol uns übrig bleibt, um
144 1870 774 1934 imuß, ein Fels, an den wir
125 1929 787 1989 nen, und an dem es zu scheitern
137 1971 371 2055 Vaterland.“
161 2023 778 2099 fest, daß in dem Schwanken
177 2086 781 2156 Sittlichkeit eine neue Ord¬
119 2141 791 2209 ller diesseitigen gesellschaftlichen
130 2206 785 2273 hervorgehen kann, und daß sich
130 2254 783 2331 n muß, will er nicht untergehen.
136 2311 781 2374 man freilich fragen, die mit
132 2365 776 2443 s in eine Zeit gleichsam vor
127 2417 780 2489 nd damit auch vor aller Kultur
127 2480 783 2543 ort kann nur lauten: auch sie.
128 2542 784 2614 er sittlicher Konflikte im Drama
118 2633 780 2717 fiker Sudermann schon von dieser
121 2702 776 2771 Pie man auch seine Dramen be¬
136 2765 786 2818 auf diesem Gebiete hat er noch
133 2819 784 2885 n letzten Dramen im besonderen
143 2878 794 2945 vornherein sittlich entwurzelten,
152 2931 790 3000 vor, während im „Johannis¬
121 2978 781 3058 der sich in der soeben umrissenen
132 3046 790 3115 he entwickelt, schließlich doch noch
128 3096 806 3162 nd über alles siegt die Sittlichkeit
127 3157 441 3222 s, der Heimat.
152 3211 807 3281 Sudermanns im einzelnen noch
138 3266 798 3346 el höherem Grade und viel inner¬
1949 252 2231 312 —.—
1452 308 1902 416 box 36/1
1733 1163 1933 1229 Dichtung.
2337 1164 2460 1232 375
1219 1266 2466 1332 licher auch die Hauptmanns ist, so bleibt doch bei alledem
1216 1326 2465 1407 gewiß, daß die letzten Dramen beider Dichter gleichmäßig die
1218 1390 2465 1440 Absicht zeigen, die dramatischen Konflikte sittlich zu vertiefen:
1208 1447 2457 1523 fern schon stehen sie ihrer inneren Form nach dem rein physio¬
1205 1504 2460 1556 logischen oder psychologisch= impressionistischen Drama, und
1212 1576 2470 1631 auch die äußere Form, obwohl sie grundsätzlich und jetzt
1218 1621 2462 1682 namentlich auch bei Sudermann rein impressionistisch ist,
1207 1675 2463 1721 zeigt doch schon starke Spuren der Ummodelung nach den
1211 1727 1663 1788 inneren Bedürfnissen.
1303 1777 2466 1851 Es ist eine Wandlung, wie wir sie auch in der Zunahme
1214 1843 2464 1905 philosophischer, wenn auch teilweis noch recht mystischer Lyrik
1204 1891 2465 1944 beobachten konnten, wie sie nicht minder in der steigenden
1210 1955 2466 2000 Durchsetzung unserer Kunsterzählung mit ethischen und sogar
1214 2012 2459 2066 metaphysischen Problemen, sowie in der Entwicklung einer
1204 2063 2472 2118 kräftig wachsenden Heimatskunst vorliegt: sie führt unmittelbar
1204 2128 2470 2190 hinein in die jüngsten Kämpfe um eine neue Sittlichkeit und
1221 2174 1761 2242 um einen neuen Glauben.
