3344 4320
1993 249 2267 331 ——
1495 308 1947 419 box 36/1
163 316 1336 431 1. Panphlets, offprints
1297 386 1345 421 —
885 1231 1008 1307 374
1417 1253 1622 1319 Dichtung.
874 1358 2125 1445 ihn hemmen und verwirren.“ Aber freilich, dieser Natur¬
882 1431 2136 1497 zustand gilt Sudermann als möglich nur bei großen und
886 1471 2126 1555 freien Charakteren, wie Regine deren einer gewesen war.
871 1522 2135 1600 Für uns gewöhnliche Sterbliche wird, „was die Natur von
881 1594 2133 1652 uns fordert, zu Schmutz und Sünde“ — und doch erscheint
879 1649 2128 1699 uns, „was die Menschensatzung will, schal und ab¬
875 1703 2135 1761 geschmackt". „Es ist gut, daß in diesem Chaos, wo gut und
883 1756 2119 1816 böse, Recht und Unrecht, Ehre und Schmach wirr durch¬
879 1816 2131 1877 einander taumeln und wo selbst der alte Gott im Himmel
869 1867 2125 1931 ohnmächtig dahinschwindet, ein fester Pol uns übrig bleibt, um
871 1922 2127 1989 den sich alles aufs neue ordnen muß, ein Fels, an den wir
873 1989 2132 2048 Ertrinkenden uns klammern können, und an dem es zu scheitern
875 2040 1734 2101 selbst noch Wollust ist — das Vaterland.“
966 2094 2129 2165 So steht für Sudermann fest, daß in dem Schwanken
878 2148 2121 2219 moderner Weltanschauung und Sittlichkeit eine neue Ord¬
879 2211 2130 2281 nung nur aus der größten aller diesseitigen gesellschaftlichen
871 2254 2119 2332 Ordnungen, der nationalen, hervorgehen kann, und daß sich
868 2321 2127 2391 ihren Geboten jedermann fügen muß, will er nicht untergehen.
877 2376 2123 2442 Auch jene Urnaturen, darf man freilich fragen, die mit
872 2429 2117 2505 den Wurzeln ihrer Kraft bis in eine Zeit gleichsam vor
871 2487 2124 2557 aller nationalen Ordnung, und damit auch vor aller Kultur
869 2530 2114 2617 zurückreichen? Und die Antwort kann nur lauten: auch sie.
876 2593 2119 2672 Und damit ist ein Herd großer sittlicher Konflikte im Drama
869 2645 1111 2715 geschaffen.
970 2699 2128 2780 Hat nun aber der Dramatiker Sudermann schon von dieser
867 2775 2116 2818 Erwägung aus geschaffen? Wie man auch seine Dramen be¬
870 2812 2114 2888 trachte: die stärksten Konflikte auf diesem Gebiete hat er noch
869 2886 2115 2946 nicht aufgesucht, und von seinen letzten Dramen im besonderen
873 2942 2116 3012 führt „Johannes“ einen von vornherein sittlich entwurzelten,
863 2995 2109 3043 mehr als modernen Charakter vor während im „Johannis¬
877 3042 2123 3101 feuer“ der sittliche Konflikt, der sich in der soeben umrissenen
872 3109 2120 3168 Form bis dicht zur Katastrophe entwickelt, schließlich doch noch
870 3163 2136 3212 umgebogen wird: unbedingt und über alles siegt die Sittlichkeit
861 3209 1780 3279 der sozialen Triebe, des Hauses, der Heimat.
958 3280 2133 3329 Ist so die Stellung auch Sudermanns im einzelnen noch
850 3333 2128 3380 zweifelhaft, wie es in noch viel höherem Grade und viel inner¬
3148 1277 3350 1382 Dichtung.
2626 1379 3327 1459 licher auch die Hauptmanns ist, s
2625 1438 3350 1531 gewiß, daß die letzten Dramen bei
2619 1498 3350 1579 Absicht zeigen, die dramatischen Ko
2626 1554 3351 1635 fern schon stehen sie ihrer inneren F
2620 1608 3346 1688 logischen oder psychologisch=impres
2618 1666 3317 1740 auch die äußere Form, obwohl
2614 1723 3313 1795 namentlich auch bei Sudermann
2604 1775 3350 1872 zeigt doch schon starke Spuren de
2617 1831 3055 1894 inneren Bedürfnissen.
2705 1887 3341 1972 Es ist eine Wandlung, wie wir
2605 1937 3325 2012 philosophischer, wenn auch teilweis
2609 2003 3322 2075 beobachten konnten, wie sie nicht
2601 2065 3350 2146 Durchsetzung unserer Kunsterzählung
2604 2121 3350 2188 metaphysischen Problemen, sowie in
2600 2164 3351 2250 kräftig wachsenden Heimatskunst vorl
2600 2223 3328 2295 hinein in die jüngsten Kämpfe um
2608 2282 3139 2348 um einen neuen Glauben.
