3296 4352
147 238 1326 346 1. Panphlets offprints
155 1159 241 1232 ung.
156 1250 791 1353 runde nur nach dem Maßstabe
159 1332 316 1398 werden.
155 1378 779 1464 ma wirklicher Vollendung eine
172 1439 772 1504 äußere der jeweils höchst er¬
158 1493 788 1570 kl=psychologischen Technik und
161 1552 787 1631 nach deren Wesen die Gestalten
208 1603 795 1682 Der Dichter erlebt zunächst
157 1662 791 1736 ten bis zu dem Grade, daß er
162 1719 792 1800 rf, soll seine Einbildungskraft
184 1775 786 1851 gehen; er vollzieht diese Ent¬
166 1832 800 1910 n in eine bestimmte Handlung
163 1882 797 1960 sal unterstellt, dessen Verlauf
162 1939 793 2032 und groß hält, d. h. von seiner
168 2063 799 2128 as Drama das Erste; sie giebt
166 2111 801 2190 harakter. Aber daneben steht
172 2172 798 2257 atische Kunst eine innere Form,
175 2262 807 2346 durchaus und in jeder Hinsicht
182 2336 803 2419 des einzelnen Dichters? Oder
168 2393 791 2464 llgemeinen geschichtlichen Wund¬
176 2449 799 2533 e Frage, die hier zunächst auf¬
170 2508 806 2580 er Beantwortung die Sicherheit
170 2565 801 2647 der man über Gegenwart und
161 2610 795 2704 kutschen Dramas urteilen km.
175 2676 803 2758 st auf der Hand, daß einzelne
167 2736 807 2808 tanschauung zweifelsohne indi¬
173 2791 807 2860 ichterpersönlichkeit sind — genan
162 2847 812 2919 eiten der äußeren Form immer
180 2901 806 2977 einzelnen schöpferischen Persön¬
173 2957 815 3032 darüber hinaus sind, wiederum
172 3018 813 3088 die allgemeinen Züge der Welt¬
175 3076 818 3154 Ergebnisse der generellen Kultur¬
188 3127 826 3202 weil die Weltanschauung eines
180 3190 822 3251 cht bloß dem Dichter vom Herzen
183 3239 834 3315 blikum zum Herzen gehen muß.
1945 153 2404 238 ——
1494 219 1938 330 box 36/1
2370 1085 2480 1169 365
1755 1122 1951 1185 Dichtung.
1231 1213 2481 1305 Und weil sie dies sind, darum ist eine große, allgemeine, Dichter
1231 1299 2488 1349 und Publikum zugleich umfassende, einheitliche, der ganzen Zeit
1229 1343 2494 1411 angehörige Weltanschauung die Voraussetzung eines großen
1240 1416 1438 1481 Dramas.
1342 1443 2485 1522 Ist nun diese Voraussetzung für die Gegenwart erfüllt?
1333 1503 2494 1574 Die Weltanschauungen der letzten drei bis vier Jahr¬
1243 1572 2502 1637 hunderte lassen sich in ihrem Verhältnis zum Drama am besten
1240 1623 2084 1707 in transcendente und immanente scheiden.
1336 1673 2503 1752 Die wirksamste aller transcendenten Weltanschauungen war
1243 1720 2493 1807 in dieser Zeit die christliche. Völlig und klar ausgeprägt aber hat
1247 1781 2503 1864 sie während dieser Periode eigentlich nur im katholischen Drama
1249 1836 2498 1923 bestanden. Dies verlegt in seiner reinsten Gestalt das Schicksal
1249 1892 2498 1974 noch in den Himmel, in die Liebe und Gnade eines über¬
1252 1972 2498 2029 weltlich, jenseitig, persönlich gefühlten Gottes. Und diese
1254 2008 2503 2087 Gnade ist es, die den schuldigen Helden, den Sünder schließlich
1249 2081 2502 2141 dennoch erlöst. Und alle Gestalten des Dramas sind gebunden in
1244 2130 2503 2198 diese Liebe, haben Seelen, deren gute Eigenschaften im Grunde
1249 2183 2506 2249 als Gnadengaben Gottes, deren schlechte als Werk des Teufels
1257 2226 2505 2303 erscheinen. Es ist das Drama Calderons, des christlichsten
1251 2302 2466 2365 aller großen Dramatiker der europäischen Völkergemeinschaft.
1346 2343 2497 2428 Auf evangelischem Boden dagegen, in der vollen Luft zu¬
1257 2398 2508 2481 gleich schon der philosophischen Regungen der Renaissance kommt
1265 2452 2504 2529 dies christlich=transcendente Schicksal eigentlich nur noch ab¬
1264 2507 2515 2591 geblaßt vor, durchsetzt von dem Gedanken der Gotteskindschaft
1260 2565 2515 2646 des Menschen, unterhöhlt von Vorstellungen einer religio
1254 2621 2513 2708 naturalis, die sich seit dem 16. Jahrhundert im Anschluß an
1267 2668 2518 2764 den Immanenz predigenden Stoicismus der spätrömischen Zeit
1271 2733 2517 2807 entwickelten: es ist die Atmosphäre, in deren allgemeinem Be¬
1258 2807 1799 2886 reiche Shakespeare atmet.
1366 2858 2520 2935 Und mit dem Emporsteigen eines neuen großen seelischen
1268 2903 2519 2987 Zeitalters um 1750, mit der Empfindsamkeit und ihrem
1273 2954 2529 3049 Freundschaftskult und der zunehmend stärkeren Vergesellschaftung
1262 3015 2526 3092 der Individuen setzte speziell in Deutschland immer fester
1264 3080 2522 3153 nun ein Trieb immanenter Weltanschauungen ein, und das
1267 3148 2535 3207 Schicksal erschien gegeben in Abhängigkeit von dem inneren
1279 3193 2531 3264 Charakter der Zeit und des Ortes, erschien gekettet an Zeit¬
