3392 4352
162 290 756 388 1: Panphlet s
1513 285 1960 379 box 36/1
755 288 1343 394 Offprints
812 1263 930 1316 310
1348 1255 1540 1327 Dichtung.
816 1358 2084 1444 oberhalb der Frau Wilhelmine Buchholz. Fast ganz gehen
820 1420 2084 1510 dann aber Fontanes letzte Werke in der seelischen Schilderung
820 1476 2076 1559 sozialer Typen auf: die „Poggenpuhls“ (1896) bringen die
821 1531 2060 1621 Naturgeschichte der armen adligen Offizierfamilie, „Der Stechlin“
809 1579 2081 1651 (1898) die Charakterzeichnung des preußischen Junkers. Etwa
813 1659 2072 1734 gleichzeitig aber mit Fontane sind auch sonst einige Dichter,
808 1711 2074 1770 deren Bedeutung sonst mehr früheren entwicklungsgeschichtlichen
806 1763 2081 1841 Perioden der nationalen Phantasiethätigkeit angehört, in ästhetisch
815 1810 2065 1902 vielleicht besonders hochstehenden Werken zum sozialpsycho¬
817 1869 2073 1955 logischen Roman übergegangen. So vor allem Adolf Wilbrandt
814 1928 2066 2009 (geb. 1837) in seinem „Hermann Ifinger“ (1892), übrigens unter
810 1980 2062 2064 kräftiger Absage gegen einen übertriebenen Naturalismus. Und
814 2031 2069 2119 auch Wildenbruch, der bis dahin Meisterschaft eigentlich nur
812 2094 2064 2169 in der Psychologie des Kindes bewährt hatte, kehrte mit der
810 2142 2046 2240 „Schwesterseele“ (1894) in der Heimat der „Alltäglichkeits¬
810 2201 1159 2274 psychologie“ ein.
901 2263 2059 2355 Im ganzen aber wurde der moderne sozialpsychologische
802 2325 2059 2403 Roman doch von jungen Kräften getragen, die nun in immer
805 2380 2055 2464 größerer Zahl auftauchten. Und als früheste Führer dieses
796 2428 2050 2515 Chores traten Georg Freiherr von Ompteda (geb. 1863) und
794 2480 2058 2573 Wilhelm von Polenz (geb. 1861) hervor. Von ihnen ist
793 2546 2056 2627 Polenz nicht so fein und technisch nicht in dem Grade modern
800 2598 2046 2681 wie Ompteda. Aber die sozialen Umwelten namentlich des
790 2660 2048 2723 platten Landes seiner obersächsischen Heimat giebt er doch mit
788 2708 2047 2794 ausgesprochenem Geschick wieder („Pfarrer von Breitendorf“
793 2756 2044 2856 1893 u. a. m.). Ompteda, ein Niedersachse, ist nach anfäng¬
794 2815 2040 2914 lichem Schwanken mit „Sylvester von Geyer“ (1897) scharf
781 2877 2040 2961 und sicher in die sozialpsychologische Bahn eingelenkt: der Ge¬
793 2936 2040 3024 schichte eines armen adligen Offiziers von seiner Geburt bis
786 2987 2039 3084 zu seinem frühen Tode, eines Offiziers nur des Mittelmaßes.
872 3054 2046 3131 Hohen Aufschwung aber nahm diese Richtung, als sie
780 3112 2039 3189 mit einer breiteren, ihr naturgemäß parallel laufenden Strömung
785 3164 1746 3240 verschmolz: mit der Richtung auf Heimatskunst.
865 3219 2032 3300 Die sozialpsychologische Betrachtungsweise wird immer
782 3271 2027 3347 gern am Boden haften: denn nur in der beständigen Berührung
776 3330 2034 3410 mit den nährenden und schaffenden Mächten der Erde und
1984 222 2421 300 —
3066 1301 3262 1362 Dichtung.
2544 1404 3346 1473 eben damit schon fern jedem überschwän
2555 1459 3335 1530 findet sie wahres Gedeihen. Und so
2542 1514 3334 1579 ihrer modernen Ausbildung thatsächlich
2550 1570 3341 1662 Richtungen der Dichtung der nächstver
2546 1631 3336 1693 zu suchen: die Bauernkunst der vierziger
2542 1685 3345 1752 ihr Ursprungsgebiet, und Jeremias Gotth#
2548 1750 3333 1805 geschichten, Otto Ludwig mit seinen
2547 1793 3341 1866 sind ihre vornehmsten Paten. Von di
2541 1848 3343 1930 dann, wenn auch zeitweis durch den gr
2545 1908 3350 1990 nismus überschattet, die ganze Bewegun
2541 1964 3348 2060 gelassen oder gar aufgehört: Zeuge dafü
2546 2011 3331 2089 Talent wie der Balte Theodor Hermann
2537 2084 3350 2154 der konservativ=orthodoxe Romancier der
2536 2133 3346 2213 von Keller“ 1885), — noch größerer Ge
2534 2187 3346 2261 der Österreicher Anzengruber und Rosegg
2536 2245 3347 2305 auch der Ebner=Eschenbach, nicht zu gede
2630 2295 3334 2360 Wie mächtig aber diese Strömun
2532 2351 3341 2423 Vorbedingungen der modernen Litterat
2534 2408 3347 2494 nationalen Daseins der Gegenwart her
2527 2463 3358 2542 die Erscheinung, daß schließlich auch die
2533 2519 3351 2586 landschaftliche Färbung erhielt — wie seh
2538 2588 3347 2655 Preuße, Hauptmann Schlesier! —, und
2526 2636 3351 2716 die Thatsache, daß eine neue landsch
2535 2694 3350 2764 Haupt alsbald auch in dem wiedergewon
2525 2746 3351 2835 einer uralten und klassischen Geburtsstätt
2529 2802 3349 2873 erhob: 1891 erschienen die Alsalieder Chr
2521 2865 3333 2929 die „Lieder eines Elsässers“ von Fritz
2527 2909 3349 2992 mächtig in die Heimatsbewegung eingeg
2531 2972 3335 3032 kam es in Straßburg sogar schon zur
2523 3016 3338 3100 sonderen Elsässer Theaters, für das e
2526 3079 3332 3149 deutsche Dichter im Geiste des alten
2520 3142 3280 3209 montags“ rüstig schufen und schaffen.
2616 3203 3349 3258 Eine ganz besondere Bedeutung aber e
2517 3255 3338 3323 zur Heimatkunst seit etwa dem Jahre
2514 3314 3327 3376 frühesten Spuren ihrer ausgesprochenen
2516 3360 3345 3439 Österreich zurückgehen: und zwar ebenf
2898 4161 3197 4224 Seniesestierthrmetn e hnn
