3344 4352
1450 221 1891 316 box 36/1
162 235 1298 335 anphlets Offprints
1448 1323 1666 1389 Dichtung.
928 1328 1047 1393 330
1028 1419 2187 1498 3. Allein war denn auch nur bis in die ersten neunziger
935 1490 2195 1554 Jahre hinein ein physiologischer Impressionismus wirklich der
936 1554 2183 1613 Alleinherrscher geblieben? Ist das Drama nicht eine Dichtungs¬
940 1615 2183 1670 form, die, vornehmlich gerade wegen der stark betonten Außer¬
928 1654 2192 1709 lichkeiten, um so mehr auch das Innerliche widerzuspiegeln hat?
929 1726 2188 1774 Ist es daher ohne eingehende Psychologie überhaupt denkbar?
937 1791 2198 1841 Die beste Antwort auf diese Fragen liegt in der Thatsache,
925 1827 2191 1884 daß das Drama entwicklungsgeschichtlich überhaupt immer erst in
938 1895 2191 1947 Zeiten höher entfalteten — und das heißt bewußt und spontan
1564 1936 2192 2004 Seelenlebens auftritt. So ist
929 1940 1494 2007 ausdrucksfähig gewordenen
929 2011 2191 2055 denn auch das physiologisch=impressionistische Drama stets zu¬
935 2052 2187 2109 gleich von psychologischen Motiven erfüllt gewesen, wenn diese
934 2105 2191 2168 Motive auch zumeist mehr sozial= als individual=psychologischen
943 2161 2186 2225 Charakters waren, und es ist dieses Wesen auch in der bisher
943 2229 2182 2280 gegebenen Darstellung in einem gewissen Schwanken der Charak¬
940 2291 2190 2346 teristik zwischen physiologisch und psychologisch zum entsprechen¬
935 2328 2192 2386 den Ausdruck gelangt. Im ganzen aber ließ sich natürlich unter
935 2397 2196 2451 diesen Umständen leicht, in kaum merklichen Schritten ein Über¬
930 2443 2198 2515 gang zu immer stärkerer Betonung des Psychischen vollziehen:
933 2499 2189 2565 und schließlich mußte ein in der Hauptsache psychologisch charak¬
939 2554 2057 2605 terisiertes impressionistisches Drama das Ergebnis sein.
1041 2614 2184 2676 Zunächst aber trat doch eine etwas anders geartete Ent¬
950 2660 2203 2731 wicklung in den Vordergrund. Es versteht sich nach dem Ge¬
949 2722 2195 2797 sagten leicht, daß nirgends fast energischer und deutlicher als auf
942 2796 2206 2843 dem Gebiete des Dramas seit Anfang der neunziger Jahre
943 2832 2204 2909 Gemüt und Einbildungskraft es gegenüber dem mehr vom Ver¬
951 2897 2190 2963 stande getragenen dichterischen Betrieb eines äußerlichen Im¬
941 2963 2213 3012 pressionismus zu Gegenwirkungen brachten: man suchte das dem
945 2998 2210 3068 Herzen Entsprechende, ja das Phantastische. Und das fand sich
944 3075 2211 3124 nun zunächst nicht so sehr im rein psychologischen als vielmehr
942 3114 2207 3171 im Märchen= und Traumdrama, die ja beide im Grunde nur
951 3179 2215 3238 dadurch verschieden sind, daß im Märchen eine phantastische
943 3220 2216 3288 Handlung alsbald einsetzt, während im Traumdrama erst
950 3282 2219 3346 innerhalb des Stückes selbst die Fabel von einem realen
956 3332 2210 3398 Untergrunde in phantastische Handlungen übergeführt wird.
964 3409 2233 3468 Technisch nahegelegt aber wurde diese entschiedene Reaktion
2546 4101 3016 4163 .
