3392 4352
2159 88 2298 152 —
1514 161 1957 251 box 36/1
582 164 670 233 le
174 161 1353 252 1. Panb.Offprints
2335 959 2449 1054 345
1724 957 1929 1037 Dichtung.
1192 1075 2449 1148 Jau sind zwei arme Teufel und Trunkenbolde, die an den
176 1092 723 1172 ehmlich künstlerischen Vor¬
1183 1131 2458 1192 Thoren eines märchenhaften Fürstenschlosses aufgegriffen werden
165 1162 736 1233 en fünfziger Jahren. Aber
1193 1207 2455 1258 und durch entsprechende Simulationen des Hofpersonals unter
181 1212 732 1289 noch hinaus. Das Thema
1195 1267 2451 1321 Teilnahme des wirklichen Fürsten dazu gebracht werden sollen,
176 1272 743 1340 reichen Variationen ist das
1198 1311 2447 1387 sich selbst für Fürst und Fürstin zu halten: ein Experiment,
175 1323 740 1393 elt seit den Tagen Giordano
1192 1357 2450 1430 das bei Schluck zum Erschrecken gut, bei Jau, hier auch nicht
189 1382 739 1447 in ihm; über Jahrhunderte
1200 1424 2450 1480 in seinem ganzen möglichen Umfang unternommen, weniger
180 1439 734 1522 er Fragen, welche die „Ver¬
1197 1465 2452 1543 gelingt. Der Stoff ist alt, die Behandlung schwerfällig.
1204 1527 2456 1603 Zwar führen die bewußten Anlehnungen an Shakespeare sowohl
173 1554 749 1624 stehr die des naturalistischen
1205 1602 2457 1654 in der Sprache wie in der Zeichnung der beiden Rüpel, der
176 1609 737 1680 gen dauerhafter empfunden
1204 1638 2465 1701 heitere Märchenton, der namentlich bei Erwähnung der zarten
184 1675 735 1733 darum manches vom alten
1208 1696 2463 1763 Liebe des Fürsten zur Sidselill angeschlagen wird, und nicht
176 1717 743 1780 hnzen ist zwar einfach und
1210 1745 2464 1822 minder auch die skizzierende Art der Charakterzeichnung in der
180 1779 742 1849 noch ergiebt sich gegenüber
1208 1809 2463 1875 Schilderung des Hofes und Hofgesindes ohne Fährlichkeit in
194 1835 751 1907 Mehr von Handlung, und
1214 1871 2465 1934 das romantische Land, das hier und da etwa als das Land der
172 1888 752 1973 Ferwicklungen nicht gescheut.
1207 1919 2457 1990 französischen Liebeshöfe angedeutet wird. Aber man sieht: was
183 1945 747 2014 rama, aber auch die Grenze
1215 1990 2452 2038 den Dichter eigentlich fesselt, ist doch nicht die bunte Seifen¬
175 1997 753 2082 sten. Eine neue Auffassung
1213 2023 2471 2100 blase eines verworrenen Geschehens, sondern die Charakteristik
193 2056 752 2133 Selbständigkeit des Helden
1213 2087 2460 2163 der seelischen Regungen im Grunde nur einer Person, des
178 2116 752 2187 eine neue dramatische Form.
1214 2154 2461 2207 armen Muß=Fürsten Schluck. Auch insofern stellt sich „Schluck
172 2170 749 2252 echnik vollzieht sich ein Aus¬
1212 2194 2474 2273 und Jau“ neben „Kollege Crampton“. In beiden Stücken
193 2225 755 2286 s Märchendrama scheint den
1205 2257 2233 2320 liegen zunächst und eigentlich Charakterstudien vor.
177 2287 758 2364 nd zwar in einzelnen Partien
1304 2319 2455 2385 Und begann nicht auch schon in der „Versunkenen Glocke“
184 2338 754 2399 ng. Aber gleichwohl bleiben
1216 2362 2468 2435 im Grunde das psychologische Interesse zu überwiegen? Aus
201 2392 745 2471 des naturalistischen Im¬
1213 2421 2459 2489 dem Symbolismus heraus schreitet der Dichter einer neuen Ent¬
195 2451 757 2525 ist scharf und scheut keine
1211 2498 2471 2552 wicklungsperiode, der eines ausgesprochenen Psychologismus, zu.
184 2506 753 2581 ache und des Verses ist es
1312 2535 2465 2602 Indes war die Periode des Traum= und Märchendramas
184 2570 758 2628 chdeutsch redenden Personen
1218 2595 2469 2659 mit den Werken Hauptmanns keineswegs erschöpft und ab¬
184 2623 761 2682 enfalls in Verse gebrachten
1221 2638 2476 2723 geschlossen. So brachte z. B. auch Ernst Rosmer (Elsa Bernstein)
184 2674 759 2747 edienen kann, ohne daß das
1213 2700 2475 2774 nach Dramen eines naturalistischen Impressionismus, der aus
215 2725 766 2807 Ja gerade der Vers wirkt
1218 2748 2476 2830 dem Physiologischen schon stark ins Psychologische übergriff,
189 2783 754 2857 eneinander von Wirklichkeits¬
1225 2812 2481 2890 in den „Königskindern“ von 1895 ein Märchendrama. Aber
195 2851 771 2922 Himmelfahrt“ wird dadurch
1215 2863 2480 2944 entwicklungsgeschichtlich gelangte die Dichterin doch nicht über
216 2895 771 2980 ja verbindet die Gegensätze.
1219 2920 2488 2988 den scharfen Dualismus von Naturalismus und Phantasma
229 2957 769 3027 ist Hauptmann neuerdings
1227 2976 2479 3051 hinaus, der „Hannele“ kennzeichnet, wenn sie auch zur Ver¬
223 3013 771 3087 (1899) halb und halb auf
1222 3031 2493 3114 söhnung des Gegensatzes ein neues Moment, nämlich die Ver¬
193 3071 780 3151 rückgekommen. Schluck und
2664 4021 2866 4090 A
