3344 4320
467 326 582 392 11e
96 328 1271 424 1. Panp.offprints
90 1106 264 1187 Dichtung.
94 1209 804 1297 r die weitesten aller Arenen, die
88 1291 804 1364 politische, sind noch wenig betreten
101 1347 805 1408 t sich, zuerst bei Ibsen, dann, mit
86 1400 796 1466 bei Hauptmann, Sudermann, Halbe,
101 1457 800 1532 Schnitzler u. a. auch eine besondere
91 1517 799 1585 g unter diesen Umständen heraus:
101 1573 808 1641 Handlung und damit ein deutlicher
93 1628 796 1698 sein wenigstens idealistischer Mo¬
101 1688 800 1755 hst in eine Umwelt eingeführt, die
104 1738 799 1810 strebungen der zur Handlung be¬
116 1790 809 1869 Gleichgewicht steht; dann erscheint
100 1855 812 1919 Gleichgewicht stört, indem sie dem
103 1910 813 1970 egen die Umwelt drängendes Innere
118 1964 811 2032 macht, und der Konflikt beginnt.
125 2025 810 2095 Dramen eine Person nicht, so
95 2078 805 2153 ich mehrere aufgebracht, so z. B. in
121 2139 820 2196 starke Weber Bäcker und der aus
105 2188 498 2262 Webergesell Jäger.
106 2242 817 2313 Gestalten wohl an etwas wie einen
130 2302 812 2369 in Bewegung setzenden deus ex
100 2361 810 2430 isdruck erlaubt ist. Die Berechtigung
106 2412 816 2474 an Eigentümlichkeiten des parallel
109 2469 802 2540 Romans heranzieht. Dieser ist be¬
119 2528 816 2592 so gebaut, daß ein soziales Milien
102 2579 809 2654 in dessen langsame Anderungen vor¬
105 2653 812 2704 endlich zu Tage tritt, wie gewisse
125 2690 807 2766 Zustand des ersten Milieus sehr
102 2750 815 2810 ußzustand nicht mehr leben können
108 2808 810 2876 ei denn, daß sie sich diesem Zustand
110 2870 821 2926 wird also der Konflikt im Romane
108 2917 817 2984 Nilieus erzeugt und dieses (und
110 2972 818 3053 Gesetzmäßigkeit) dadurch als über¬
109 3025 806 3103 Weg, der langsame und eindring¬
127 3084 819 3163 kann im Drama nicht eingeschlagen
118 3153 820 3214 das Problem so gefaßt, daß sich
103 3201 833 3289 urch einen äußeren Anlaß, zumeist
1883 243 2234 325 ——
1437 317 1879 413 box 36/1
1768 1121 1976 1185 Dichtung.
2377 1129 2493 1187 371
1260 1244 2505 1298 eine hinzukommende Person, auf einmal und unerwartet als
1246 1286 2509 1341 im Konflikt mit dem Milieu besindlich erkennt und im Kampfe
1246 1340 1846 1416 mit diesem zu Grunde geht.
1348 1393 2505 1455 Dieser Zusammenhang zeigt, daß der äußere Anlaß, die
1249 1459 2502 1523 hinzukommende Person, ein sehr starkes Moment einer Stili¬
1255 1514 2506 1581 sierung der Handlung ist und beweist mithin wiederum für ein
1247 1575 2492 1635 idealistisches, d. h. von einer bestimmten Weltanschauung ab¬
1248 1627 2491 1688 hängiges Drama. Und in tausend anderen kleinen Be¬
1246 1702 2489 1752 obachtungen, die namentlich die starke Vereinfachung der Hand¬
1253 1738 2502 1792 lung betreffen würden, würde sich auch sonst noch der Nachweis
1254 1807 2497 1863 erbringen lassen, daß es sich schon in den Dramen des natura¬
1257 1855 2503 1896 listischen Impressionismus, wenn auch noch keineswegs um eine
1259 1909 2502 1971 klar ausgesprochene Weltanschauung, so doch um Elemente
1253 1964 1710 2030 einer solchen handelt.
1349 2025 2501 2085 Freilich werden diese als für ein Drama von höchster Be¬
1251 2091 2490 2141 deutung ausreichend noch nicht erachtet werden können. v. Han¬
1263 2133 2505 2193 stein berührt doch wohl einen springenden Punkt, wenn er
1259 2187 2510 2255 einmal von Fuhrmann Henschel behauptet, das sei ein Mensch,
1265 2242 2503 2299 „der sich niemals als Thäter seiner Thaten fühlt, weil er
1248 2295 2499 2363 nur immer den Weg trottet, den ihm die Umstände anweisen“.
1253 2365 2503 2422 Die Umstände! Das ist es. Es fehlt den handelnden Per¬
1265 2411 2510 2471 sonen noch der starke sittliche Nerv; sie sind zu sehr Utilitarier
1254 2466 2511 2519 oder sittlich ratlos. Darum sind auch die Konflikte nicht stark,
1263 2544 2501 2588 und gelegentlich wird man am Schluß eines Dramas an das
1255 2589 1885 2658 Hornberger Schießen erinnert.
1344 2634 2497 2692 Aber auch hier zeigen sich doch schon Spuren weiterer
1261 2697 2499 2749 Entwicklung. Charakteristisch scheint zu sein, daß man augen¬
1264 2757 2504 2814 blicklich vielfach geneigt ist, Sudermann als Dramatiker neben
1263 2810 2510 2871 Hauptmann zu stellen, ja vor ihm gehen zu lassen, obwohl
1266 2868 2518 2931 Hauptmann der tiefere Psycholog und auch wohl die stärkere
1260 2930 1907 2995 dichterische Kraft ist. Warum?
1352 2971 2499 3028 Hauptmann läßt seine Einzelpersonen zu sehr im Zuständ¬
1256 3028 2505 3102 lichen stecken. In seiner Begabung liegt etwas Plastisches,
1255 3098 2505 3150 wie er sich denn eine Zeitlang zum Bildhauer bestimmt fühlte.
1261 3147 2515 3212 Darum schafft er gern Menschen an sich, aus reiner Freude
1261 3196 2519 3259 an ihrem Dasein, ohne in ihnen eine Idee, etwa gar eine sitt¬
2231 3256 2321 3315 24*
