3344 4384
194 1419 230 1470 11
1999 96 2242 175 —
1453 170 1901 267 box 36/1
117 179 1290 267 1. Panphlets offorints
2226 1195 2354 1257 309
1626 1193 1834 1262 Dichtung.
285 1275 629 1361 in; die Möglich¬
1099 1310 2356 1376 häufiger Dichterinnen: es sind individualpsychische Ausläufer
254 1354 639 1421 lung spiegelt wohl
1095 1363 2199 1418 der Entwicklung im verwegensten Sinne des Wortes.
314 1407 641 1476 altigsten wieder.
1188 1429 2359 1486 Aber daneben steht und erwächst gerade in den letzten
393 1462 635 1533 ) in weitere
1097 1472 2346 1537 Jahren zu siegreicher Ausbreitung ein zweiter, sozialpsychischer,
267 1520 644 1588 humordurchwirkten
1087 1545 2351 1598 kollektivistischer Entwicklungszweig: die Erzählung, die auf
412 1573 640 1639 ch maßvoll
1100 1606 2341 1654 eingehender Wiedergabe der seelischen Erscheinungen des ge¬
425 1630 648 1696 ts in dem
1095 1641 2348 1711 sellschaftlichen Lebens beruht. Und auch er hat sich langsam
430 1682 638 1753 Perk paßt
1098 1694 2364 1770 aus dem alten psychologischen Roman entfaltet und ist in leisen
491 1739 638 1803 on der
1091 1762 2240 1812 Übergängen impressionistischer Technik modern geworden.
1193 1827 2355 1878 Die alte psychologische Erzählungskunst hatte es im Grunde
523 1855 618 1918 und
1095 1870 2348 1936 nur mit der Individualpsychologie zu thun gehabt: sie hatte
532 1909 630 1971 voll
1102 1925 2361 1980 die Geschichte eines, seiten mehrerer „bedeutender“ Menschen
525 1967 636 2037 tung
1098 1982 2360 2052 geben wollen. In diesem Sinne hat noch 1893 Spielhagen
1090 2032 2353 2099 in seinem „Sonntagskind“ den alten psychologischen Roman in
1092 2107 2359 2166 deutlich ausgesprochener Absicht dem Roman des sozialen Milieus
587 2146 636 2197 er
1101 2148 2354 2219 gegenübergestellt bei allen Zugeständnissen, die er inzwischen der
1100 2210 2187 2274 impressionistischen Technik im einzelnen gemacht hatte.
1192 2248 2337 2332 Allein neben diese Auffassung trat nun doch eine sozial¬
1104 2312 2360 2392 psychische. Unter einem „bedeutenden" Menschen hatte die
1105 2390 2357 2442 alte Kunstübung der Regel nach einen über dem Durchschnitt
1109 2431 2357 2504 stehenden Charakter verstanden: etwas von dem alten Fabulieren
1099 2504 2342 2553 des Epos, wenn auch nicht mehr gerade ins Trauscendent¬
554 2536 635 2596 det,
1106 2539 2355 2610 Wunderbare, so doch ins Außerordentliche hinein, hatte ihr
1103 2598 2352 2663 noch angehaftet Das wurde nun abgestreift. Gerade die
601 2643 639 2696 t
1110 2654 2347 2725 Durchschnittscharaktere in ihrer Entwicklung zu begreifen und
601 2691 640 2754 r
1105 2709 2355 2774 zu malen, erschien jetzt, anfangs wenigstens, als eigentliche
581 2758 625 2812 ß¬
1100 2766 2357 2826 Aufgabe. Und insosern diese Charaktere die sozialen Merkmale
1102 2841 2363 2887 der Zeit wiedergaben, lag damit für den sozialpsychischen Roman
1104 2872 2351 2931 die unvermerkte Entwicklung aus den mehr physiologisch¬
1113 2944 2352 3007 impressionistischen, naturgemäß mehr den Zuständen zugewandten
1097 2991 2362 3069 Formen nahe. So erklärt es sich denn, wenn sich schon bei
562 3037 634 3105 der
1094 3045 2360 3117 Kretzer deutliche Übergänge zum sozialpsychologischen Roman
526 3085 652 3157 einen
1104 3093 2353 3160 auffinden lassen. Und der erste große Meister dieses Romans
523 3144 648 3215 nicht
1108 3169 2362 3229 war bereits Fontane. Stärkere Neigungen zum Sozialpsychischen
507 3203 651 3275 chiung
1112 3222 2355 3286 treten bei ihm schon in „Frau Jenny Treibel“ (1893) hervor,
482 3265 666 3334 d noch
1098 3275 2373 3335 dieser köstlichen Typisierung der feineren Berliner Bourgeoisie
