3344 4320
1855 243 2329 313 ——
1488 305 1920 402 box 36/1
462 304 599 377 h1
137 308 1323 410 1. Pani.offorints
1400 1243 1604 1318 Dichtung.
879 1261 1000 1326 370
882 1357 2129 1436 und „Florian Geyer"); nur die weitesten aller Arenen, die
875 1425 2134 1490 nationale, staatliche, kosmopolitische, sind noch wenig betreten
887 1487 2133 1547 worden. Und alsbald bildet sich, zuerst bei Ibsen, dann, mit
887 1530 2133 1610 gewissen Anderungen, auch bei Hauptmann, Sudermann, Halbe,
887 1601 2136 1663 Hartleben, Ernst Rosmer, Schnitzler u. a. auch eine besondere
887 1663 2134 1723 Form der Konfliktsbehandlung unter diesen Umständen heraus:
881 1698 2139 1776 eine Stilisierung also der Handlung und damit ein deutlicher
893 1759 2136 1817 Beweis für das Vorhandensein wenigstens idealistischer Mo¬
895 1828 2131 1886 mente. Wir werden zunächst in eine Umwelt eingeführt, die
889 1883 2139 1934 im Verhältnis zu den Bestrebungen der zur Handlung be¬
895 1925 2141 1998 rufenen Gestalten in labilem Gleichgewicht steht; dann erscheint
896 1990 2144 2054 eine Person, welche dies Gleichgewicht stört, indem sie dem
895 2052 2131 2112 Helden sein zum Kampfe gegen die Umwelt drängendes Innere
898 2096 2132 2163 erst völlig erschließt und frei macht, und der Konflikt beginnt.
898 2152 2146 2224 Genügt in großen sozialen Dramen eine Person nicht, so
894 2208 2141 2272 werden statt deren wohl auch mehrere aufgebracht, so z. B. in
889 2276 2142 2327 Hauptmanns „Webern“ der starke Weber Bäcker und der aus
892 2319 1842 2375 der Garnison heimkehrende Webergesell Jäger.
979 2371 2148 2444 Man darf bei diesen Gestalten wohl an etwas wie einen
887 2436 2151 2513 immanenten, die Handlung in Bewegung setzenden deus ex
891 2487 2152 2551 machina denken, wenn der Ausdruck erlaubt ist. Die Berechtigung
895 2551 2151 2614 hierzu ergiebt sich, wenn man Eigentümlichkeiten des parallel
906 2614 2140 2661 laufenden impressionistischen Romans heranzieht. Dieser ist be¬
905 2673 2150 2719 kanntlich in den besten Fällen so gebaut, daß ein soziales Milien
907 2717 2149 2779 geschildert erscheint, daß dann dessen langsame Anderungen vor¬
904 2764 2153 2845 geführt werden, und daß endlich zu Tage tritt, wie gewisse
900 2830 2153 2899 Personen, die sich in dem Zustand des ersten Milieus sehr
902 2879 2154 2944 wohl fühlten, in dem Schlußzustand nicht mehr leben können
897 2932 2159 3003 und zu Grunde gehen, es sei denn, daß sie sich diesem Zustand
903 2988 2154 3058 anpassen. Wie man sieht, wird also der Konflikt im Romane
906 3050 2156 3122 durch Verschiebung des Milieus erzeugt und dieses (und
904 3103 2152 3168 das heißt die immanente Gesetzmäßigkeit) dadurch als über¬
910 3161 2159 3226 mächtig erwiesen. Dieser Weg, der langsame und eindring¬
903 3230 2167 3280 liche Erzählung voraussetzt, kann im Drama nicht eingeschlagen
909 3277 2162 3341 werden. Hier wird daher das Problem so gefaßt, daß sich
904 3331 2174 3406 der Held oder die Heldin durch einen äußeren Anlaß, zumeist
3095 1240 3292 1308 Dichtung.
2587 1347 3308 1422 eine hinzukommende Person, auf ein
2584 1406 3307 1480 im Konflikt mit dem Milieu befindlic
2592 1462 3166 1542 mit diesem zu Grunde geht.
2682 1522 3308 1587 Dieser Zusammenhang zeigt, d
2588 1581 3310 1651 hinzukommende Person, ein sehr stat
2591 1642 3312 1704 sierung der Handlung ist und beweist
2594 1693 3313 1754 idealistisches, d. h. von einer bestim
2582 1748 3321 1828 hängiges Drama. Und in tause
2583 1802 3327 1880 obachtungen, die namentlich die stark
2583 1854 3318 1935 lung betreffen würden, würde sich au
2589 1910 3319 1980 erbringen lassen, daß es sich schon in
2585 1969 3318 2044 listischen Impressionismus, wenn auch
2595 2027 3329 2116 klar ausgesprochene Weltanschauung
2590 2090 3036 2161 einer solchen handelt.
2685 2133 3319 2209 Freilich werden diese als für ei
2598 2198 3321 2254 deutung ausreichend noch nicht erachte
2602 2259 3326 2321 stein berührt doch wohl einen sprin
2600 2310 3328 2382 einmal von Fuhrmann Henschel beha
2607 2356 3327 2431 „der sich niemals als Thäter seine
2603 2421 3318 2482 nur immer den Weg trottet, den ihn
2597 2480 3294 2542 Die Umstände! Das ist es. Es
2595 2527 3300 2607 sonen noch der starke sittliche Nerv;
2595 2597 3327 2660 oder sittlich ratlos. Darum sind auf
2597 2645 3320 2714 und gelegentlich wird man am Schl
2598 2697 3220 2780 Hornberger Schießen erinnert.
2684 2751 3323 2824 Aber auch hier zeigen sich doc
2609 2820 3327 2890 Entwicklung. Charakteristisch scheintl
2602 2865 3319 2934 blicklich vielfach geneigt ist, Suderm
2604 2922 3331 3001 Hauptmann zu stellen, ja vor ihm
2594 2969 3328 3068 Hauptmann der tiefere Psycholog un
2599 3047 3243 3120 dichterische Kraft ist. Warum?
2695 3072 3329 3165 Hauptmann läßt seine Einzelpe
2603 3147 3327 3225 lichen stecken. In seiner Begabun
2605 3206 3318 3268 wie er sich denn eine Zeitlang zum
2603 3258 3327 3328 Darum schafft er gern Menschen a
2615 3316 3336 3398 an ihrem Dasein, ohne in ihnen ein
