3344 4320
1149 241 1608 323 box 41/1
172 248 1030 355 1. Miscellangons
171 1140 679 1196 o vor, wie ihn das neben¬
782 1152 1678 1214 Und Ganda, die Sensations=Schauspielerin, die
165 1184 675 1259 #er nicht genannt sein wollte,
688 1197 1673 1245 sich im Stück des Literatur=Reformators Rafke nicht
163 1226 237 1278 ten.
682 1244 1678 1287 weniger als fünfmal bei offener Scene zu entkleiden hat
163 1255 673 1322 ntierenabend des Burgtheaters
687 1272 1687 1312 und sich dieser künstlerischen Riesenaufgabe mit solchem
177 1302 671 1354 sich eigentlich wundern, wie
690 1312 1678 1355 Geschick entledigt, daß jede Monotonic vermieden wird
166 1345 665 1398 kennt, wie von Sitz zu Sitz,
683 1345 1664 1395 und sich im Publicum keine Spur von Langweile oder
167 1382 672 1439 en und gegrüßt, gelächelt und
684 1372 1670 1425 Ermüdung zeigt. Sie ist die Meisterin im Vortrag
164 1423 671 1467 rscheinlich in anderen Groß¬
687 1418 1674 1467 schlüpfriger Pointen. Wie keine Andere weiß sie mit
162 1459 672 1511 Die sogenannten oberen Zehn¬
683 1460 1669 1501 ihrem Antor zu dem schönen Zwecke zusammenzuwirkch,
165 1487 673 1550 ihe betrachtet einige Nullen.
684 1501 1675 1546 die Schamhaftigkeit des Publicums immer noch ein wenig
167 1525 675 1589 noch geung. Das geht auch
683 1541 1673 1586 mehr zu verletzen und so jene künstlerische Steigerung
187 1577 670 1627 der das Herzensgeheimniß
685 1577 1676 1620 des Genusses herbeizuführen, die dem Thaliatheater die
161 1604 671 1667 bildete, ein Geheimniß mit
682 1615 1685 1680 Gunst des Publicums und der Agioteure in so nach¬
169 1646 667 1712 seine intimsten Freunde über¬
667 1649 1078 1706 haltiger Weise sichert.
800 1669 1672 1737 Wie Garda, die unerreichte Darstellerin der
165 1707 676 1784 in wenig in dem Werke um.
689 1726 1670 1776 Moderne im Kampf um Theater= und Lebenserfolge, die
154 1760 665 1816 ginnt der Roman in einem
683 1763 1670 1816 ideale Künstlerin Clara Merz besiegt, das ist die Haupt¬
165 1804 666 1855 deit vom Weghuber=Park ent¬
690 1801 1684 1841 handlung des Romanes, um die sich in losen Arabesken
172 1835 678 1887 Probe. Die dabei anwesend
680 1845 1674 1886 die satirischen Schilderungen Wiener Gesellschaftslebeus
156 1872 670 1935 photographischen Treue ge¬
683 1887 1670 1923 ranken. Diese Letzteren sind das Werthvollste des ganzen
246 1915 321 1963 ihr
322 1908 667 1967 fernbleiben. Zu den
690 1917 1675 1959 Buches. Der Salon Roland, Gastgeber, Gastgeberin
158 1941 666 1998 er Director, der wohlbeleibte,
687 1957 1686 2008 und Gäste sind Cabinetsstücke einer scharfen, langjährigen
152 1982 659 2048 Entschieden alte Weine jungen
686 1995 1673 2033 Beobachtung. Er ist ein Spiritusfabrikant, der das feinste
168 2028 669 2089 ihm gibt Wachsmuth, der
694 2032 1669 2069 Unterscheidungsvermögen für die einzelnen Spiritusarten be¬
157 2065 674 2122 lerzeugungsvolle Urtheil ab:
688 2069 1677 2116 sitzt und die verschiedenen eingeladenen Künstler niemals aus¬
160 2101 672 2157 sichtiger Mensch, das heißt,
694 2114 1680 2157 einander zu halten weiß. Zum Entsetzen seiner kunst¬
165 2135 666 2192 ur nicht um sein Theater;
683 2144 1670 2189 sinnigen Gattin fragt er den eingeladenen Cellisten, ob er
165 2181 661 2233 auch so.“ Deswegen weiß er
680 2183 1673 2232 aut bei Stimme sei, und die Barbi hält er für eine
158 2223 249 2265 um
250 2223 666 2268 verlangt. Die Kassen¬
689 2212 1675 2259 Claviervirrnosin. Frau Roland, die sensitive Salondame,
161 2258 664 2311 hium. Die Polizei hat ihm
690 2260 1675 2303 schwelgt in fortwährendem Begeisterungsrausch, umarmt alle
177 2282 668 2343 gestrichen. Die neunte Vor¬
679 2299 1679 2337 weiblichen Gäste und hat sich selber zur lebenslänglichen
170 2341 677 2390 gespielt wird, bringt eine
677 2341 1679 2396 nervenzerstörenden Hetzjagd nach Berühmtheiten für ihren
173 2367 662 2426 zehnte und elfte, wo sie
679 2376 1668 2428 Salon verurtheilt. „Wird der Kammersänger X. absagen?
182 2400 655 2458 1550 fl. Die eine Scene
685 2407 1671 2479 Ist die Y. heute bei Stimme?“ Das sind ihre Fragen an das
173 2439 671 2510 erth von 250 fl. „Sie sehen“
683 2432 866 2507 Schicksal.
208 2479 540 2532 Rollenbewerberin
576 2493 669 2534 „an
797 2492 1678 2551 Im Salon Roland aber wimmelt es von guten
162 2511 675 2586 r Werth eines Kunstwerkes
677 2529 1665 2570 und schlechten Bekannten. Da ist Dr. Lohm, der
687 2574 1683 2624 Sänger des Hohenliedes vom „süßen Mädel“ die jungen
170 2590 667 2654 irectors Mohrheim zu
688 2587 1836 2677 Damen aus gutem Haus kennen nur den einen Ehrgeiz,77
195 2640 669 2693 mehr Schwierigkeiten, als
682 2650 1668 2694 seinen Forderungen gerecht zu werden. Jede hat ihren
156 2679 666 2731 ks. Dr. Rafke hat glücklich
678 2684 1847 2732 Flirt, ist stolz darauf, von einem der noch schulpflichtigen
166 2712 657 2764 wärtig, speciell in Wien eine
689 2723 1628 2771 Dichter, die Rafke ihre Entdeckung verdanken, „süßer Aff
171 2757 661 2804 ratur=Epoche angebrochen ist,
690 2760 1673 2802 genannt zu werden, und sie neiden sich gegenseitig bedeu¬
168 2796 665 2843 hervorragenden Dichtern nur
687 2791 1153 2845 tungsvolle Rendezvons in
1152 2794 1784 2873 verschwiegenen Durchhäusern. 2
160 2833 670 2881 licht mehr Rafke, meint der
689 2834 1675 2877 Dabei lugen sie recht fleißig nach der guten Partie aus.
166 2864 666 2921 beschmack wie alle Welt. Ein
679 2876 1670 2914 Sie heucheln blos, leidenschaftlich und unbesonnen zu sein.
177 2899 669 2952 elskerl, sagt die Gesellschaft
690 2911 1669 2966 In Wirklichkeit sind sic es nur bis zu einem genau im
235 2942 670 2996 ein sehr bedeutender
681 2948 1668 3001 Voraus bestimmten Punkt. Denn im Grunde liegt es
212 2976 670 3036 ger gehört unstreitig zu
674 2985 1668 3024 ihnen ferne, sich ernstlich zu compromittiren und ihre
181 3015 666 3087 Geistern — das heißt,
677 3024 1681 3093 schöne Zukunft an der Seite irgend eines Seifefabrikanten
673 3049 945 3125 zu gefährden.
163 3079 668 3151 er=Enthusiast, ist die gläuzendst
784 3093 1680 3142 Welche originelle Figur ist der bemitleidenswerthe
174 3141 672 3193 Buches. Nach seinem Urbild
693 3141 1622 3189 Rentier, dessen Lebensunglück es bildet, fortwährend
202 3176 671 3228 Mühe. Denn von allen
680 3181 1682 3215 erben und dann mit der Schwierigkeit zu kämpfen, sein
178 3217 670 3264 hat der Autor ihm markante
682 3214 1688 3275 Geld anzulegen. Armer Mann! Eisenbahn=Prioritäten
179 3248 665 3302 sich nicht mit diesem Vexir¬
691 3258 1685 3306 werden ihm ausgelost, Haussätze gekündigt. Er steht da
182 3290 666 3353 harade, unlösbar, weil es
679 3298 1679 3350 mit seinem Geld und weiß nicht wohin damit. Dabei
675 3330 1688 3385 will er heiraten. Aber er hat viel von der Vererbung
2093 1164 3101 1213 gehört und sehnt sich nach einem gänzlich unbelasteten!
2096 1196 3086 1247 Mädchen. Schönheit, Jugend, Reichthum und Geburt sind
2087 1240 3093 1283 ihm gleichgiltig; aber immer findet sich in der Familie
2087 1279 3096 1344 eine Tante, die an Herzklopfen, ein Cousin, der an
2086 1312 3109 1382 Blähhals leidet, so daß aus der geplanten Verbindung
2082 1350 2459 1407 Nichts werden kann.
2192 1375 3100 1439 Auch der mit besonderer Liebe und Sachkenntniß
2083 1414 3087 1478 geschilderte Börsenmatador ist nicht so ohne. Alles sieht
2095 1448 3099 1527 voll Verehrung zu ihm auf. Die Damen streiten sich um
2086 1502 3085 1558 die Rose aus seinem Knopfloche und sprechen von ihm
2093 1540 3089 1574 wie von einem Künstler: „Nein, wie er Wechsel
2096 1585 3081 1630 escomptirt, wie er Anlehen convertirt, das ist himmlisch.“
2095 1618 3083 1657 Aber die chemischen Actien, die seine Freunde im Ver¬
2092 1652 3095 1694 trauen auf seinen „phänomenalen Blick“ gekauft haben, fallen.
2083 1739 3083 1775 plötzlich zertrümmert. Macht Nichts, morgen wird er
2090 1758 3100 1825 wieder hervorgeholt. So ist Wien, so sind die Wiener.
2097 1804 3087 1849 Das ist die ernste Moral des Buches: „Ohne Götzen
2096 1833 3095 1882 können wir nicht leben. Götzen in der Politik, Götzen in
2091 1878 3097 1930 der Kunst, Göten im gesellschaftlichen, im wirthschaft¬
2091 1913 2371 1984 lichen Leben!“
2207 1933 3094 2005 Die politischen Götzen des Wiener Kleinbürger¬
2091 1990 3098 2038 thums haben ihren besonders reichlich ausgemesseren
2094 2030 2513 2087 Antheil abbekommen.
2541 2030 3104 2085 Alle werden in Freiheit
2510 2064 2718 2120 alle die
2098 2073 2511 2124 dressirt vorgeführt,
2750 2069 3106 2127 guten Bekannten
2091 2108 3089 2154 aus dem Parlamentssaal und aus den Wühlerversamm¬
2095 2146 3094 2198 lungen. Da ist der Oberbonze mit der Wiener Gemüth¬
2099 2187 3101 2220 lichkeit. „A bisserl a Lieb', a bisserl a Treu', a bisserl a
2096 2223 3095 2273 Falschheit is auch dabei.“ „Dem einzelnen Jnden.“ sast er,
2101 2263 3094 2320 „geschieht Nichts. Ob Einer ein Jud ist, oder nicht, das
2099 2299 3083 2353 bestimmen wir, die Führer.“ Dann der überzeugte „Anti“.
2093 2339 3092 2380 der an Ritualmärchen glaubt und, so oft er auf die Ree
2103 2373 3043 2419 straße kommt, überlegt, welches Hons vohl ursprünglich
2098 2407 3094 2466 seine gewesen sei, bovor ihm die Juden den ihm ge¬
2090 2452 3096 2498 bührenden Antheil am Volksvermögen gestohlen haben.
2087 2494 3090 2550 Auch ##r schlaue Strever fehlt nicht, der seine eigenen
2099 2527 3086 2578 Zwecke, Mandatszwecke und andere, durchsetzen will. So
2100 2552 3104 2619 oder so! Nur Eines ## ihn suchsteufelswild machen:
2096 2608 3096 2650 Wenn man ihm mit Grunden kommt. „Wozu brauchen
2100 2645 3098 2694 wir überhaupt Gründe,“ ruft er. „Mit dem dummen
2095 2675 3097 2738 Allesbegründenwollen macht man sich beim Volke nur
2095 2718 2932 2769 verhaßt. Das war der Erbfehler der Liberalen!“
2222 2737 3104 2806 Es ist nicht leicht, wenn man sher dus Buch zu
2099 2789 3094 2844 sprechen begonnen hat, so schnell wieder afzuhören. Biele
2090 2833 3121 2885 und Vieles ist dargestellt, ungeschminkt, der Wirklichkeit
2109 2872 3106 2915 abgelauscht, ohne zu vertuschen und ohne zu beschönigen.
2094 2910 3095 2966 Aber es ist nicht die Satire des Zerstörers, nicht die
2406 2944 2974 3000 übelwollenden Mephisto, die
2103 2949 2328 3002 Grimasse
2208 2985 3087 3042 Buche hervorschant. Ein Mann voll Herz
2100 2987 2209 3036 dem
2208 3021 3103 3083 Gemüth, ein treuer Sohn seiner Vater¬
2100 3023 2210 3072 und
2097 3063 3100 3122 stadt, voll unendlicher Liebe zu diesem Boden
2090 3106 3094 3149 und seinen Bewohnern hat es geschrieben, ein Mann, der
2094 3148 3099 3186 stets das Gute will, der aber auch, wenn sein Werk
2096 3176 3109 3234 richtig gelesen und richtig verstanden wird, damit manch'
2100 3216 3107 3268 Grtes geschaffen haben dürfte. Und so rufen wir dem
2098 3259 3109 3297 Antor für seine nächsten literarischen Arbeiten die Worte
2093 3289 3093 3340 zu, die einst die ihm nahestehende Fatinitza Hunderttausenden
2104 3323 3100 3396 in die Seele gesungen hat: „Vorwärts mit frischem Muth!“
2926 3367 3066 3412 st—f.
