3392 4320
2100 189 2186 273 —
1155 268 1617 371 box 41/1
164 272 1028 398 1. Miscellaneons
823 973 1947 1061 Stimmung seiner hübschen Frau, als sie nach dem ersten—
2032 922 2165 1077 X
815 1034 1906 1104 Gastspiel im Café de l’Opsra davon zu Freunden sprach.
166 1040 459 1125 Millennium.
917 1072 1910 1142 Herr Wittels will im Raimund=Theater gesehen
2257 1057 2566 1145 Brüllennium.
839 1168 1288 1245 zimmer, ich werde mich
1291 1176 1915 1248 mit Mitterwurzer effectvoll, aber!
1965 1183 2947 1232 Mädel: Ja, weiter können wir die Raten nicht zahlen.
172 1162 516 1273 'spusi.
841 1217 1253 1279 kurz auseinandersetzen.
1967 1227 2881 1272 Lebejüngling: Und dieser alte Herr an der Wand!
1987 1264 2189 1313 Mädel: (
155 1243 852 1326 sches Verstimmungsbild mit theilweisem
2218 1258 2951 1329 ist Schubert. Weißt Du, das ist
1250 1273 1487 1350 3. Sreue.
1884 1290 2404 1359 wegen Vaters Charakteristik.
160 1301 766 1374 Arthur dem Naturschnitzler.
928 1322 1891 1410 Ein anonymer Herr (wirft dem Lebejüngling einen
1979 1336 2964 1411 Lebejüngling: Und da draußen der Berg! Hast Du vielleicht
839 1349 955 1440 Blick
1882 1357 2400 1445 den Bädeker bei der Hand?
204 1358 435 1441 1. Act.
949 1380 1022 1423 zu).
1978 1392 2954 1473 Mädel: Das ist der Kahlenberg, mein Süßer. Die
935 1402 1639 1484 Lebejüngling (taumelt vernichtet zurück).
166 1418 465 1497 1. Scene.
932 1454 1362 1498 Der anouyme Herr: ?
1892 1445 2963 1518 Aussicht brauchen wir wegen des wienerischen Localcolorits.
921 1481 1754 1547 Lebejüngling (tanmelt noch vernichteter zurück).
155 1470 842 1539 nior (der vor dem Rigorosum steht,
1983 1497 2943 1546 Lebejüngling: Wie hingebungsvoll Ihr doch seid, Ihr
1885 1524 2956 1584 Mädchen aus dem Volke! Ihr errathet unsere intimsten
935 1525 1888 1611 Der Anonyme: Geben Sie mir die menschlichen
148 1534 832 1584 nschon schwer geprüft ist): Servus!
837 1562 1312 1633 Documente meiner Frau.
1888 1571 2948 1622 literarischen Wünsche. Jetzt lass' mich gehen, ich bin ohnedies
153 1574 835 1635 lei veristische Mädchen aus den unteren
929 1594 1626 1659 Lebejüngling: Bitte sehr, bitte gleich!
1888 1606 2713 1660 schon zu sentimental für ein realistisches Stück.
162 1610 834 1668 das wird ein herrliches, gemeinsames
174 1651 355 1697 Gemüth.
930 1643 1890 1705 Der Anonyme: Schämen Sie sich! Sie sind ein netter
1952 1647 2950 1721 Mädel: O lass' mich nicht allein zum Actschluß, mein
1888 1659 2089 1748 Theuerer!
846 1665 1892 1761 Ehrenmann, der dem Gatten die Briefe mit „Bitte sehr, bitte
161 1660 828 1741 nior: Du bist bei Humor, Dein Autor
838 1717 1158 1780 gleich“ zurückgibt.
1968 1700 2947 1777 Lebejüngling: Ich kann nicht anders. Nur um Eines
180 1733 827 1794 „Gil Blas illustré“ gelesen zu haben.
166 1757 303 1813 sonst?
927 1742 1881 1823 Lebejüngling (entrüstet): Dafür müssen Sie den Autor
1892 1736 2889 1819 bitte ich Dich: Halte keinen Monolog, wenn ich abgehe.
827 1781 1009 1859 fordern.
145 1780 822 1856 ior: Man exponirt sich. Und Du?
1978 1794 2953 1867 Mädel: Niemals, Theuerer, ich weiß, was ich der
1886 1818 2308 1899 Moderne schuldig bin.
934 1821 1879 1898 Der Anonyme (geht, ärgerlich darüber, daß er blos
144 1846 836 1892 Mior: Ich weiß noch nicht, was der
1974 1875 2964 1940 Lebejüngling: So ein braves Mädchen! Und ganz
841 1863 1641 1949 eine so kleine Rolle hat, durch die Mitte ab).
156 1878 838 1932 wird; aber ich glaube, Du wirst schöne
1880 1898 2423 1973 aus dem Leben! (Stürzt ab.)
158 1915 840 1989 habe eine wahre Angst vor der drama¬
1246 1926 1484 2002 4. Scene.
147 1956 260 2003 Fkeit.
1984 1931 2956 2022 Mädel (lehnt sich an die Thür und erwartet stumm
1879 1987 2399 2056 das Fallen des Vorhanges).
1140 1977 1605 2048 Alle laufen zusammen.
146 1973 846 2067 or: Ach, lass' Dich nicht auslachen.
156 2024 704 2093 stige Paradoxen zum Besten.
918 2027 1893 2102 Der kleine Lebejüngling: Ich hab' Dir's gleich gesagt,
146 2079 825 2127 gior: Mit Vergnügen! Die Frauen
2286 2053 2536 2133 3. Act.
835 2054 1893 2139 trotzdem ich nur eine Episodenfigur bin. Jetzt gehen wir, Du
158 2108 824 2179 holung da, man soll sie nicht ergründen,
836 2117 1894 2177 überschlaf den ersten Act und bereite Dich würdig auf Deinen
2265 2117 2556 2187 1. Scene.
825 2149 1888 2203 tragischen Tod vor. Ach! Wer hätte das gedacht, daß Du in
1974 2152 2941 2227 Der Vater: Ich weiß Alles, meine Tochter, ich bin ein
157 2170 824 2242 hior: Du hast aber sein nachempfundene
839 2192 1879 2250 diesem Stücke noch Geist aufgeben wirst! (Alle entfernen
1879 2199 2947 2277 Vater, wie es keinen zweiten gibt. Weine nicht, es mußte so
167 2228 828 2274 t ja Deinem Vorbild Dumas tils aus
845 2226 1093 2284 sich seufzend.)
1892 2260 2743 2324 kommen in einem Stücke von Arthur Schnitzler.
172 2253 836 2329 Aber draußen läutet es, öffn. Deine
920 2242 1877 2328 Der größere Lebejüngling (unterdrückt mühsam einen
1969 2296 2560 2364 Mädel (fällt verzweifelnd nieder).
146 2302 508 2371 umen zwei Typen.
834 2300 1887 2378 Monolog. Draußen pfeift der kleinere Lebemann, er pfeist auf
1978 2321 2948 2404 Der Vater: Steh' auf, Tochter, Du bist ohnehin schon
839 2344 1597 2416 seinen Lebebruder und das ganze Drama).
185 2351 441 2432 2. Scene.
1880 2363 2175 2441 genug gefallen.
158 2395 845 2467 distin und ein sentimentales Vorstadt¬
1236 2406 1467 2496 2. Act.
2290 2407 2534 2493 2. Scene.
164 2455 828 2504 Die beiden Lebejünglinge machen aller¬
1965 2442 2950 2556 Der kleinere Lebemann: Ich bringe die Lösung des
846 2471 1876 2557 Spielt im Hinterhause eines Violinspielers und verläuft,
165 2494 842 2552 sie essen rohen Schinken, trinken eine
1878 2502 2358 2579 Conflicts. Er ist gefallen.
1074 2530 1645 2589 parallel dem ersten, im Sande.
163 2532 842 2584 „Café Griensteidl“ und zünden acht
1969 2551 2335 2607 Mädel: Auch er!
165 2572 830 2641 Lichter setzt der Autor dieser Scene
846 2560 1889 2637 In die „Handlung“ tritt nur ein Vater neu ein, der eigentlich
1969 2571 2951 2640 Der kleinere Lebemann: Ja. so ist das Leben auf dem
192 2607 409 2664 nicht auf.)
836 2597 1884 2690 ein weißer Rabenvater ist und in der Josefstadt irgend eine
1880 2627 2870 2682 Theater. Ein Zwischenact macht aller Liebelei ein Ende.
1232 2650 1490 2711 Geige spielt.
150 2633 829 2710 kng: Mizzi, sag' doch etwas Urwüchsiges
1971 2668 2829 2712 Mädel (ahnungsvoll): Für wen ist er gefallen?
157 2694 652 2759 sen, etwas recht Typisches.
917 2685 1889 2766 Der Vater: Nimm es Dir nicht zu Herzen, Kind,
1967 2699 2957 2778 Der kleinere Lebemann: Die Person kommt leider im
839 2717 1889 2814 einmal ist keinmal. Die Tugend hat keinen moralischen Werth.
1894 2720 2276 2811 Stücke gar nicht vor.
153 2746 608 2828 singe: Wir bitten darum.
915 2772 1463 2831 Tochter (schaut ihn groß an).
1984 2774 2946 2842 Mädel: Auch das noch!! (Stößt einen Wolterschrei
151 2792 843 2873 's Euch Beiden in's Ohr; denn das
923 2804 1870 2864 Der Vater: Genieße Deine Jugend, man soll nichts
1987 2822 2140 2882 O.
1877 2808 1997 2872 aus.)
2129 2814 2634 2886 stellt ... Euch ... her ..
2676 2827 2944 2883 . bilden
158 2849 835 2918 cht reif für eine solche Figur, wie ich
841 2854 1879 2901 aufsparen für die Kleingewerbetreibenden. (Nimmt ein Bild
1888 2865 2941 2939 wir . . . eine . .. Grup. p.e und ... weinen ... wir
837 2891 1882 2940 von der Wand.) Ich hab' eine alte Großmutter gehabt, sie
1884 2901 2132 2967 um ... ihn
152 2898 826 2974 ing: Ich werde Euch jetzt einen Walzer
842 2936 1882 2991 war eine bleiche, abgehärmte Jungfrau, und ich könnte mich
1965 2912 2947 3001 Das Trauer=Quartett (weint geräuschvoll durch fünf
158 2952 834 3033 kusik wirkt in einem realistischen Stücke
844 2970 1796 3035 ohrfeigen, daß ich sie beschützt habe — vor dem Glück.
1890 2957 2083 3040 Minuten).
932 3001 1583 3062 Tochter (schaut ihn noch größer an).
1979 3002 2959 3095 Mädel: Nun . .. zum Schluß des Stückes darf ich
152 3016 838 3100 den Doppelaolermarsch, der erinnert
938 3029 1721 3096 Der Vater (mit Würde durch die Mitte ab).
1881 3032 1982 3113 doch
1972 3051 2470 3106 fragen: wer bin denn ich?
1049 3087 1651 3142 (Der ältere Lebejüngling tritt ein.)
1973 3072 2879 3160 Der kleinere Lebemann (tendenziös): Ein G'spusi.
147 3089 834 3185 ejüngling: Also Vergangenheits= und
911 3100 1889 3175 Lebejüngling: Ach, süßes Mädel, wie schön ist es in
1970 3130 2767 3175 Mädel (stürzt beschämt durch die Mitte ab).
834 3154 1902 3217 Deinem Heim! Du hast Sinn für ein volksthümliches Milien.
1979 3168 2896 3229 Der Vater (schluchzend): Sie kommt nicht wieder!
155 3170 832 3235 bejüngling: Aber wo bleibt nur der be¬
923 3200 1685 3244 Mädel (weich): Du schmeichelst, Theuerer
1976 3209 2388 3259 Der Antor: Aber ich!
790 3235 843 3293 8
149 3232 725 3287 ollte ja jeden Moment kommen.
920 3227 2964 3288 Lebejüngling (sentimental): Ach, Anton Langer's ge= (Er tritt, nachdem der Vorhang gefallen, siebenmal vor die
161 3277 1835 3344 in Läuten. Bitte, geht jetzt in's Neben¬ sammelte Werke und dieses Lexikon bis zum Buchstaben G!.
2308 3287 2506 3351 Rampe.)
1623 3344 2578 3570 Oton Eken
