3344 4320
1153 269 1637 381 box 41/1
173 248 1041 392 1. Miscellaneons
2460 833 2904 931 6. Jänner 1897
1417 850 2000 944 Neues Wiener Journal
507 881 812 981 Mittwoch
151 897 3360 1051 e nicht zugestell worden sind konnen dieselben geräß reurtren, und zwar bis zur obersten Stel beim Ber.]versetzt werden, endet doch zumeist auf der S
2400 976 3360 1047 Begeisterte nehmen sie noch ins Wirthshaus mit,
151 989 1882 1079 undtagswahlordnung beim magistratischen Bezirksamt waltungsgerichtshofe.“
2408 1018 3062 1104 Feuerbrand dann kräftig gelöscht.
145 1070 309 1131 heben.
2516 1050 3337 1142 Diese Ansicht hängt eben auch viel i
150 1056 1194 1172 abgelehnte Speisekartenstempel.) Stadtrath Dr. Krenn
1517 1083 2089 1180 Dr. Witold R. v. Lewieki
2404 1114 3328 1180 Stellung zusammen, die man immer wieder in d
179 1116 1204 1210 der gestrigen Stadtrathssitzung über die seitens
1218 1154 2387 1237 Reichsrathsabgeordneter, Schriftsteller, Vicesecretär des Landes¬
2410 1155 3361 1229 hineinzudividiren sucht. Das Theater soll Erzie
150 1182 1205 1267 ivaten gemachte Anregung, betrefsend die Ein¬
1677 1181 1931 1262 ausschusses.
2421 1204 3360 1280 selbst Kirche im gewissen Sinn, Correctionshaus,
149 1213 1196 1315 ner commnnalen Armentaxe für die
1268 1220 2419 1306 „Wir haben in Galizien mit der Theatercensur ziemlich
2420 1257 3347 1320 noch Alles, die richtige verkehrte Welt. Das 2
162 1260 1197 1346 Getränketarise der Gasthäuser, Hotels, Kafseehäuser
2417 1295 3361 1371 halten, nichts weiter, unterhalten in jenem wei
152 1289 2419 1410 äcker, und beantragt, mit Rücksicht auf die seitens des schlechte Erfahrungen gemacht, namentlich in solchen
2412 1346 3363 1409 eben auch die tragische Erschütterung als Unt
160 1338 2414 1442 unter Berücksichtigung der Aeußerungen der be¬ Fällen, wo es sich um Theaterstücke handelte, denen eine groß¬
1174 1381 2427 1456 spolnische Idee zugrunde lag. Jo, ich habe die gewiß
2419 1385 3319 1462 läßt. Und dieser Unterhaltung soll man
154 1408 1194 1501 enossenschaften geltend gemachten Gründe hievon ab¬
1181 1438 2429 1498 merkwürdige Erfahrung gemacht, daß Stücke von polnischen
2416 1439 3363 1519 Schranken ziehen. Man soll nicht künstlich an
168 1465 1052 1541 . Der Referentenantrag wurde angenommen.
2428 1482 3355 1560 construiren, die in Wirklichkeit gar nicht existire
174 1465 2421 1588 provisorisch angestellten Volks= und Bürgerschul. Autoren in Krakau und Lemberg unterdrückt
2413 1539 3353 1598 nuc ein Beispiel: den Großinquisitor in „Do#
160 1530 2422 1644 n der gestrigen Stadtrathssitzung brachte Gemeinde= wurden, während sie in Posen anstandslos zur Aufführung
2419 1577 3350 1653 Zeitlang durfte er nicht auf der Bühne erschei
159 1566 2434 1679 sola einen Erlaß des Landesschulrathes vom 30. No= gelangen durften. Ich erinnere mich da speriell an das Schauspiel
1181 1620 2434 1692 „Kraj“, das wegen seiner polnisch patriotischen Tendenz bei uns
2424 1623 3348 1702 man wieder nichts Anstößiges daran. Ich kann
170 1645 1201 1735 . über den Recurs der Gemeinde gegen den Beschluß des
2421 1665 3353 1745 innern, daß der alte, rothe Herr bei seinen
158 1663 2423 1782 rathes wegen provisorischer Besetzungverboten wurde. Eine Aenderung in den bestehenden
1178 1714 2431 1783 Theatercensurverhältnissen scheint mir dringend geboten. Ja, ich
2424 1721 3332 1796 irgendwie revolutionär oder anstößig gewirkt h
914 1744 1198 1807 Volks¬
163 1756 806 1829 ster Dienstesstellen
1194 1757 2435 1835 halte es für eine Schande, daß in einem constitutionellen
2439 1769 3355 1847 scheinlich auch nicht, und doch mußte er wieder ve
159 1791 1194 1874 irgerschulen zur Kenntniß. Der Landesschul¬
1181 1808 2425 1880 Staate noch mit Verordnungen regiert wird, die aus absoluter
2429 1809 3341 1887 diese Inconsequenz ist charakteristisch, bald kalt,
148 1839 1195 1926 Em Recuts der Gemeinde Folge gegeben und ins¬
1184 1847 2433 1922 Aera, dazu noch aus der Zeit der ärgsten Reaction
2429 1860 3341 1930 wie die Medicin, die immer schwört, nur die
152 1885 1193 1973 usgesprochen, daß der Bezirksschulrath nur berechtigt
1184 1899 2437 1977 stammen. Gegen die Anwendung solcher Verordnungen müßte sich
2428 1898 3352 1980 Tagesordnung stehende Behandlungsweise sei all
153 1936 1204 2017 cherung des regelmäßigen Unterrichtes infolge des Ab¬
1191 1946 2436 2021 auch die Gesellschaft mit aller Macht zur Wehre setzen.
2424 1957 3344 2048 auch noch kurz vorher als absolut tödtlich versch
171 1981 1203 2064 definitiven Lehrkräften in Fällen der Pensionirung,
1186 1994 2442 2078 Mit solchen Verfügungen aus dem Jahre 1854 muß endlich auf¬
2532 1995 3361 2070 Uebrigens geben wir uns keinen Illusione
148 2008 1206 2108 ns und der Beförderungen Maßnahmen nach den Be¬
2422 2035 3354 2115 wird nicht so bald abgeschafft werden. Ziehe ich
1187 2060 1553 2138 geräum werden.“
185 2068 1204 2151 des Substitutionsnormales zu treffen und Re¬
2420 2096 3359 2167 dann möchte ich sie wieder wohl in einer Schäl
151 2110 1214 2207 en für die Substituirung erledigter Lehrstellen nur
1614 2115 2035 2206 Dr. Eduard Sueß,
2428 2145 3316 2222 die wohl auch nur frommer Wunsch bleibt.
163 2171 1214 2250 h im Substitutionsnormale vorgesehenen Ausmaße an¬
1372 2166 2264 2258 Reichsrathsabgeordneter, Universitätsprofessor.
2437 2186 3329 2261 richtungen müßten gestrichen werden, ganze 2
155 2200 1222 2302 Zur Wahrung etwaiger Remunerationsansprüche jener
1301 2209 2439 2309 „Hervorragende freisinnige Geister halten die Theatercensur
2435 2234 3358 2308 Allem jeder Satz, der über vier Druckzeilen lan
162 2259 1221 2346 en, die im Sinne des angefochtenen Beschlusses zu
2439 2280 3355 2357 lachen Sie nicht, für diese Periodisten mü
176 2276 2443 2380 Schuljahres vom Bezirksschulrathe bestellt wurden, für nothwendig. Freilich müßte sie auf moderner Basis reformirt
2443 2327 3340 2405 Maximalmaß eingeführt werden. Was über
158 2326 2445 2445 Schulbehörde im Einvernehmen mit der Gemeinde werden. Selbst der liberale Berthelot scheute sich nicht,
2433 2361 3361 2452 Centimeter weg ist, schneiden und streichen. Uc
159 2372 2450 2492 Geeignete im Sinne des § 10 des Substitutions= offen und rückhaltslos für eine Theatercensur einzutreten. Nehmen
2437 2424 3297 2495 Perlen lassen, die überflüssige Fassung fort,
151 2426 2442 2552 u veranlassen. Der Stadtrath hat nun gestern im Sie einmal Max Halbes „Jugen5“. Ich habe das
2435 2456 3355 2550 Ideal, vielleicht auch das des Publicums. Fr#
166 2472 2451 2579 Magistratsantrages und des Referentenvorschlages be= Stück nicht gelesen, aber meine Söhne, die es gelesen haben,
2442 2518 3354 2591 da die Autoren nichts dreiure
150 2497 2454 2643 em Bezirksschulrathe bekanntzugeben, daß die Gemeinde sagten mir, es sei eines der widerwärtigsten Stücke,
2854 2556 3358 2650 nur Diamanten,
2439 2580 2868 2643 schreiben bekanntlich
161 2567 2450 2674 principiellen Gründen nicht in der Lage sei, dem ge= das ihnen bisher in der jüngsten deutschen Literatur vorgekommen
2438 2627 2852 2719 Pfennige die Zeile.“
151 2599 2446 2726 hsuchen, die an den fraglichen Lehrstellen provisorisch sei. Andererseits will ich nicht verhehlen, daß das Aufführungs¬
147 2656 2394 2774 kn Lehrkräfte, welche irrthümlicherweise nicht nach dem verbot von Gerhart Hauptmann's „Die Weber“ eine
1204 2700 2460 2788 [Dummheit war. Eine Censur also ist nothwendig, aber sie
2817 2687 3330 2794 Dr. Arthur Schnitzler
151 2733 1214 2829 onsnormale angestellt wurden, einstweilen zu
1202 2761 2123 2851 müßte reformirt und gesetzlich geregelt werden.“
2920 2763 3218 2835 Schriftsteller.
143 2788 1214 2861 en. Die Gemeinde erklärt sich jedoch bereit, ohne
2554 2799 3339 2891 „Wie jeder Autor, bin auch ich selbstrede
166 2830 1225 2908 idmachung des Rückforderungsrechtes
1601 2855 2078 2942 Emerich v. Bukovics
2426 2863 3314 2953 schaffung der Bühnencensur und zwar schon
147 2877 1225 2956 21. d. M. in der bisherigen Weise den in Betracht
2438 2902 3326 2996 Censur bei uns in die Hände vi
1483 2902 2197 2996 Director des Deutschen Volkstheater.
153 2924 1239 3012 n Lehrkräften ihre Remuneration flüssig zu machen; sie
1310 2965 3318 3035 „Ich bin in meiner Eigenschaft als Theaterdirector gegen legt ist, die für die Kunst kein ?
157 2980 1236 3059 r dorauf bestehen, daß vom 1. Februar l. J. ab dies
2454 3005 3303 3077 Es ist ein offenes Geheimniß: der
1196 3008 2480 3092 die jetzige Theaterordnung, weil jedes veraltete Gesetz so um¬
139 3036 1214 3111 en nach dem Substitutionsnormale zu
1222 3054 3330 3146 geändert werden sollte, daß es sich den modernen Zeitströmungen bei uns bei der Beurtheilung des ihm v
140 3089 664 3170 nd zu remuneriren sind.
1222 3096 3334 3189 anpaßt. Der Hauptfehler der heutigen Censur ist — die Ab= von allen anderen Rücksichten eher leiten, als
142 3113 1220 3191 e Amtslocalitäten) des Bezirksausschusses und Ortsschul¬
1211 3137 3350 3233 hängigkeit derselben von clericalen Einflüssen. Hätte Ludwig Er ist a priori gar nicht dazu befähigt, ein
159 3159 1229 3241 etzing befinden sich vom 1. d. M. ab im Hause Nr. 8 Fas¬
1216 3200 3319 3285 [Anzengruber seine Stücke heute geschrieben, ich bin fest zu beurtheilen. Wer sind unsere Censoren?
150 3214 476 3281 Ei, 13. Bezirke.
1205 3224 3360 3309 überzeugt, sie wären nie zur Aufführung gekommen! Und in Gerathewohl Beamte herausgegriffen, die son
2448 3283 3345 3361 guten Qualitäten besitzen mögen, nur keine li
1217 3299 2176 3383 dieser Hinsicht bedarf es dringend der Remedur.
2464 3341 3345 3413 wird eben nicht gefragt. In der heutigen Nun
1334 3346 2475 3421 In der Statthalterei ist man ehrlich bemüht, die Schärfe
2465 3387 3353 3470 Wiener Journal“ erzählt der Polizeipräsident,
291 3315 1140 3481 Cenfur in Oesterreich.
1205 3402 2465 3493 und Schroffheit des Gesetzes zu mildern. Das Entgegenkommen
2465 3432 3333 3516 „Gespenster“ seinerzeit in Prag verboten h
1205 3452 2473 3541 der Behörden den Bühnenleitungen gegenüber ist wirklich weit¬
346 3458 881 3542 Eine Zeitfrage.
2468 3462 3360 3553 uns auch die Gründe nicht, von denen er sich
1211 3500 2475 3575 gehend. Als ich „Madame Sans-Gène“ aufführen
538 3518 653 3592 II.
2473 3516 3361 3603 lassen. Künstlerische waren es nicht.
1237 3536 2481 3616 wollte, erfuhr ich plötzlich, daß von hochstehender Seite gegen die
151 3544 1249 3650 äußerst Lemerkenswerthen Aeußerungen des Wiener
2466 3574 3350 3648 hielt die „Gespenster“ für ein unsittliches Stü
159 3570 2481 3693 säsidenten und mehrerer Wiener Theaterdirectoren über Aufführung Protest erhoben worden sei, weil die Träger einiger
155 3624 3351 3737 kennende und unaufhaltsam ihrer endlichen Lösung altadeliger Namen sich durch die Verunglimpfung derselben im diesem Punkte anderer Meinung, ich halte die „
2473 3669 3361 3745 unsittlich, aber man mag darüber nun denken, wie
149 3690 2474 3792 de Frage lassen wir heute andere Persönlichkeiten Stück beleidigt fühlten. Zufällig war der Statthalter am selben
155 3748 3360 3844 denen in“ dieser Angelegenheit das Recht. gehört zu Abend im Volkstheater, er bat nich in seine Loge und machte Sittlichkeit sind verschiedene Begriffe, man I
158 3746 3358 3880 zusteht. Vor Allem die vier verschiedene Partei= mir Mittheilung davon, daß „Madame Sans-Gene“ noch keines- enander verwechseln, wie Herr v. Steis
2457 3815 2772 3901 Falle gethan.
155 3822 2480 3935 nunseres Reichsrathes vertretenden Parlamentarier, die swegs „freigegeben“ sei. Auf die Frage, ob der Statthalter ba¬
2565 3853 3351 3939 Freilich, der Staat hat die Neigung u
1223 3862 2499 3940 Stück selbst gelesen habe, antwortete er mir, dies sei nicht der
2449 3894 3361 3974 mittel, Alles zu unterdrücken, was ihm nicht
163 3923 572 3997 inn machen mögen.
1228 3904 2405 4015 Fall, doch wolle er noch in derselben Nacht das Stück lesen.
1340 3931 3360 4032 Und thatsächlich wurde ich bereits am nächsten Tag in die und ich muß gestehen, solange der Staat von
2469 3978 3361 4067 ausgeht, daß die Einrichtungen, die er schütz
400 3993 852 4079 Dr. Emannel Engel
1226 4002 2487 4094 Statthalterei beschieden. Der Statthalter hatte die
1235 4024 3355 4138 [ganze Nacht hindurch gelesen und theilte freie Wort auf der Bühne gefährdet sind, so
148 4040 1143 4126 chsrathsabgeordneter, Obmann des Jungezechenclubs.
152 4083 3349 4174 Wir haben in Böhmen und speciell in Prag nicht allzusehrimir mit, das Stück sei trotz der „Bedenken“ greifen, daß er sich des Rothstifts nicht begeber
2877 4123 3329 4199 Leiper Meinuna nach C
