3436 4448
2037 115 2327 191 —.—
1484 193 1925 287 box 36/7
127 200 1324 315 1. PanphletsOffbrints
2362 844 2479 913 343
1488 850 2084 953 UN PARISIEN DE VIENNE
1087 940 2476 1028 pourrait s’appliquer à M. Schnitzler. Par une habilude invétérée
299 964 584 1039 ut aufrement
1089 992 2474 1064 de eritique, je cherchais, en lisant cet auteur, à pénéirer ses
369 1033 463 1105 Ctio
1087 1043 2486 1133 idées, à dégager ce que l’on appelle un peu prétentieusement sa
541 1092 588 1148 le
487 1097 532 1146 P
1100 1104 2477 1193 philosophie: M. Sehnitzler, me demandais-je, esl-il croyant ou
422 1146 569 1218 les ci
1101 1185 2484 1254 athée, matérialiste ou spiritualiste, penche-L-il pour la Révolution
1094 1227 2484 1306 ou la Réaction?) Mais c’est en vain que je me posais ces ques¬
1097 1279 2493 1373 tions graves. M. Schnilzler ne nous livre lä-dessus que des
1095 1340 2486 1437 clartés douleuses, sans rien de systématique. Et pour tout dire,
567 1383 619 1446 s
1105 1413 2499 1513 peu lui importe. Jene l’en bläme pas, lant s’en faut: son quvre
1103 1457 2493 1556 doit à tout ce qui n’y est pas de conslituer une lecture fort
1096 1532 2496 1622 reposante; mais j’en conclus que M. Schnitzler forme parmi les
1095 1589 2496 1652 auteurs de ce lempsune exception singulière: un tel manque de
1108 1646 2099 1727 profondeur est une chose vraiment profonde.
1143 1703 2503 1773 Rien ne l’intéresse, en vérité, rien ne l’émeut que l’amour ei
1101 1755 2506 1838 la mort, et l’amour — naturellement — plus que la mort. Les
1111 1811 2505 1911 piéces, les dialogues, les contes de M. Schnitzler sont pleins
1110 1879 2509 1956 d’amour et l’on ne saurait trop admirer T’éloquence, la compé¬
1112 1928 2506 2005 tence et la variélé avec lesquelles il en parle. Dans l’impossibilité
1119 1992 2501 2068 od nous sommes d’éludier l’euvre compléte de ce fécond éeri¬
1115 2051 2505 2144 vain, bornons-nous à passer en revue ses nouvelles, ce qu'il a
1109 2128 2513 2202 fait de mienx, an demeurant, à mon avis. Elles offrent à la ré¬
1110 2193 2038 2275 flexion eritique un champ déjà tres vaste.
1155 2231 2506 2306 Les gens superficiels vont répétant que l’homme est partout le
1115 2290 2506 2366 mème et une observation sommaire semble leur donner raison.
1127 2349 2514 2431 Quelques passions ou quelques instinets ménent le monde, mais,
1121 2406 2518 2486 dans la manière dont T’espéce humaine accomplit les rites éter¬
1118 2465 2514 2566 nels, quelle variélé infinie! Dans l’amour, surtout, que de
1118 2542 2516 2611 nuances! On n’aime pas à Paris comme à Berlin, à Rome
1121 2580 2518 2684 comme à Vienne. D’autres ont dit comment on aime à Rome, à
1129 2654 2510 2722 Berlin, à Paris. M. Schnitzler, lui, est Thistoriographe, le philo¬
1122 2708 2531 2782 sophe, le pocte de lamour viennois. Suivons-le dans le dédale on
1121 2760 2533 2859 il se meut avec lant d’aisance. Elevé dans le sérail, il en connalt
1140 2841 1876 2920 tous les tours ettous les détours.
1173 2883 2525 2967 L’ingénienx Stendhal, lequel atres bien parlé dans un livre qui
1129 2954 2531 3016 supporte encore la lecture, de Tamour deuropéen 9, montre une
1141 2999 2532 3095 insuflisance des plus fachenses et d’ailleurs unique dans lechapitre
1129 3077 2534 3137 consacré à l'amour allemand. Entre les divers pays de langue
1135 3133 2533 3200 germanique il n’établit aucune distinction, et il éerit sommaire¬
1139 3178 2541 3248 ment, trop sommairement: & Si l’Italien, toujours agité entre la
1133 3234 2539 3309 haine et l’amour, vit de passions et le Français de vanité, c’est
1141 3295 2543 3372 d’imaginalion que vivent les bonst et simples descendants des
1146 3370 2533 3428 aliens Germains.n On allendait mienx de Tillustre psychologue
2814 4028 3109 4124 W
