3436 4448
1520 245 1954 345 box 36/7
174 258 1350 371 1. PamphetsOfbrins
2400 845 2514 922 347
1515 844 2119 948 UN PARISIEN DE VIENNI:
1119 916 2501 1005 Graccoureiso de celte sorte, ou se découvre le conteur de race.
319 959 502 1048 lIe ü ses
1163 980 2515 1070 M. de Breiteneder fils continnn, Gailleurs, malgré son pere,
335 1037 503 1101 is c0ll¬
1117 1046 2524 1135 Taimer et de suirre Marie Ladenbauer. Mais celle-ci élant lombée
346 1109 403 1160 8
1132 1095 2523 1204 malade, M. de Breiteneder, qui nimait en Marie une créature de
406 1153 489 1218 éné
1121 1165 2527 1273 joie, uniquement, se détacha d’elle. Ses visttes se firent de plus
362 1212 514 1281 nontre
1133 1225 2521 1316 en plus rares. Marie élant devenue completement aveugle,
425 1265 505 1336 lix.
1126 1298 2522 1369 M. Karl de Breiteneder linit mème par Tabandenner lout à
366 1321 518 1399 i dans
1137 1336 2527 1427 fait, II commenca bien par épronver de sa lächeté quelque
431 1386 518 1454 Un
1135 1401 2532 1489 remords. Mais le lemps, peu à pen, accomplit son ceuvre. Et M. de
1146 1467 2257 1557 Breiteneder oublia Marie.,, comme lant d’antres.
1180 1536 2527 1620 A plusieurs années de la, dans un tron de province, M. de Brei¬
1135 1587 2545 1661 teneder, ayanl appris par les afliches qu'une represenlation de la
1139 1639 2536 1717 troupe Ladenbauer au grand complet aura lien le soir mème, ne
1144 1699 2548 1786 résiste pas à la lentalion d’y assister. El il revoit sur la scène, dans
1141 1750 2538 1844 leurs röles ordiraires, lons les membres de Titiusire compagnie.
1142 1830 2554 1909 Marie Ladenbauer, Ia chanteuse popplaire, dite gle Merle blanc 9,
1148 1869 2545 1972 parait à son tour, et son inlirmité lui gagne lous les ecrurs. Elle
1141 1929 2550 2039 commenee par dire la chanson ancienne:  Aujourd’hui, je vais
1147 2000 2555 2081 ##la campagne avec non bien-aimév; après quoi elle entonne la
1160 2051 2544 2140 Nonpelle Chanson, composée spéciniement pour elle par T'accom¬
1151 2110 2546 2200 pugnateur. M. Rebay. Marie Fexhale une plainte doncc. Elle re¬
1145 2172 2552 2259 grette ses sueces d'autrefois, ellese rappelle les parlies decampagne
1163 2225 2559 2303 avee le bien-nimé. Adien le bonheur! maintenant; adien Tamour!
1160 2289 2565 2355 Adossé contre un pilier, dens le jardin, sous une lanterne, M. de
1152 2348 2556 2427 Breiteneder écoute. Elvoici que les arlistes de la troupe Laden¬
1154 2403 2568 2479 bauer le reconnaissent. IIs n’ont pas de rancune et engagent
1163 2459 2563 2549 M. de Breileneder à venir souper avec enx, à l’issue de la repré¬
1156 2522 2563 2600 senlation, comme autrefois : & Prenez-done place à côté de Marie,
1161 2600 2574 2678 monsieur de Breiteneder v. Et Marie, elle aussi, est heureuse de
1168 2648 2574 2719 sentir M. de Breiteneder si pres d’elle. Karl vondrait étre gentil,
1177 2700 2579 2794 Karl vondrait Trouver, à Tadresse de son ancienne amie, un mot
1178 2761 2567 2851 de sympathie, un mot de pilié; mais c’est en vain. Ala vue d’une
1171 2829 2576 2916 telle déchennee, son ecrur d’homme see se crispe et se ferme: il
1174 2872 2572 2951 vondrait étre à cent lieues delä. ell loucha du côté de Marie et i!
1185 2931 2566 3025 éprouva de nouveau une sensation comme si, lout au fond des
1180 2992 2578 3080 venx de Tinfirme, quelque chose le regardait. Ce n’était point un
1174 3053 2579 3142 regard humain, mais quelque chose de pénible et d’étranger qu'il
1178 3113 2575 3204 n'avait pas connu naguère. Etil fut secoué d’un frisson, comme
1178 3186 2577 3259 s’il était assis à côté d’un fantöme. 9 Marie atenté de mettre sa
1178 3232 2578 3325 main dans celle de M. de Breiteneder, mais, sentant frissonner
1194 3286 2585 3381 son voisin, elle a renoncé à son étreinte: & Pourquoi donc as-tu
1192 3348 2596 3468 peur? demande-Pelle à Karl. Je suis comme autrelois. 9 Mais ces
