3436 4448
2067 143 2238 218 —
1479 223 1946 310 box 36/7
145 228 1332 339 1. PanphietOTfDrints
1449 844 1978 923 LA NOUVELLE REVUI
1022 858 1142 928 352
1017 927 2425 1008 les pensées el lous les acles témoignent de senliments religienx.
1016 989 2418 1064 Or il n’y a rien de tel chez M. Schnitzler. L’idée de la mort
1011 1043 2425 1111 le hante, mais c’est pour elle-meme qu'il la crainl; c’est pour
1023 1113 2427 1162 ce dont elle nons prive queil la redoute, ei non point, ccmme
1016 1166 2417 1229 les esprits religienx, pour la sanclion dont elle sera sürfie.
1027 1225 2413 1304 Nulle aspiration vers T’au-dela, nulle trace d’une croyance
1028 1298 2419 1357 quelconque à T’immortalité chez M. Schnitzler. Le mot le plus
1026 1345 2419 1404 prolond que lui ait arraché la mort se rencontre dans la nouvelle
1016 1405 2407 1481 intitulée leurs. Le point de vue uniquement lerrestre et maté¬
1026 1477 2419 1539 rialiste de Tauleur viennois g est bien manifeste: une jenne
1023 1518 2414 1591 femnme a coutume T’envoyer chaque mois à son amant une gerbe
1023 1577 2427 1634 de Neurs. Oreelle jenne lemme vient à mourir subilement. Son
1031 1647 2413 1709 amant n’en reçoit pas moins le mois suivant Tenvol accoutumé,
1030 1699 2414 1766 Sommande une lois pour loules à la leuriste. Le destinataire du
1022 1752 2422 1826 Tugubre colis en prend possession avec un Trisson. Elils laisse
1019 1831 2424 1891 #aller à une de ces meditations plaintives sur l’amour et la mort
1032 1871 2418 1942 ou Ton aime à suivre M. Schnitzler: & Hélas, déclare-f-il, nous ne
1031 1928 2412 2004 comprenons pas la mort, nous ne la comprenons jamais. Erlouf
1025 1992 2425 2055 etre, en verite, est mort alors senlement que toussceng-ld aussi ont
1029 2050 2427 2119 disgira qut Pandient connn v. Cette pensée sublile est peut-étre
1027 2116 2428 2176 relativement consolante, mais elle n’est pas d’un mystique, elle
1032 2176 1846 2250 n’est mèmne pas d’un esprit religienx.
1068 2231 2424 2295 M. Schnitzler déclare, an demeurant: & Nous ne comprenons
1014 2282 2418 2353 pas la mort o. Et volla encore un propos exelusif de tout mysti¬
1017 2358 2414 2414 cisme. Toutes les religions, qu'elles quelles soient, prétendent
1019 2394 2418 2472 nous lournir sur la mort des lumieres délinitives. La mort,
1018 2453 2416 2518 pour elles, n’est que le seuil d’un au-delà qu'elles déclarent
1029 2517 2428 2584 connaitre et réveler. M. Schnitzler ne prétend point à tant de
1023 2582 2414 2652 science. C’est un fait, du reste, qui m’a toujours frappé, celte
1020 2644 2427 2719 incuriosité de Fau-delà, si manileste chez tant d’eindiants en
1019 2702 2424 2769 médecine el de jennes médecins. IIsemble que le corps humain
1015 2751 2421 2816 leur propose de si passionnantes enigmes qutils en negligent
1021 2827 2412 2893 Tenigme suprème: celle de Täme. Ahl certes, gl’inlini ne lour¬
1021 2894 2438 2943 mente pas 0 M. Schnitzler. Il'se contente de pleurer sur la mort,
1033 2937 1745 3000 sans chercher à la comprendre.
1071 2994 2418 3066 Indillérent en maliere de religion, M. Schnitzler n’est pas
1023 3066 2420 3145 moins sceptique en morale. Ses edonces filles ) sont’ capables
1029 3119 2413 3176 de toutes les lidelites, de lons les dévouements, presque de tous
1023 3182 2423 3242 les sacrilices, mais c’est Tamour, Tamour seul qui inspire leur
1023 3221 2427 3290 conduite. Une sensualité ardente et une foi exallée penvent aller
1026 3285 2429 3368 de pair, lI en résulte alors, dans Tame ainsi parlagée, des trou¬
1021 3342 2442 3433 bles prolonds, des allernatives cruelles d’enthousiasme ei de
