3436 4448
1512 232 1968 326 box 3677
175 241 1356 336 1. PamphleOffhrints
1548 735 1844 887 Wunet
916 1075 2130 1231 UN PARISTEN DE VIENNE
1216 1526 1893 1613 M. Arthur Schnitzler
885 1673 2243 1776 ( La poésie antrichienne, déclare un ingénieux critique (1),
854 1761 2251 1831 est à la poésie allemande dans le mème rapport que T’ar¬
846 1828 2255 1891 chitecture romane à Tarchitecture gothique. Comme Tarchi¬
857 1861 2257 1931 tecture gothique, la poésie allemande, surtout celle de I’Al¬
847 1929 2261 1998 lemagne du Nord, exprime un élan éperdu vers Tinlini,
858 1997 2255 2069 traduit l'’inspiration de tout T’étre à un idéal sublime. Pa¬
847 2054 2254 2131 reille à T’architecture romane, la poésie autrichienne est moins
859 2111 2248 2190 ambitieuse. Elle se contente d’exprimer sous une forme élégante,
860 2166 2258 2240 d’ailleurs plus harmonieuse, en lout cas plus harmonique, des
861 2243 2247 2303 idées moyennes sagement ordonnées. Si ellea moins Pampleur
857 2308 2261 2366 que la poésie allemande, elle temoigne d’un gont supérieuretsens
856 2367 2260 2409 supérieur de la mesure v. Je renonce à exposer ce paralléie d’un
848 2401 2248 2484 plus en détail. II suflit d’en avoir dégagé l’idée générale. Ces com¬
857 2464 2263 2558 paraisons, toutes littéraires, entre des objets si disparates sont
855 2532 1675 2612 d’ailleurs toujours un pen boiteuses.
904 2585 2259 2647 Les observations générales formulées plus haut ne m’en pa¬
855 2632 2255 2699 raissent pas moins justes. La définition qu’elles contiennent de
854 2704 2261 2770 la poésie antrichienne convient en lout cas à merveille anx
851 2756 2261 2822 anteurs ies mienx doues de la jenne génération viennoise: anx
871 2815 2247 2883 Artliur Schnitzler, anx Hermann Bahr, aus Huge von Hoffmanns¬
857 2884 2259 2937 thal. Tous trois, ilssonlmarques decette empreinteplutôt romane
871 2936 2267 3006 que gothique dont il vient d’ètre parle. Tous trois, ils manquent
835 2996 2260 3078 7 un peu de prolondeur, tous trois ils ont le souflle un peu court.
873 3064 2261 3123 Loin de représenter Uhmanité dans sa totalité, la vie dans sa plé¬
870 3113 2258 3184 nitude, ils cultivent un domaine étroit, les sentiments qu'ils pei¬
864 3179 2262 3252 gnent sont peu complexes el pen profonds. Mais chezles meilleurs
860 3228 2264 3309 parmi les poétes viennois, chez M. Arthur Schnitzler tout spécia¬
876 3293 2292 3362 lement, quelle grace captivante, quel charme exquis ei leger!
917 3397 1342 3485 (1) M. Hans Landsberg.
