3436 4448
1513 213 1963 324 box 36/7
165 240 1352 354 1. PanphOffDrint
1485 984 2032 1070 LA NOUVELLE REVUE
1055 988 1186 1065 350
1059 1055 2466 1135 si aimable. A Marie, sa compagne, qui prétend partager son
1064 1140 2457 1195 extase, il objeele: gTn ne sais pas que eest bean, tu ne penx
1067 1203 2457 1259 pas ie savoir, puisquetun'as pas à Pen séparer v. IIreste à Félix
1064 1259 2467 1317 un an à vivre, tont an plus Les jours, les semaines, les mois
1069 1299 2467 1379 S’ecoulent sans lui apporter la résignation souhaitable. A la veille
1057 1364 2465 1426 de mourir, in zient plus que jamais à ln vie. Insensiblement, cc
1057 1433 2467 1491 sentiment a gagne sa compagne. A mesure que devient plus
1058 1479 2468 1545 semblable aux morts Phomme à qutelle a uni son existence, elle
1056 1545 2475 1599 se raccroche plus desespérément à la vie. Certes, elle veille sur
1061 1600 2470 1667 son ami avec sollicitude et lui garde fidélité (n’est-elle pas une
1068 1667 2467 1727 douce Mille, une Monee Hille de Vienne?), wais au'on ne lni demande
1056 1736 2470 1797 pas de tenir T’engagement pris naguere: 6 Je parliraiavecloi!)
1073 1791 2471 1853 Nou, non, la vie est bonne, la vie est douce. Marie es! trop jenne
1070 1839 2478 1910 pour partir. Ce sont en general des etres faibles et facilement
1070 1892 2464 1980 domptes que les personnages de M. Schnitzler, lI est tres remar¬
1075 1950 2470 2020 quabie que leur energie se reveille en présence de la mort. Dans
1072 2005 2480 2096 ie desir qu'ils ont de vivre, ils trouvent pour déjouer ses ruses
1067 2070 2425 2135 des ressources d’energie dont on ne les aurait pas eru capables.
1113 2137 2469 2210 Etc’est encore une peinture tragi-comique dIe la force de l’ins¬
1066 2214 2479 2265 tinet de conservation chez Thomme et de cet amour de la vie
1066 2264 2474 2331 qui Peteint an seuil de la mort que la lacon de monologue
1067 2316 2471 2391 intitulé 1e Lienlenant Gustl. Comme la plupart des personnages
1068 2387 2473 2445 de M. Schnitzler, le lieutenant Gustl est un jonvenceau leger,
1074 2426 2468 2523 sceptique ei voluptuenx, fort attache a la vie ei à ses bienlaits.
1440 2490 2486 2560 Pon il se trouve de mettre lin tantotà ses jours
1073 2491 1355 2571 Aussi l’ohl:
1084 2530 2474 2630 par une mort vielentelut semtde-Felle une bien eruelle necessite.
1116 2606 2478 2676 Pourtant, il faut mourir, P’honneur T’exige. Au sortir d’une
1075 2664 2477 2732 andition de Musique sacrée, on il s’est d’ailleurs cordialement
1074 2722 2482 2803 ennuye, ie lieutenant Gusti aen avec un pekin, au vestiaire, une
1080 2789 2481 2862 grave altercation. Ce civil de rien du tont, un maitre boulanger,
1080 2859 2486 2912 un certain Habetswallner, fréquente le meme café quele Neutenant
1080 2921 2479 2976 Gustl. Irn’ei. n pas moins traite ee dernier le plus irrespectuense¬
1088 2972 2491 3031 ient au monde, comme Ss’il ignorait sa qualité. A la face au
1079 3038 2480 3098 peuple sarcastique, il Ta bousculé et traité d'c imbécile) parce
1090 3100 2491 3161 gueil encombrait ie passage. Dans cet estrif, Gustla fait pileuse
1090 3154 2491 3218 ligure. lI a subi T’outrage ssns oser alfronter la fureur de son
1081 3188 2487 3269 adversaire, un colosse. le volla deshonoré, deshonoré à lout
1084 3275 2496 3337 jamais. Mais ie lieutenant Gusil est un bon soldal. Les lois de
1083 3325 2488 3396 Thonneur militaire lui lont un devoir de mourir: i mourra done
1088 3376 1671 3457 et plutot dix lois qufune.
1128 3437 2508 3507 Demain matin, à Taube, il se tnera d’un coup de pistolet. En
1087 3495 2501 3592 altendant, il passe ie reste de la nuit à Häner. Sur le bane du
