3436 4448
187 166 1367 260 1. Panphlets Offorints
178 792 362 871 REVUE
172 861 784 961 tre sur l'amour allemand
175 931 772 1013 un pen plus précises, mais
179 993 784 1068 sont empruntées à un livre
174 1048 788 1142 riche, et dont Tauteur P’est
169 1108 773 1194 gapothicaire de Napoléon I“.
183 1167 787 1247 hourtel que le pratiquent les
188 1226 762 1304 4 Rien u’est plus complai¬
181 1285 774 1364 ichienne, chez elle Tamour
175 1342 781 1426 pointe de cyulisme: cllya
171 1399 784 1482 Artout, mais, en général, les
178 1463 778 1543 ement coqueltes; quund je
178 1521 792 1598 hant de leur choix, car les
212 1575 777 1644 Reste-t-il assez Parisien,
188 1634 787 1706 iche et des Autrichiennes!
200 1698 794 1770 somme avisé et instruit. Et
192 1752 798 1838 I. Schnitzler confirmer son
179 1847 789 1971 er en parcille matière, dis¬
187 1940 789 2017 on livre De TAmour, quaire
187 1984 798 2072 sion, l’amour goül, Tamour
187 2065 796 2138 our passion serait spécili¬
187 2112 796 2193 anité serait essentiellement
179 2171 785 2253 er l’amour viennois,6-
200 2227 792 2313 svement défini par Cadel¬
194 2289 791 2368 et nouvelles de T’auteur qui
179 2348 799 2427 Neme peut sembler Trivole,
233 2412 796 2489 er, c’est parler Gamour,
187 2464 798 2549 bue, et, tout comple fail, je
193 2526 799 2601 e ou il remplit les écrits de
184 2589 807 2664 parate. Chez les femmes de
195 2652 801 2725 e de lamour passion, alors
202 2704 804 2788 amour goüt, mélangé d’une
188 2759 800 2844 lemment, la situation des
192 2833 808 2898 stpas, dans Teuvre de
198 2880 807 2957 emmes. Les hommes, chez
196 2939 804 3025 semmes aussi; mais, parlois
206 2981 808 3090 est généralement chez la
193 3055 804 3132 ssé que chez Thomme. La
216 3114 805 3193 se reprend moins vite. La
197 3173 817 3261 stelle, en somme, que l'avait
201 3241 810 3319 mpereur français: tendre,
206 3291 813 3385 tous les sacrilices, elie fen¬
1525 155 1971 255 box 36/7
2601 780 2711 849 345
1710 758 2315 878 UN PARISTEN DE VIENNE
1302 848 2693 958 drait des points anx Pénélope et anx Griselidis des littératures.
1357 928 2701 991 Passion et lidélité, cesont bien la, vraiment, les caractères
1317 999 2716 1056 dominants chez la plupart des petites et grandes amoureuses
1311 1058 2719 1117 dessinées par M. Arthur Schnilzler d’un crayon si léger et si
1314 1096 2700 1172 doux. Passons-en quelques-unes en revue: voici Bertha Gar¬
1313 1155 2708 1225 lan, Théroine du récit (grande nouvelle ou petit roman), inti¬
1321 1223 2707 1285 tulé: Mudame Bertha Gorlon. Mariée par raison à un homme
1322 1271 2722 1347 qu'elle n'aimait pas, mère de famille, puis veuve après peu
1322 1340 2720 1403 Gannées de mariage, Berlha Garlan est loujours restée fidele en
1316 1392 2716 1462 pensée à c lamant de son choix v, soit au violoniste Emile Lind¬
1317 1459 2708 1522 bach, un ami d’enfance qui a fait rapidement une brillante car¬
1327 1503 2713 1606 rière et qu'elle a, depuis lors, perdu de vuc. Obsédée dans son
1323 1572 2716 1649 précoce veuvage par le souvenir de l'amouretle ancienne avec
1325 1621 2724 1705 Emile Lindbach, Bertha qui habite la province, se décide à lui
1324 1705 2728 1770 écrire et lui demande un rendez-vous. Emile, arliste tres recher¬
1322 1743 2729 1824 ché et tres aimé des lemmes, n’en répond pas moins aux hvances
1318 1806 2728 1874 de Bertha et Tinvite à le venir voir à Vienne. Bertha accourt, tres
1321 1862 2730 1926 Emue, delicieusement jolieet fraiche, etsi provincialementsincère!
1331 1915 2733 1987 Tel un beau fruit mür, elle tombe an premier choc. C’était la, dans
1324 1990 2726 2058 son idée, un début, mais c’est la, pour Emile, un commencement
1333 2034 2730 2103 et une lin. Aux billets ardents par on Bertha implore un autre
1322 2105 2733 2166 rendez-vous, il répond par des lignes fort seches. Elle insiste, i1
1326 2159 2730 2223 résiste. Tant et si bien que la naive Bertha linit par comprendre.
1332 2213 2735 2296 Tout d’abord, elle s’indigne, elle s’irrite; mais sa colère fait place
1326 2273 2735 2347 peu à pen à une tristesse humilice et décue. Les pelites femmes.
1335 2334 2727 2405 d’Arthur Schnitzler ne s’emportent jamais jusqu'aux limites extré¬
1329 2391 2720 2484 mes. Après tout, songe Bertha, n’a-belle pas provoqué le traite¬
1329 2458 2735 2521 ment dont elle souffre?& Nétait-elle pas venue iei pour devenir sa
1332 2504 2745 2587 maitresse, et pour cela seulement, sans nul égard pour le passé,
1344 2566 2746 2633 sans nulle garantie pour Tavenir? Elle rentrera dans son pelit
1333 2642 2747 2718 trou de province, le cchur brisé, mais résignée. C’est en vain
1345 2702 2737 2766 que Gautres s’offrirent desormais à égayer son venvage: elle
1337 2759 2735 2810 restera lidele an sonvenir de cette nuit d’amour sans lendemain:
1347 2818 2736 2882 (Et, si elle veut étre loyale vis-à-vis d’elle-meme, elle doit con¬
1339 2856 2743 2929 venir encore que, de tonte sa vie, ces heures d’amours n’en res¬
1336 2928 2441 3001 tent pas moins cequ'elle a éprouvé de meilleur. )
1384 2980 2740 3045 Plus touchantes encore, la lidelité et l’esprit de sacrilice chez
1336 3032 2743 3111 Théroine du récit intitulé Mourir. Marie est la mahtresse, la
1352 3110 2737 3174 apetite amie9, comme dit pudiquement M. Brieux, d’un pauvre
1344 3163 2753 3235 phtisique condamné à une morl prochaine. Apres avoir nourri
1344 3216 2764 3281 longlemps doptimistes illusions, Félix apprend d’un médecin
1340 3276 2756 3364 moins secret que les autres la eruelle verite. Marie, mise an
2871 4009 3210 4097 nnntenge
