3436 4320
932 288 1006 344 M
1420 254 1898 370 box 23/5
265 269 1280 370 18. Der einsane Nen
183 1420 778 1515 Seiten 2 und 3 weitere inter¬
2460 1441 2639 1523 2r in
958 1456 1667 1570 Feuilleton.
183 1502 778 1568 nnächst erscheinenden fünften
1910 1460 3104 1588 in tiefster Seele etwas anderes denkt?“ Sie antworten so,
187 1559 755 1627 Feldmarschalls, die über ein
1912 1547 2930 1634 weil sie Egoisten und weil sie von Schnitzler sind.
1078 1569 1586 1656 Drama der Angst.
186 1595 748 1675 onrads im November
2003 1592 3082 1690 Ueber dieses angebliche Schnitzlersche Urthema vom Tod
809 1611 1822 1726 (Schnitzlers „Der einsame Weg“ im Deutschen
1915 1632 3085 1728 ist so viel geschrieben worden, daß man glauben sollte, es
1183 1679 1471 1762 Volkstheater.)
1914 1697 3080 1776 verhalte sich genau, wie man behauptet: Schnitzlers Haupt¬
834 1721 1898 1807 Den einsamen Weg gehen alle, die nie einem andern
1917 1740 3076 1813 motive seien Liebe und Tod, und man könne die Welt dieses
753 1777 1910 1866 gehört haben. Sie gehen ihn, wenn die Jugend hinter ihnen
171 1762 545 1877 rik der
1912 1784 3074 1866 Dichters mit beiden begrenzen. Es muß endlich gesagt
752 1837 1901 1902 verrauscht und das Aelterwerden beginnt, jener Moment, wo
1904 1831 3078 1918 werden, daß dieses Allerweltsklischee falsch ist. Schnitzlers
745 1876 1902 1958 der Weg in einer kleinen, ersten, kaum merklichen Neigung
1911 1884 3082 1971 Urthema nämlich ist weder die Liebe noch der Tod. Es ist
172 1869 721 1995 zen Presse“.
749 1923 1900 2003 sich senkt, hinab, hinab. Hinter ihnen war Glanz, Lust,
1908 1938 3073 2014 vielmehr: die Angst. Also das größte, weil allgemeinste, das
757 1969 1894 2038 Taumel; Triumph und brennende Begier: krasser Egoismus.
1909 1978 2851 2063 wichtigste, weil bestimmendste aller Probleme.
169 1964 741 2086 erzig Jahren.“ Von
748 2012 1904 2085 Aber sie haben sich nie für krasse Egoisten gehalten. Wer
1978 2038 3064 2099 Angst. Wollte es sich jemand zur Aufgabe machen —.
170 2051 540 2146 aris). Seite 10.
743 2076 1905 2134 nur „ich“ zu denken imstande ist, sagt so beflissen „du“, daß
1903 2064 3082 2163 Schnitzler hat dies immer wieder, immer schärfer, immer
745 2126 1899 2190 er, was der Gewohnheit entspricht, schließlich für die Wahr¬
1899 2127 3073 2198 divinatorischer getan — und ergründen, was die menschlichen
177 2127 733 2226 underland.“ Seite 10.
746 2173 1903 2237 heit hält. Und wie plausibel ist der ewige Irrtum der
1902 2175 3129 2263 Beziehungen schafft, ändert, löst und stürzt, er würde, hätte.
742 2209 1894 2284 Egoisten. Denn da ihnen die Beschäftigung mit sich selbst,
176 2203 687 2319 er „Ufa“.“ Seite 10.
1902 2226 3091 2311 er den Mut zur Konsequenz und keine Scheu vor der Ent¬
741 2258 1898 2314 als das Selbstverständliche, nicht mehr zum Bewußtsein
1907 2284 3075 2344 götterung des Idealen, unabänderlich finden: die Angst.
742 2314 1899 2373 kommt, wird ihnen schon das Winzigste, das sie für andere
172 2288 444 2399 .Seite 10.
1904 2320 3072 2400 Angst vor Bestimmtem. Vor Armut; vor Krankheit:
744 2366 1898 2423 tun, zum Ereignis und altruistischen Beweis. Erst wenn ihr
1899 2367 3075 2448 vor Schande; vor Einsamkeit; vorm Tod. Aber, und dies
737 2403 1894 2469 Weg hinabführt, erkennen sie sich. Denn da sind sie mit
1896 2411 3063 2476 erst ist die wahre, peitschende, dämonische Angst, neben ihr,
167 2407 727 2499 omans „Das schwim¬
743 2452 1886 2520 einem Schlage allein. Sie mögen Frau und Kinder haben,
1894 2457 3060 2537 die Ursache und Verstand hat, steht die Angst vorm Un¬
732 2479 1892 2572 Reichtum, Ruhm, Genie, ein Bacchantenzug mag sie be¬
169 2487 732 2582 dolf Jeremias Kreutz
1897 2510 3073 2587 bestimmten. Vage Angst, die jedes Erwachen um den Atem
741 2546 1895 2620 gleiten — den Weg hinab gehen sie allein. Es wird kalt
1899 2553 3069 2648 bringt, hinter Wort, Blick und Ding tyrannisch aufschnellt,
744 2584 935 2671 um sie.
1891 2596 3064 2662 in der Wolke das Gewitter, im Seufzer die Unrettbarkeit,
826 2610 1898 2719 Und sie denken an den Tod. „Warum reden Sie denn
1885 2643 3070 2730 im Klingelzeichen die katastrophale Botschaft ahnt, vage
162 2644 379 2747 Seite 16.
707 2657 2917 2789 vom Sterben?“ fragt man sie. Sie antworten: „Gibt es Angst, die die Existenz vergiftet. Angst vorm Leben.
2281 2822 2991 2921 a bis 9 Stundon Sonnenschain s
2965 2844 3027 2905 —
2289 2891 2958 2970 Günstigste Schneeverhältnisse
753 2893 1048 3009 TLE
1527 2900 2024 3009 ALAUL
167 2765 382 3040 a
2271 2943 2994 3063 Januar Februar
1069 2978 1559 3078 Villars, Rhönetal
330 3012 967 3134 läufst Schlittschuhe.
2134 3050 2702 3151 ommersonne
770 3094 1145 3182 fährst Bob.
2349 3128 2609 3204 mitten im
984 3131 1551 3229 rodelst, fährst Ski
1124 3182 2157 3287 und tanzest und flirtest in der ∆
2439 3188 2825 3289 Eismeer
1165 3448 1617 3560 A 0
