3484 4384
1468 326 1934 416 box 23/5
862 339 1030 406 1S G
314 341 1323 439 18. Der e1 Fag
1129 1351 1418 1433 1204 11919
932 1495 1675 1563 Hamburger Corresponde
1130 1561 1443 1641 Hamburg
1129 1628 1278 1689 —
826 1679 1675 1778 Hus Kunft und Leben.
872 1833 1610 1897 Deutsches Schauspielbaue.
689 1845 840 1929 #
831 1889 1642 1962 Zumersten Mal: Der einsame Weg.
669 1960 1872 2021 Arthur Schnitzler, der Dialektiker, Bühnennovellist von
611 2014 1870 2062 feinstem Geäst, in jenen Bezirken zu Haus, in denen einstmals das
613 2045 1871 2094 l’art pour l’art Geltung hatte, wandelte sich zum dramatischen
602 2088 1874 2143 Paulus. Er entdeckte, was man beim Vater des Anatol am wenig¬
609 2135 1863 2185 sten gesucht hätte, Gemüt und gewann aus Empfindsamkeit und
604 2169 1880 2226 Gefühl den Stoff eines großen Schauspiels. Groß im Sinne der
611 2209 1869 2254 Sudermännerei: mit verschwenderischer Rhetorik, künstlich ge¬
605 2253 1870 2299 triebenem Pathos. Aus früheren Zeiten blieb ihm nur jener un¬
614 2285 1865 2341 verlierbare, im Wiener Boden ruhende kulturelle Hauch, der auch
603 2338 1878 2374 seinen kecksten Einfällen noch Reiz und Grazie lieh, und der ihn
616 2370 1876 2422 selbst auf diesem verwandten Gebiet wohltuend von Sudermann
606 2424 1868 2472 trennt. Er hat, um es auf eine ganz einfache Formel zu bringen,
600 2459 1864 2506 die Gabe des Geschmacks, ein gütiges Heimargeschenk, dessen Seg¬
603 2502 1857 2542 nungen ihn nie ganz verläffen haben. Auch nicht bei dieser Ab¬
605 2526 1862 2584 kehr, für die man nach äußeren Gründen sucht, da die inneren
607 2569 1872 2626 versagen. Wandlung im allgemeinen, im besonderen? Hermann
599 2624 1869 2667 Bahr hat, in späteren Jahren als Schnitzler, ähnliches erlebt und,
607 2652 1860 2697 viel tiefer in die Fesseln und Hemmnisse seiner Wandlung ver¬
601 2697 1859 2743 strickt, in der Mystik des Hatholizismus, in der religiösen Ver¬
595 2731 1870 2785 geistigung seines inneren Lebens Gewinn, Gnade und Lösung
606 2777 1858 2829 gefunden. Ist, vom Respektbogen des Alters umgeben, Träger
592 2814 1856 2866 seiner Ueberzeugung, Prophet einer neuen Heilslehre geworden,
994 2849 1864 2906 theatralischer Hintergrund war. Viel¬
602 2858 966 2912 die ihm kein
600 2893 987 2955 mehr innerliches
990 2899 1856 2951 Erleben, Eigentum seines Persönlichen.
593 2934 1862 2980 Schnitzler ließ nur künstlerisch das Land seiner Heimat
589 2983 1868 3032 hinter sich und suchte den fremden Stoff mehr mit intellektuellem
597 3028 1870 3073 Gefühl als treibender Empfindung zu meistern. Ihm fehlte das
599 3059 1864 3095 Wesentlichste: die innere Bereitschaft, die quellende Wärme der
590 3101 1859 3153 Ueberzeugung, die intuitive Erfassung durch Herz und Gefühl.
598 3135 1860 3173 Sein Schauspiel ist das Produkt eines künstlerischen Irrtums, der
593 3176 1861 3216 immer wieder in seinen Einflüssen und Wirkungen zu spüren war,
603 3218 1868 3272 sobald es ihn nach dem Pathos der Szene, dem großen Stil ver¬
596 3258 1857 3314 langte. Das ist nicht seines Wesens Ausdruck, ist nachgebil¬
598 3300 1859 3353 dete Kunst, an vielen Bildern empfunden, Dokument einer Künst¬
585 3340 1853 3399 lerschaft, die sich selbst da noch in Einzelheiten zu erkennen gibt,
587 3376 1284 3436 wo sie im Ganzen in die Irre ging.
668 3411 1854 3479 Das Werk ist vor fünfzehn Jahren entstanden. Ueberprüft
584 3452 1856 3512 man, was vor was hinter ihm liegt, dann ist man geneigr, in
591 3498 1856 3542 diesem Schauspiel die Grenzen zu sehen, die Schnitzler gezogen
592 3540 1855 3586 sind. Sein dramatischer Bezirk ist eng. soweit sein Persönlich¬
580 3580 1847 3625 Geistiges, das vornehmste und wertvollste seiner Art, in Frage
583 3619 1862 3678 kommt, schmales Raumgebiet einer Strichelkunst, die zum Intimsten
1913 1673 3172 1733 und Köstlichsten deutscher Literatur zählt. Sie zu erweitern, auf
1908 1728 3168 1776 große Probleme auszudehnen, mag einen Gestalter von der Fein¬
1910 1756 3170 1815 heit Schnitzlers gereizt haben. Daß der Versuch nicht glucken
1918 1802 3175 1855 konnte, beinahe aus Naturgründen scheitern mußte spricht für die
1914 1826 3170 1887 starke Wesenheit, die in sich gefestigte Formung seiner Kunst und
1910 1883 3171 1937 ist zugleich ein deutlicher Hinweis darauf, in welcher Richtung die
1909 1917 3181 1970 Regie zu arbeiten hat: Verde###ng des stofflichen und künstlerischen
1904 1957 3169 2012 Zwiespalts, Konzentrierung aller sprachlichen, gedanklichen und
1916 2011 3178 2057 dramatischen Momente. Dr. Eger ging in seltsamer Verkennung
1912 2045 3169 2084 dieser Richtlinien vom gegenteiligen Standpunkt aus und legte
1899 2082 3166 2131 die Darstellung auf ein Tempo fest, dessen Breite die Schwächen
1906 2132 3170 2178 der Dichtung noch schärfer hervortreten ließ. Keine Akzen¬
1900 2156 3168 2199 tuierung, kein Stakkato, nicht die leiseste Bewegung hob die
1896 2202 3173 2254 Aufführung, die — dekorativ sonst vorbildlich schön — in Stille
1901 2246 3171 2293 und Leere versank. Schauspielerisch frei war allein Robert
1906 2283 3179 2344 Nhil, dessen Stephan von Sala in der Schlichtheit der Empfin¬
1893 2321 3166 2369 dung, der Reife des Persönlichen, in der verwehenden Müdigkeit
1896 2368 3167 2412 dieses Lebens eine der stärksten Vermenschlichungen des Theaters
1901 2400 3171 2458 ist. Kobler gab einen konventionellen Wegrath, Carl Wag¬
1904 2442 3169 2492 ner einen offensichtlich gehemmten Fichtner, Lütjohann
1907 2477 3184 2537 einen erstaunlich farblosen, schattenhaften Felix. Julia Serdal
1913 2521 3165 2593 als Irene hatte auch nur einige kühle Töne und die Johanna der
2847 2561 3133 2626 Erich Kühn.
1912 2566 2719 2633 Knoth war schlechthin mäßiges Theater.
2534 2616 2627 2666 n eneen
