3392 4384
1364 381 1831 486 box 23/4
855 399 946 471 am
203 392 1214 505 18. Der einsene Nes
654 688 1752 761 Solche Kunst bietet unser erstes Theater in
560 713 1758 809 der Kriegszeit. Während wir eine Wiedergeburt
564 797 1753 865 alter heiliger Ideale erleben, während wir
568 843 1728 912 wunderbare Beispiele von Opfersinn und
576 892 1738 957 Treue und Gemeingefühl vor Augen sehen, wird uns
561 921 1749 1011 auf der Bühne die Welt des Egoismus und der kranken
556 997 1759 1064 Leidenschaft vorgeführt. Während die Streiter in den
573 1029 1751 1126 Schützengräben das Vaterunser stammeln, während bei
566 1111 1746 1176 Kriegs= und Bußandachten ein religiös neu erwachtes
561 1142 1750 1234 Volk zum Himmel ruft, während das Christentum neue
569 1211 1705 1277 Eroberungen im Reiche der Menschenseelen macht —
574 1259 1751 1328 wird auf der Bühne öder Rationausmus, eine zweifel¬
564 1315 1747 1391 hafte Jedermanns= und Allerweltsreligion angepriesen.
567 1367 1739 1436 Die Kunst ist in der Kriegszeit nicht Prophetin und
568 1423 1757 1491 Trösterin, sondern Verführung und Falschlehre. Das erste
564 1475 1747 1554 Hoftheater mit gewissen Aufführungen im Widerspruch
566 1546 1743 1598 mit dem Geist aller kaiserlichen Edikte der letzten Zeit,
567 1573 1758 1659 im Widerspruch mit Geist und Willen der überwiegenden
571 1638 1739 1707 Mehrheit der Bevölkerung des Reiches. Wie lange sollen
571 1697 954 1758 wir es ertragen?
666 1723 1756 1821 Einer der hervorragendsten Köpfe dieser Stadt
573 1790 1744 1867 sagte unlängst angesichts der Spielpläne unsecer Theater
576 1851 1755 1915 und Varietés: Wahrhaftig, wenn die Kosaken nach
567 1890 1744 1957 Wien kämen, gewisse Kreise hätten es redlich verdient.“
576 1952 1747 2039 Und ein anderer meinte: Wenn man nicht wüßte, daß
572 2010 1757 2082 es beim Theater und in der Presse Leute gäbe, die
574 2064 1757 2138 grundsätzlich und von vornherein und jederzeit aus
574 2116 1742 2195 geschäftlichen Gründen allen bösen Trieben schmeichelten,
573 2170 1739 2240 so müßte man glauben, gewisse Theater und Zeitungen
572 2196 1775 2286 seien gegenwärtig vom Feind bestochen, um gewisse
574 2280 1758 2338 Bevölkerungskreise zu verderben und damit die Volks¬
565 2325 1745 2393 kraft zu schwächen. — Aber wie soll den Profitmachern
561 2345 2907 2453 der Theater zweiten und dritten Ranges das Handwerk i. Obgleich die Lage für die Russen
567 2437 2913 2512 gelegt werden, wenn das erste Theater solch' schlechtes günstig sei, sei es ihnen noch nicht gelungen,
1733 2475 2574 2543 die ostpreußische Grenze zu überschreiten.
564 2492 909 2585 Beispiel gibt?
1814 2489 2921 2582 Die anderen Kriegsberichterstatter berichten von
668 2517 1738 2621 Da werden nun von den Behörden eine Masse
1725 2564 2899 2644 furchtbaren Sturmangriffen der Verbündeten östlich der
571 2580 1730 2667 Gesetze gegeben, die Sparsamkeit, Einfachheit, Nüchtern¬
1736 2616 2910 2677 Bzura und der Rawka, die die Russen „nicht
565 2660 1728 2716 heit beim Volke bezwecken; aber wie soll das Volk für
1727 2667 2922 2732 überall hätten abschlagen können“, zumal die Deutschen#
569 2705 1726 2769 solche Tugenden sich begeistern, solange ein von Seiner
1732 2716 2895 2781 neuerdings ganz bedeutende Verstärkungen erhalten
1735 2752 2900 2825 hätten. An der Rawka, der Nida und bei Pinczow
573 2762 1730 2816 Apostolischen Majestät subventicniert 8 Theater immer
1740 2800 2914 2864 seien die Offensivstöße der Verbündeten überhaupt seit?
569 2818 1731 2879 wieder dazu dienen muß, eine verdorbene Oberschicht mit
1725 2860 2902 2918 Tagen vehement, Beweis dessen, daß zum Beispiel die
569 2868 1737 2938 Bildern verdorbener Bourgeoiste zu unterhalten? Sind
561 2901 2890 2982 Fasten und Ernst nur passend für den dritten und Deutschen auf einer Front von kaum drei Kilometern
566 2948 2892 3051 vierten Stand, nicht auch für die gewisse Börsenmenschheit? nicht weniger als 15.000 bis 18.000 Mann sammeln.
1817 3000 2892 3067 Der Korrespondent der „Nowoje Wremja“ meldet,
648 3011 1735 3092 Unsere Soldaten kämpfen im Namen der Wahrheit
1727 3036 2904 3111 daß die russischen Operationen in den Karpathen?
553 3076 1721 3140 und Gerechtigkeit, als Vertreter der Kultur. Muß ihr
1726 3089 2894 3161 unsäglichen Schwierigkeiten begegnen, zumal sich das
568 3137 2894 3231 Eifer nicht gelähmt werden beim Gedanken, daß in Hof= Wetter gegen die Russen verschworen zu haben scheine.
561 3173 1729 3260 bühnen der Heimat die Kultur verleugnet, verhöhnt wird,
1722 3199 2908 3248 Es sei nicht vorauszusagen, wie lange die russischen!
571 3241 2896 3302 für die sie ihr Leben einsetzen? Vorgestern wurde in Truppen, deren Heroismus vorbildlich sei, diesen Hinder¬
1717 3297 2906 3344 nissen würden Trotz bieten können. In der Bukowina
565 3292 1730 3373 diesen Blättern der Brief eines an der Front in Russisch¬
1729 3324 2906 3392 seien lebhafte Vorbereitungen der österreichisch=ungarischen
555 3352 1718 3415 Polen stehenden österreichischen Offiziers veröffentlicht,
553 3394 2895 3450 der meldet, daß sich bei den Oesterreichern und Deutschen Armee wahrnehmbar, was darauf hindeute, daß dieser
552 3439 2898 3520 im Felde eine grenzenlose Wut angesichts der Wiener bisher vollkommen nebensächliche Kriegsschauplatz viel¬
1727 3481 2904 3567 leicht schon demnächst eine hervorragende Rolle in den
563 3499 1716 3574 Vergnügungsbetriebe angesammelt habe; diese Leute sind
1727 3532 2534 3601 kriegerischen Ereignissen spielen werde.
562 3556 1733 3626 über die Schauspielaufführungen der Kahn und Kohn
1816 3560 2903 3645 Der Berichterstatter der „Rjetsch“ teilt mit, daß die
555 3615 1729 3676 wohl kaum erstaunt, aber sicher unendlich erstaunt
1720 3630 2897 3696 Russen auf der Front von Konopki bis Dobrzyns
565 3661 1722 3733 und betrübt darüber, daß auch auf kaiserlichen Hof¬
1727 3681 2910 3756 mit den Deutschen in Fühlung seien und sich durchaus
554 3718 1734 3808 bühnen ein dem Ernst der Zeit, dem Martyrium der
1727 3730 2892 3788 siegreich behaupten (?). An der Pilitza und in Galizien
1728 3768 2058 3855 herrsche Ruhe.
554 3768 1670 3841 Brüder widersprechender Geist sich breitmachen kann.
649 3821 1733 3908 Gewisse Behörden sind sehr peinlich in der Deutung
1873 3833 2719 3942 Zeppelinbomben auf Libau.
559 3877 1739 3938 der Hofgesetze. Gibt es keine Etikette, die besagt, daß
2273 3902 2861 3986 Berlin, 27. Jänner. (Privat.)
556 3937 1728 4007 Hoftheateraufführungen hofmäßig, des Hofes der
1807 3934 2889 4029 Die „Frankf. Ztg.“ meldet aus Libau, daß
564 4003 2904 4059 Habsburger würdig sein müssen? Gibt es keine Etikette, dort ein Zeppelin die Stadt überflogen und Bomben
554 4027 1725 4103 die besagt: kaiserliche Institute dürfen dem Volke kein
1724 4062 2898 4108 abgeworfen hat. Die russische Artillerie eröffnete
564 4100 2898 4184 Aergernis geben, zumal jenem Volke, das im Kriege das Feuer, aber der Luftkreuzer konnte sich unbe¬
566 4148 1529 4220 steht, im Kriege um Gerechtigkit ud Kultur?
1724 4148 2459 4238 schädigt in Sicherheit bringen
