3392 4256
819 331 1035 393 SämG
275 328 1291 421 18. Der Feg
351 1458 617 1503 AGENCES
195 1482 1002 1546 DELAUNAY-BELLEVILLE - HOTCHKISS
198 1537 953 1602 PANHARD — RENAULT - LORRAINE-DIETRICH
413 1585 990 1663 SERITDES EACILITES DE PAIEAERTS
192 1604 407 1699 ROUSE
200 2106 1012 2195 B,PLACEDELAMADELEINE GUr. 66-29 LOUVRE 20-20
751 2180 962 2216 WAG. 10-88
214 2180 612 2236 (135, RUE SAUSSURE
763 2205 977 2248 StauR 66-29
236 2200 685 2245 62, RUE VASCO-DE-GAMA
229 2235 1002 2276 25. RUF DE CONSTANTINCPLE LABORDE 11-57
462 2408 832 2500 DTMAN
258 2412 311 2496 1
444 2490 643 2541 TAILOR
195 2532 940 2600 2 - Boulevard Bonne-Nouvelle - 42
365 2575 737 2626 (A deux pas du Théätre)
195 2599 984 2668 VELLEMENT INSTALLE, expose scs MODELES dETE
194 2667 989 2724 us invite à prohter de ses PRIX AVZNTAGEUX
327 2707 778 2771 Téléph.: PROVENCE 78-28
227 2898 748 2964 UNLIVDE PASSIONNANT
797 2896 945 2959 IO
878 2941 942 2992 213
719 2938 787 2991 4470
226 2961 1035 3041 AULHEZT
201 3031 1030 3126 ENINDES TENEBRES
209 3139 989 3205 KiRS. PUNISTESETCI
855 3200 1047 3257 —
228 3199 815 3268 EDITIONSHADOT
1434 321 1898 420 box 23/5
1809 1439 2305 1512 ANALYSE (suite)
1498 1777 2604 1840 familier des Wegrath, se prépare à partir pour un voyage de
1509 1826 2153 1878 fouilles dans les fins fonds de l’Asie.
1547 1868 2598 1931 Acrt Druxikan: Madame Wegrath est morte. Ce décés
1506 1909 2609 1978 ramène à la maison un vieil ami de M. Wegrath, un de ses
1507 1956 2614 2019 amis de jeunesse, le peintre Julian Fichtner. Au cours d’un
1503 2005 2610 2061 dialogue entre M. de Sala et Julian, on apprend, peu à peu, que
1504 2047 2601 2092 la mort de Mme Wegrath est le plus cruel des deuils pour Julian,
1508 2089 2608 2136 son amant de jadis, a une époque ou Mme Wegrath n’était encore
1512 2135 2614 2196 que la flancée de son# mari. Félix, issu de cette liaison
1506 2183 2604 2239 resiée toujoursignorée, mari ainsi que par tout le monde,
1508 2225 2387 2280 Félix finit par se douter du secret de sa naissance.
1557 2277 2603 2334 Et en vorant évoluer les personnages, le spectateur est
1502 2323 2606 2365 tout saisi des souvenirs qui les hantent, qui les entourent tous
1516 2364 2609 2419 et que chacun d’eux ignore ce qui concerne les autres. Que de vies
1512 2416 2607 2467 qui se croisent ainsi, se rencontrent, s’influencent et se déter¬
1507 2452 2610 2520 minent réciproquement, sans qu’on s’en doute seulement. Cette
1506 2516 2607 2556 Irène, jadis amoureuse de Julian, süt-elle jamais pourquoi elle
1510 2542 2608 2594 ne put conquérir ce dernier, alors dans les bras de Mme
1519 2587 2628 2637 Wegrath? Wegrath lui-mème, jamais ne put pénétrer le secret
1502 2649 2616 2694 de la trahison de sa semme, pas plus que le mystére de la
1512 2690 2604 2733 de la brusque absence de son ami Julian. Ainsi Sala ignore
1511 2721 2616 2777 T'amour que lui apporte Johanna et qui lui est, pour l’instant,
1510 2762 2616 2821 aussi caché que sa mort prochaine. Félix ne sait rien, ne devine
1508 2812 2606 2874 rien de l'amour paternel que lui apporte son père adultérin,
1522 3010 2608 3111 TAOURTT.CAUCASE
1632 3097 2491 3167 (Marque déposée) M. GALLAND R, Fabricant
1626 3156 2493 3212 Aliment de Régime - Dessert exquis - Facilite la Digestion
1633 3217 2486 3271 Dans toutes les Bonnes Crémeries et Maisons d’Alimentation
