3532 4352
1106 222 1181 288 W
1460 221 1914 314 box 23/2
291 223 1322 335 18. Der einsane
1041 1023 2390 1095 Sala: Auf ein bißchen mehr oder weniger kommt es nicht an. Reden
918 1079 1119 1151 Sie nur.
1039 1125 2388 1200 Julian: Ich wünschte, daß er wenigstens den Glauben an mich nicht
920 1180 2390 1229 verliert. Begreifen Sie das? Er steht mir nun einmal näher als die
915 1236 2381 1293 andern. Ich weiß es ja; — für alle, ja auch für Sie bin ich ein Herunter¬
926 1287 2374 1344 gekommener, einer, der fertig ist, einer, dessen ganzes Talent seine Jugend
918 1327 2384 1387 war. Es liegt mir nicht besonders viel daran. Aber für Felix will ich der
930 1387 2385 1451 sein, der ich einmal war — und der ich auch noch bin. Wenn er einmal
919 1431 2041 1491 erfährt, daß ich sein Vater bin, soll er stolz darauf sein.
1035 1475 1687 1540 Sala: Wenn er es erfährt ...?
1036 1518 2378 1589 Julian: Ich habe nicht die Absicht, es ihm für alle Zukunft geheim
926 1577 2385 1633 zu halten. Jetzt, da seine Mutter tot ist, weniger als je. Als ich ihn
923 1618 2389 1679 das letzte Mal sprach, wurde es mir ganz klar, daß man nicht nur das
922 1670 2390 1737 Recht, daß man beinahe die Pflicht hat, ihm die Wahrheit zu sagen. Er
920 1734 2379 1787 hat den Sinn für das Wesentliche. Er wird alles verstehen. Und ich würde
917 1771 2381 1822 einen Menschen haben, der zu mir gehört, der es weiß, daß er zu mir
928 1834 2379 1883 gehört, und für den weiter auf der Welt zu sein es sich der Mühe lohnt.
930 1874 2380 1928 Ich würde in seiner Nähe leben, würde viel mit ihm zusammen sein. Ich
929 1912 2386 1976 würde meine Existenz sozusagen wieder auf eine feste Basis gestellt haben,
927 1973 2337 2031 nicht so in der Luft schweben wie jetzt Und ich könnte wieder arbeiten, —
931 2023 2334 2083 wie früher einmal — wie als junger Mensch. Arbeiten werd' ich, ja —
930 2066 1822 2121 und Ihr sollt Euch alle geirrt haben — alle!
1049 2107 2373 2169 Sala: Aber wem fällt es denn ein, an Ihnen zu zweifeln? Hätten
918 2169 2377 2222 Sie uns doch nur neulich reden gehört, Julian. Jedermann erwartet von
928 2213 2378 2271 Ihnen, daß Sie sich früher oder später — vollkommen wiederfinden werden.
1044 2270 2377 2322 Julian: Ach genug von mir, genug von mir. Verzeihen Sie. Reden
934 2310 2373 2386 wir doch endlich von Ihnen. Sie bewohnen wohl schon Ihr neues Haus?...
1454 2385 1845 2468 Felix, Julian.
1041 2438 2052 2521 Felix: Warum sind Sie nicht mit ihr fortgegangen?
1045 2502 2362 2568 Julian: Deine Mutter ist ohne Schuld; wenn es eine gibt, so trag'
928 2545 1742 2610 ich sie allein. Ich will dir alles erzählen.
1036 2602 1324 2667 Felix (nickt).
1034 2651 2371 2713 Julian: Es war damals verabredet, daß wir zusammen fort sollten.
931 2694 2384 2760 Alle Vorbereitungen waren getroffen. Wir wollten im Geheimen den Ort
918 2750 2377 2806 verlassen, weil deine Mutter vor Auseinandersetzungen und Erklärungen
928 2799 2382 2857 eine begreifliche Scheu hatte. Unsere Absicht war, von der Reise aus, nach
928 2853 2383 2914 wenigen Tagen, die Sache aufzuklären. Die Stunde unserer gemeinschaft¬
927 2891 2376 2949 lichen Abreise war schon bestimmt. Der ... später ihr Gatte wurde, war
923 2936 2382 2997 eben auf einige Tage nach Wien gereist, um Dokumente zu besorgen; in
920 2995 2370 3059 einer Woche sollte die Hochzeit sein. (Pause.) Unser Plan stand fest. Alles
928 3044 2374 3097 war verabredet. Der Wagen war schon bestellt, der abseits vom Orte warten
931 3092 2371 3153 sollte. Am Abend hatten wir einander Adien gesagt und waren beide über¬
926 3146 2372 3201 zeugt, daß wir uns am nächsten Morgen wiedersehen würden, um uns
2142 3189 2386 3249 Du darfst
928 3189 2023 3255 überhaupt nie wieder zu trennen. — Es kam anders.
931 3243 2384 3308 nicht daran denken, daß es deine Mutter war, du mußt mich anhören, als
918 3288 2375 3352 wäre es die Geschichte von fremden Leuten — dann wirst du alles verstehen.
1038 3340 1394 3403 Felix: Ich höre.
1042 3387 2376 3449 Julian: Im Juni war ich in die Kirchau gekommen, an einem
920 3433 2395 3513 schönen Sommermorgen — mit ihm . .. Du weißt es ja. Ich wollte mich
2113 3512 2351 3583 Kunstwart
958 3519 1073 3590 342
