3436 4224
1423 181 1895 288 box 23/4
264 185 1281 317 18. Der einsane Nen
176 1352 3190 1456 den geraden Weg. Warum nicht gleich wie ich das meine? Es ist ihr Beruf, Wesen in ihren Nach der Meinung des Dichters ist also der „einsame
169 1405 3190 1505 Wir möchten uns dieser Forschungsexpe= Armen aufzunehmen, die von irgend einer Leiden= Weg“ nicht der Weg Aller, sondern nur der Weg der
178 1455 3195 1557 her und russischer Gelehrter nicht so schaft mürbe oder zerbrochen sind. Aber sie ahnen Egoisten, und die Wegraths gehen in Gesellschaft.
993 1500 3204 1603 nicht, woher sie kommen. Es ist ihnen auch ge=Aber sie bezahlen es teuer. Müssen solche Dinge
178 1538 1005 1615 ßen, wie der Ulanenleutnant Felix, wenn
992 1545 3198 1654 gönnt, Wesen heranzuziehen und zu betreuen, aberlgeschehen,“ sagt der Akademiedirektor, nachdem ihm
181 1589 1000 1658 Geographen dabei sind, als dieser Herr
174 1650 3199 1732 n der Geschichte ist er ebenso gut be= sie verstehen nicht, wohin sie gehen. Sie sind da, um die Tochter gestorben und Felix ihn dafür „Vater“.
197 1659 3191 1758 gibt den Ruinen von Ekbatans ein sich unbewase aufzuopfern und in diesen Opfern genannt hat, „daß mir dieses Wort klingt, als hört'
184 1751 2626 1811 sechstausend Jahren, während die ein Glück zu finden, das anderen vielleicht rechtsich's zum ersten Mal?“
2180 1732 3205 1822 Gabriele ist verdientermaßen schon im zweiten
1379 1774 1444 1819 7
173 1773 1430 1859 on schon zu viel wäre. Wir wollen armselig vorkäme“
2086 1789 3197 1868 Akte tot, Johanna ertränkt sich, Sala erschießt sich.
1077 1798 2102 1888 Das ist die Moral des Mannes, der dem armen
175 1834 1021 1912 aß Schnitzler das alles besser weiß und
2085 1857 3207 1934 Ein Stück, in dem so viele Hauptfiguren mit Tod
172 1886 2094 1950 phisch=histschen Schwefel seinem Hel=Wegrath schon vor der Ehe Körner aufgesetzt hat.
181 1946 3188 1998 ben Mund legt, um ihn als Maulheldenj? ber die Genies, die nach solcher Meinung „Heimat“ abgehen, heißt sonst nicht Schau=, sondern Trauer¬
1006 1954 3196 2040 ein könnten für Weib und Kind, die laufen ja spiel. Julian geht einem trostlosen Alter enigegen
186 1995 365 2062 sieren.
2078 2009 3197 2064 und legt vielleicht auch noch einmal Hand an sich
179 2030 2101 2096 kine Freundin Johanna möchte dieser vor ihnen davon, bis die Frau tot und der Knabe
2096 2062 3199 2114 selbst. Solche Dinge wüssen geschehen, damit ein
181 2070 2092 2155 forscher über Tibet nach Ekbatang in ldreiundzwanzig Jahre alt ist, — wie Figura zeigt!
2096 2109 3188 2166 Wegrath doch endlich Begleitung finde zu seinem
1006 2109 2095 2192 Wo gibt es also die wirkliche „Heimat“ außer für
182 2127 1005 2208 tnehmen, „als meine Frau natürlich,
2100 2145 3203 2219 Grabe. Ein düsteres Lebensbild! Das Stück ist schon
1006 2151 2098 2228 Augenblicke? Wir denken, keiner kennt den anderen
194 2184 953 2249 diesen äußerlichen Dingen zu reden“.
2084 2210 3203 2274 vor mehr als zehn Jahren, 1903, nach den „Leben¬
1003 2215 2103 2284 so gut, daß er ihm wahre Heimat werden kann. Die
177 2203 1023 2301 a, die das zweite Gesicht hat und jedem
2098 2249 3197 2316 digen Stunden“ und vor dem „Zwischenspiel“ des
1000 2264 2093 2331 findet man nur im eigenen Geist und Gemüt. Das
171 2279 1013 2361 enTod vom Gesichte herunterliest, zieht
2097 2291 3204 2362 Autors erschienen, an anderen Orten auch schon
1001 2318 2101 2375 ist der „einsame Weg“, den wir auf Erden wan¬
175 2322 1018 2393 En dem Teich der Villa ihres Liebhabers
2095 2338 3194 2414 aufgeführt worden. Es ist also kein neues Werk,
214 2366 2102 2431 Infolge dessen muß sich Herr von deln: alle, alle, nicht nur die Selbstlinge, wie
2091 2398 3191 2464 aber doch schon eines aus der „zweiten Schaffens¬
177 2415 2102 2488 konst doch vielleicht noch ein Jahr zu dieser Julian und dieser Sala. Schnitzler meint es
1008 2448 3195 2528 anders. Er läßt seinen Sala dem sohnberaubten periode“ Schnitzlers, in der er, wie es von ihm
188 2470 1018 2540 hätte, binnen einer Stunde erschießen.
1004 2527 3191 2580 Julian tüchtig die Leviten lesen. „Es graut Ihnen heißt, im Leben die „dunkler abgetönten Schicksale“
192 2523 1018 2585 zur rechten Zeit,“ heißt es, und be¬
2099 2529 3221 2615 und im Tode das „große Ziel des Lebens“ sucht
192 2559 2100 2637 issenschaft vom alten Orient seines ab= vor der Einsamkeit? Und wenn Sie eine Frau an
2104 2590 3200 2667 und sieht. Diese Schlagworte sind hier in der Tat
1006 2603 2113 2673 Ihrer Seite hätten, wären Sie heute nicht allein?
181 2623 1012 2685 Kennertums. Vater Wegrath verliert da¬
2101 2640 3212 2716 zutreffend. Schnitzler ist noch nicht wirklich alt, und
1011 2660 2099 2720 Und wenn Kinder und Enkel um Sie lebten, wären
176 2664 1011 2742 hter und gewinnt einen Sohn. Der lie¬
2099 2681 3203 2757 wir möchten ihm und uns eine dritte Schaffensperiode
178 2709 2104 2783 an meint, es sei ihm in höherem Sinne Sie es nicht? Und wenn Sie sich Ihren Reichtum,
2098 2734 3209 2808 dieses Dichters wünschen. Es ist dem Menschen an¬
199 2741 2111 2824 geschehen. Leute von der Art Weg= Ihren Ruhm, Ihr Genie bewahrt hätten, wären
2097 2784 3212 2862 geboren, daß er in jungen Jahren den Tod gleich¬
181 2805 2107 2881 licht dazu geschaffen, wirklich zu besitzen, Sie es nicht? Und wenn uns ein Zug von Bacchanten
183 2830 3200 2933 frau noch Kinder. Sie mögen Zuflucht, begleitet, — den Weg hinab gehen wir alle allein.. ssam nur als wissenschaftliche Tatsache kennt. Er
181 2875 3210 3007 bedeuten — Heimat nie. Verstehen Sie, wir, die selbst niemandem gehört haben.“ kokettiert mit ihm und treibt die Koketterie manch¬
