3436 4256
206 240 1818 368 18. Der einsane Nag box 23/1
125 992 815 1119 Max Goldschmidt
132 1094 672 1206 „ . Bureau für
127 1174 658 1278 Zeitungsausschnitte
131 1219 907 1329 mit direktem Nachrichtendienst durch
146 1289 664 1381 eisene „Korrespondenten.
421 1325 847 1423 Telephon: III, 3051.
125 1367 310 1444 N. 24.
163 1393 874 1476 —
178 1468 645 1557 Ausschnitt aus
315 1651 843 1778 Leipziger Tagebian
405 1759 754 1849 17 FEB. 1904
2126 1769 3275 1876 Zigaretten, hält die längsten Reden und will sie noch
2124 1822 3281 1931 dazu zur Frau nehmen . .. nichts dal der Backsisch geht
1046 1811 2136 1916 Indessen, man sieht wieder einmal: es ist nur für Einen
1003 1885 2138 1974 leicht, Ibsen zu sein, und dieser Eine ist eben leider Ibsen.
1005 1859 3279 2012 Schnitzler ist gewiß ein feiner Geist, spielerisch und doch in den Teich. Herzkranke leben bisweilen weit länger als
2146 1912 3278 2005 man denkt, und ein liebendes Weib wird schwerlich den
2139 1949 3278 2054 Mann, an dem sie hängt, im Stich lassen, sie wird hoffen,
1002 1962 2137 2058 abnungsschwer, voll Stepsis und doch voll Empfindung. In
168 1919 738 2084 Feuilleton.
2138 2014 3290 2092 ihn pflegen, sich ihm opfern . .. der Backsisch geht in den
1010 2008 2140 2102 seinem Schauspiel sind hübsche Einfälle, die aus dem Wesen
1008 2059 2143 2139 der Personen stammen und nicht nach dem Zettelkasten duften,
2141 2063 2774 2146 Teich. Eh bien! sie ruhe sanft.
2198 2074 3281 2166 Die Ausstattung dieses prätentiösen Werkes war kümmer¬
1006 2097 2145 2185 und doch langweilt man sich, langweilt sich so tödlich, daß es
283 2111 606 2209 Theaier.
2139 2121 3285 2217 lich und philiströs. Herr Schnitzler erschien todesmutig vor
1012 2138 2149 2222 wohl niemand, selbst unter den Applaudierenden, den Pre¬
2154 2162 3289 2260 dem Vorbang, um durch Verneigung den „Erfolg“ zu mar¬
122 2153 988 2259 bnitzlers Drama „Der einsame Weg“.
1011 2183 2050 2286 mièren=Rowdys, übelnahm, als sie zischten und lachten.
2153 2218 3294 2302 kieren. Auch das ist Geschmackssache. Im Publikum, in dem
1071 2211 2148 2314 Der Inhalt sei kurz erzählt. Ein junges Mädchen kennt
138 2231 820 2301 aufführung-m „Neuen Theater“ zu Berlin.
2103 2263 2158 2315 er
2152 2257 3285 2353 kein einziger blonder Mensch zu sehen war, herrschte nur
1012 2264 2082 2357 zwei Maler. Der eine liebt sie und sie ergibt sich ihm.
139 2274 797 2363 [Von unserem Korrespondenten.
633 2300 986 2372 Nachdruck verboten.
2161 2308 3272 2394 eine Stimme: Er muß wieder Esprit haben, das war ja
1023 2287 2147 2392 versprach ihr die Heirat, entflieht aber, um sein Versprechen
2150 2335 3288 2431 nicht der echte Schnitzler. So ist es denn wahrscheinlich, daß
1018 2347 2151 2446 nicht einlösen zu müssen. Er ist ein Uebermensch, einer von jener
124 2331 1025 2431 ckender Seelenkenner brauchte man gerade nicht
2151 2382 3298 2489 Herr Schnitzler sich demnächst wieder lustig im „Neigen" schwingt
1034 2389 2163 2477 Sorte, deren einzige Lebensleistung darin besteht, ein junges
140 2391 1020 2481 bereits aus dem Titel des Stückes zu ersehen,
1029 2435 2148 2519 Mädel zu betören und dann sitzen zu lassen. Die Verlassene
148 2438 1022 2517 Schnitzler uns bringen würde. Ein „tiefes“
1032 2473 2163 2565 heiratet den anvern und schenkt ihm einen Sohn, dessen Vater
152 2475 1019 2562 is ganz sicher. Es war ja auch höchste Zeit,
157 2509 1020 2596 r den Befähigungsnachweis zur Tiefe erbrachte.
1041 2514 2165 2607 er nicht ist, und eine Tochter, deren Vater er wirklich ist.
149 2570 1033 2646 bsen vom Schottenring mußte ja doch über
1030 2556 2159 2663 Fünfundzwanzig Jahre vergehen. Die Schuldige hat ge¬
1031 2588 2172 2692 schwiegen und stirbt. Fichtner — so heißt der dämonische
141 2606 1043 2697 #ing einmal entdeckt werden. Und dann hatte
1036 2642 2175 2741 ladieskiller — kehrt zurück und findet nun seinen Sohn,
133 2654 1043 2748 ch noch einen zweiten Grund, uns einmal „tief“
162 2686 1036 2778 Er hat nämlich erst vor wenigen Monaten
1036 2687 2174 2779 einen jungen Leutnant. Da sein Alter ihm galante Aben¬
1041 2727 2173 2828 teuer verbietet, verliebt er sich (er ist so daran gewöhnt)
142 2735 1041 2826 fentlicht, was, milde gesagt, sehr seicht war,
1041 2768 2176 2882 in seinen Sohn. Er offenbart ihm die Wahrheit und ist sehr
151 2778 1055 2875 nun die Probe vom Gegenteil geben. Sein
1043 2809 2167 2921 Perstaunt, als sich die Stimme des Blutes nicht im geringsten
135 2825 1039 2922 par so ziemlich das Platteste, was sich
1049 2850 2178 2944 regt. Der Leutnant der eine gesunde Natur ist, erklärt ihm,
155 2866 1038 2941 Eine mutige Betrachtung kann den animalischen
1054 2881 2181 2991 er gehöre zu dem Manne, der seine Jugend väterlich behütet
132 2907 1038 3001 ungen unserer Natur Tragisches und Komisches
1054 2937 2192 3029 habe. Damit wäre der Titel des Stückes gerechtfertigt; der alte
156 2951 1052 3042 sie kann uns Demut lehren, indem sie uns das
1053 2970 2197 3086 Lüderjahn könnte seinen einsamen Weg gehen und das Publikum
155 2988 1063 3068 läßt, das auf uns Allen lastet, isie kann uns
1054 3028 2204 3130 ginge erbaut nach Hause. Wirklich, ein höchst anstängiger,
153 3028 1058 3113 Ffüllen, wenn sie uns zeigt, wie unser Triebleben
144 3077 1060 3152 kich läuiert. Herr Schnitzler aber begnügie
151 3103 2195 3200 komentaufnahmen, die die Franzosen vor ihm braver Mensch dieser Schnitzler, obwohl ihm wie Thomas!
154 3105 2198 3253 sher und mit viel delikaterer Technik hergestellt] Wotan zu jeder Tages= und Nachtzeit die geniale Locke ins linke
1057 3148 2204 3243 Auge fällt! Aber das wäre doch zu dünn, zu dürftig. Folglich
1073 3193 2197 3291 wird noch ein weiteres Motiv hineingedichtet. Die Schwester
152 3192 1071 3284 kin Buch wurde der Sensationserfolg der
1062 3234 2192 3330 des Leutnants verliebt sich in einen reifen Lebemann, der wirk¬
144 3250 1055 3324 tands auf breiten Leibbinden in den Schaufenstern
1072 3279 2201 3377 lich ein netter und kluger Kerl ist. Er ist aber außerdem
143 3293 1062 3383 Aber Freunde seiner liebenswürdigen Begabung
1075 3319 2201 3422 noch herzkrank, ein verlorener Mann, und als dies der ver¬
145 3343 1059 3414 Dichter habe sich prostituiert, als er einen saftigen
1066 3356 2216 3461 rückte Backfisch hört, der fast so unaussteblich ist, wie Ibsens
160 3374 1068 3452 #er wohl auf Herrenabenden belacht wird, der
1071 3398 2221 3498 Hedda und Hilde, da geht sie flugs in einen Teich. Zwar ist
154 3401 1061 3514 kit übergab. Auf seinem literarischen Namen
1046 3448 2244 3572 der Lebemann ganz sidel, projektiert eine Riesenreise, raucht!
163 3451 1088 3559 Makel. Ja, was blieb nun anders übrig, als
166 3534 319 3608 erden?
