3392 4256
291 200 1286 318 18. Der einsane Nen
1430 216 1901 312 box 23/5
2439 150 2781 219 Fendé en 1070
2244 278 2986 367 Andes de la P Ruese
2352 348 2860 443 „Woit Tout“
2232 436 3098 508 LES PLUS ANCIENS BUREAUZ D·EXTRAITS DE PRESS:
2258 488 3005 565 37, Rue Bergère, PARIS (9°)
2330 687 2930 749 N• ok Dtstt.
2723 741 2903 821 I.SACR
2540 753 2603 833 46
2152 816 2417 880 Extrasl 4
2419 815 2842 893 STRASESUA
2142 913 2363 983 Adresse
2444 937 2908 1026 26 Mans 1531
2160 991 2292 1068 Deta
2151 1085 3138 1177 Gmlun.
2869 1198 3054 1260 e
2163 1194 2381 1280 Lrr“-—
2285 1186 3051 1355 Arthur Schnitzler.
2247 1387 3063 1468 Als vor kurzem eDer eineame Weg: von
2213 1436 3059 1503 Arthur Schnitzler im Strassburger Stadt¬
2228 1494 3071 1557 theater zur Aufführung gelangte, wurde das
2218 1532 3082 1593 Stück mit ziemlich geteilten Gefühlen aufge¬
2230 1586 3096 1650 nomimen. Es war, als würde das Verhältnis —
2231 1612 3070 1666 nicht mehr gefunden, das erst das richtige
2231 1662 3070 1720 Verständnis weckt. Folgen des Mangels an
2230 1708 3065 1770 Fühlung, Folgen einer notwendigen Umstel¬
2216 1751 3059 1817 lung? Wir wollen die Frage nicht beantwor¬
2208 1790 3101 1856 iten, da es uns zu allgemeinen Betrachtun- 1
2210 1821 3114 1890 gen führen würde, die uns leicht von unse¬8
2214 1880 2823 1931 rer Absicht abbringen würden.
2235 1924 3110 1971 Es ist eine unbestrittene Tatsache, dass
2208 1964 3119 2029 Arthur Schnitzler der Generation, die heute C.
2213 2013 3116 2063 an der Schwelle des Greisenalters steht, in¬ wi.
2211 2051 3098 2121 nig verbunden war. Er ist eines ihrer stärk-g.
2209 2093 3106 2179 sten künstlerischen Ereignisse, eines ihrer t##
2207 2135 3103 2195 suggestiven Vorbilder. Von seiner Art, die #a#
2213 2187 3114 2246 Liebe zu sehen, ist das Liebesgefühl dieser R.
2210 2224 3102 2283 Generation beeinflusst worden; von seinerg.
2204 2278 3098 2342 Art, den Tod zu denken, ward ihr Vergäng-Id.
2201 2314 3103 2393 lichkeltsgedanke angefärbt, von seiner In-p.
2205 2356 3118 2424 brunst, das Leben zu verehren, ihr Daseinite
2210 2392 2614 2452 erhöht und befeuert.
2223 2440 3110 2491 In der starken, kulturfeinen, reizvoll aro-ste
2214 2481 3104 2555 matischen Kunst Arthur Schnitzlers hörtm
2198 2524 3102 2597 man immer den Vollklang einer schöneniR
2197 2577 3109 2646 Menschlichkeit. Darum ist auch der Dichter A#
2201 2616 3107 2683 von Anfang an gelicbt worden. Man hat den be¬
2196 2666 3111 2719 edlen Geigenton seiner Stimme aus allen sei- ge##
2198 2712 3107 2778 nen Werken vernommen. Es ist eine süsse, fil
2195 2742 3108 2819 weiche Zärtlichseit, ein treues Bcharren in vir¬
2196 2796 3096 2851 sich selbst, dem die Männer sich nicht ver¬ 19#
2190 2828 3105 2902 schliessen können. Ein unschuldig heiteres eit
2185 2876 3095 2942 Auflachen ist in seiner Stimme, ein Ton hin¬ wi
2191 2919 3027 2981 gegebenen Entzückens, und dann wieder ein
2198 2961 3029 3037 Vibrieren nachdenklicher Melanchie. Und es
2188 2994 3099 3062 ist in dieser Stimme eine Gitte von kindli¬ Jal¬
3022 3036 3096 3094 CI
2184 3050 3021 3110 cher Reinheit, die alles Gütige und Kindliche
3014 3071 3100 3142 ar
2184 3087 2511 3143 in uns aufruft.
3023 3130 3079 3181 m
2227 3139 3007 3194 Von der Liebe sprechen alle seine Bücher,
3031 3174 3106 3222 en
2178 3141 3002 3238 alle diese Erzählungen, diese kleinen Dialoge
3026 3219 3082 3270 D.
2192 3220 3023 3267 und grossen Theaterstücke. Von der Liebe
2181 3264 3085 3330 und vom Tode. Auci. wenn sie sich anders Vi
2181 3299 3093 3376 geben, auch wenn sie m anchen sinnreich un¬ ####.
2186 3349 3087 3414 sinnigen und erstaunlichen Verknüpfungen àc.
3023 3392 3098 3445 sil
2188 3402 3005 3461 des Schicksals nachspüren, auch wenn Streit,
3018 3435 3086 3496 ar
2182 3434 3015 3496 Aufruhr, Tapferkeit und Not des Daseins sie
2183 3476 3011 3538 erfüllen und durchschüttern möchten, ist
2997 3524 3093 3593 8c
2162 3516 2853 3589 ihr Inhalt die Liebe und der Tod.
3017 3568 3073 3614 ti
2206 3566 3007 3619 Eine merkwürdige Kraft und Andacht des
3012 3606 3083 3658 ör
2170 3598 3004 3659 Erlebens lässt diesen Dichter die blutdurch¬
3020 3650 3079 3699 di
2173 3658 2994 3708 strömte Schwere der kleinsten Geschehnisse
3014 3685 3082 3742 F
2178 3689 3010 3759 empfinden, die unauslöschliche Realität der
2178 3736 3009 3796 geringsten Tatsache, die tiefe Folge des
2169 3775 3016 3842 flüchtigen Wortes. Zugleich aber hebt ihn
2167 3810 3013 3885 lein geistiger Schwung von unsern Schultern
2170 3865 3018 3914 weicht, in der die Wucht des Wirklichen
2161 3911 3014 3975 schwerlos und schwebend wird, und in der
2163 3966 3008 4017 alle Wichtigekitch sich auflösen. Seine Me¬
2168 3987 3007 4069 lancholle und seine nachdenklichen Traurig¬
2160 4040 3057 4105 keiten haften am Erdboden. Liebelei. In sei-L.
2160 4089 3059 4148 ner Heiterkeit aber ist das bessere Jenseits V#
2167 4130 3002 4174 der Phantasle, das Lächeln des Ueberwun¬
