3484 4320
262 193 1871 281 18. Der einsane Neg box 23/3
1753 1117 3012 1214 sach betrogenen Familienvater durch die leuchtende Innigkeit seines
799 1140 1453 1226 Lessing-Cheater.
1763 1185 2992 1231 Spiels über die Gefahr der Lächerlichkeit hinaus. Den Maler spielt
498 1204 1746 1294 Neu einstudiert: Der einsame weg. „Schauspiel von Arthur
1755 1227 2994 1281 jetzt Emanuel Reicher an Rudolf Rittners Statt, der jüngst in
990 1244 1298 1319 Schnitzler.
1764 1263 3000 1340 einer für ihn unmöglichen Schnitzler=Rolle auf offener Bühne zu streiken
545 1294 1745 1372 M. J. Zum dritten Mal##Spfelzeit wurden wir gestern
1759 1313 2992 1368 schien. Die Partie ist wenig dazu angetan, Reichers Ruhm
1747 1344 2993 1410 zu mehren. Denn er setzte für die Leichtblütigkeit des sauguinischen
498 1357 1744 1400 Hor ein Schnitzlersches Werk ins Lessing=Theater berufen. Eine Tat¬
1751 1394 3009 1441 Naturells eine wenig stilgemäße Salbung ein. Statt eines Malers
509 1401 1744 1454 sache, die wohl weniger für die Armut unserer dramatischen Pro¬
1761 1440 3000 1492 schien ein ergrauter Opernfänger auf der Bühne zu stehen, der
504 1437 1743 1504 duktion als gegen den Reichtum an Erfindungsgabe bei unseren
1759 1483 3005 1531 sich am Klingen seines wohlkonservierten Baritons weidet. Rittners
493 1485 903 1552 Dramaturgen zeugt.
1752 1534 3013 1578 Leistung zum Vergleich heranzuziehen, verbietet sich aus verschiedenen
545 1504 1740 1581 Diesmal handelte es sich jedoch nicht um eine Premiere, sondern
1752 1565 3006 1628 Gründen, von denen für mich der einleuchtendste ist, daß ich sie
499 1581 1739 1639 um eine Neueinstudierung für das Wiener Gastspiel der
1753 1607 3009 1654 nicht kenne. Von kleineren Rollen fiel der medizinische Vertrauens¬
499 1612 1749 1666 Brahmschen Bühne. Denn das Drama vom „einsamen
1763 1644 3006 1695 mann des Herrn Marrlauf, der seine Herzenskämpfe durch barsches
789 1658 1749 1712 bereits vor zwei Wintern den Berlinern
749 1662 794 1709 *
502 1659 675 1714 Weg“
1760 1684 2998 1749 Poltern zu enthüllen süchte. Dieser Hausarzt machte offenbar alle
491 1709 1741 1771 vorgeführt worden. Es kann also wohl #ach eine dentliche Erinne¬
1763 1735 3010 1816 seine Patienten dafür vrantwortlich, daß der Dichter ihm keine
495 1753 1746 1801 rung an das Werk vorausgesetzt werden. Eine Erinnerung an
1762 1769 2366 1829 dankbarere Aufgabe gestellt habe.
489 1774 1746 1836 die seltsame Erzählung von den beiden ergrauten Genießern, die
504 1834 1758 1884 beim Abstieg von den Höhen ihres Daseins das fröstelnde Ge¬
504 1886 1761 1930 fühl der Einsamkeit durchschauert. Sie haben sich beide zeitlebens
495 1909 1753 1965 selbstherrlich von ethischen Pflichten emanzipiert. Deshalb erleben
502 1950 1757 2010 sie nun, da sie Rechte geltend machen wollen, Enttäuschungen. Der
504 2001 1754 2054 Maler Fichtner entdeckt seine Vaterschaft einem Sohne, den er
503 2034 1756 2087 durch diese Offenbarung nur von sich scheucht. Der aristo
494 2077 1764 2130 kratische Lebenskünstler Sala aber muß seinen letzten Sieg
2615 2099 2985 2156 Telephon 12801.
489 2124 1756 2179 über ein Frauenherz mit einem ruhmlosen Tode büßen. Jestern
499 2157 1755 2216 wie früher packte die herbstliche Stimmung des Entsagens,
2725 2178 2843 2249 55
488 2198 1757 2256 der flügellahmen Resignation. Aber gestern wie früher
2093 2210 2781 2297 „UBSEHVEN
500 2246 1754 2305 ermüdete auch der Mangel an dramatischer Sprungkraft, am
1894 2281 3001 2353 I. österr. behördl. konz. Unternehmen für Zeitungs-Ausschnitte
490 2279 1756 2341 elastischen Federn der Bühneninspiration. In . Hnitzlers Schaffen
496 2331 1751 2388 scheint die Schöpfung — das lehren ihre beiden inzwischen veröffent¬
2093 2338 2814 2415 Wien, I., Concordiaplatz 4.
491 2364 1756 2426 lichten Nachfolger — einen gefährlichen Wendepunkt zu bedeuten.
2298 2410 2603 2473 Vertretungen
491 2417 1750 2459 Die Abkehr von der lebenszuckenden Konzentration des „Grünen
1897 2453 3002 2515 in Berlin, Budapest, Chicago, Christiania, Genf, Kopenhagen,
488 2457 1756 2517 Kakadu“, die Hingabe an die abendfüllende Diskussion, an das allge¬
1898 2505 3009 2562 London, Madrid, Mailand, Minneapolis, New-York, Paris, Rom,
486 2498 1075 2556 meine Ballspiel mit Bonmots.
2068 2542 2832 2608 San Francisco, Stockholm, St. Petersburg.
549 2534 1751 2609 Bei den Wienern aber kann das Lessing=Theater mit diesem
2239 2584 2665 2638 (Quellenangabe ohne Gewähr.)
499 2578 1765 2650 Drama, seinen Schwächen zum Trotz, Ehre einlegen. Denn es führt
503 2619 1757 2689 die besten Kräfte der Bühne mit ergiebigen, wohl ausgebeuteten
1905 2656 2315 2741 Ausschnitt aus
898 2652 1756 2728 Bassermanns Weltmannskunst glänzt
500 2673 900 2732 Rollen ins Feld.
2248 2684 3059 2766 Reichs Anzeiger, Bernn
1621 2710 1758 2772 allen
499 2714 1628 2767 bei der Verkörperung des Herrn von Sala in
493 2750 1755 2806 Reizen einer überlegenen Dandy=Skepsis ohne die wohlfeilen
1908 2752 2066 2816 vom:
2435 2756 2700 2849 ∆OAFR 18·3
494 2796 1767 2865 Mätzchen, mit denen die fahrenden Virtuosenden Grandseigneurs bei¬
497 2831 1758 2906 zukommen pflegen. Else Lehmann läßt in der Rolle
489 2880 1760 2954 einer erdenfrohen Komödiantin ihr liebes, erquickendes Lachen
2234 2862 2716 2956 Theater und Musik.
492 2935 1758 2985 tönen. Irene Triesch meistert das „schwierige Problem,
2292 2927 2661 3014 Lessingtheater.
489 2971 1751 3017 die Exaltation einer jugendlichen Seelel ohne Verstiegen¬
1932 2988 3147 3081 Einen Umschwung des Urteils zu Gunsten von Arthur#
494 2989 1757 3083 heit zu spiegeln. Oskar Sauer endlich hebt einen zwis¬
1867 3034 3098 3120 Schnitzlers Schauspiel „Der einsame Weg“ vermochte die
1864 3063 3115 3159 gestrige Aufführung des neueinstudierten Stückes nicht herbeizuführen;:
1875 3119 3090 3185 seine quälenden Längen wurden, wie die Unaufmerksamkeit im Zu¬
1878 3150 3102 3227 schauerraum bewies, ebenso stark empfunden wie gelegentlich der Erst¬
1867 3191 3081 3266 aufführung vor zwei Jahren. Die Handlung, wenn man überhaupt
1864 3223 3091 3295 von einer solchen sprechen kann, da sie meist in der Vergangenheit
1876 3267 3087 3345 liegt und nur aus Erzählungen bekannt wird, hat zu viele
1871 3309 3088 3387 tote Punkte, und gar zu langsam kommt der im Titel
1870 3344 3085 3425 liegende Grundgedanke klar zum Ausdruck, daß der einsame
1864 3390 3088 3466 alte Junggeselle, der sein Leben lang selbstsüchtige Zwecke ver¬
1865 3432 3081 3499 folgt hat, sich in der Hoffnung, in seinem natürlichen Sohn eine
1867 3463 3086 3519 Stütze für sein Alter zu finden, betrogen sieht, weil dieser den einstigen
1862 3497 3082 3567 Verführer seiner Mutter kalt zurückstößt. Aber eine Revision des
1867 3542 3074 3612 Berliner Urteils über das Stück war nicht die Absicht der Neu¬
1863 3589 3070 3644 einstudierung, vielmehr will man für das bevorstehende Wiener Gast¬
1860 3614 3087 3703 spiel des Lessingtheaters an die Landsleute des Dichters appellieren.
1863 3662 3074 3727 Ob das Schauspiel selbst in Wien Erfolg haben wird, steht
1855 3701 3081 3753 dahin, der trefflichen Inszenierung und Darstellung= wird er aber
1848 3744 3073 3803 gewiß beschieden sein. An den Leistungen der Damen Pauly, Triesch,
1849 3777 3073 3861 Lebmann der Herren Bassermann, Reicher, Stieler und Marr ist
1850 3801 2370 3890 schiechthlk Nichts auszusetzen.
