3436 4256
1602 54 2048 131 Vorwärts, Berlin
1709 205 1880 308 16 2.
1599 343 1822 417 Theater.
1173 417 2326 465 Deutsches Theater. „Der einsame Weg“. Schau¬
1103 455 2337 511 spiel in fünf Akten von Arthur, Schurte= Wie berichtet
1091 500 2328 538 wird, hat das Drama des feinsinnigen Wiener Poeten in der Sonn¬
1107 523 2331 577 abend=Premiere keinen rechten Erfolg gehabt. Bei der Wieder¬
1101 564 2332 616 holung am Sonntag, der ich beiwohnte, war das nicht anders. Nach
1100 616 2337 657 dem zweiten und dritten Aufzug wurde der Dichter gerufen, aber
1098 642 2342 700 die beiden Schlußakte enttäuschten augenscheinlich. Allzu langsam
1105 685 2334 734 rückt die Handlung vorwärts, und verworren laufen am Ende die
1103 718 2326 779 Fäden durcheinander. Es ist ein Reichtum sinnvoll nachdenk¬
1102 756 2339 817 licher Andeutungen und ein stiller Stimmungszauber in dem Stück,
1099 808 2328 844 überall stößt man auf eigenartig Geprägtes, aber die vielerlei An¬
1100 833 2334 886 regungen verdichten sich zu keinem zwingendem Eindruck. Dazu fehlt
1106 888 2351 936 die große energisch schwungvoll aufsteigende Linie, von der zuletzt
1112 920 1780 980 alle dramatische Spannung abhängt.
1184 954 2326 1020 Die Form, der Schnitzlers Talent am meisten entsprechen möchte,
1105 1013 2336 1066 scheint die knapp zusammendrängende, scharf pointierte dramatische
1103 1041 2343 1089 Skizze, der — Einakter. Die „Liebelei“ in ihrer einfachen Struktur
1096 1091 2327 1140 deutet bereits auf einen solchen Typus hin. „Der grüne Kakadu“
1109 1137 2345 1178 ist geradezu ein Meisterstück, das beste, was überhaupt in dem Geure
1098 1169 2357 1215 geschaffen worden. Und, wenngleich selbstverständlich auch hinter
1103 1211 2344 1254 diesem kühnsten Wurfe weit zurückstehend, welche Fülle origineller
1110 1240 2341 1292 Kraft offenbarte der Cyklus der „lebendigen Stunden“.
1105 1280 2331 1330 Umgekehrt, in negativer Weise bezeugt auch „Der einsame Weg“
1112 1320 2348 1371 mit seinen fünf Akten jene ursprüngliche Tendenz von Schnitzlers
1113 1362 2341 1413 Beanlagung. Das lang ausgesponnene Schauspiel setzt sich aus
1116 1401 2355 1452 einzelnen Situationskomplexen zusammen, die abgetrennt von
1122 1441 2336 1489 einander, verselbstständigt in Dramolettform eine unvergleichlich
1111 1474 2351 1527 stärkere Wirkung hätten ausüben können. Das Verhältnis das alten
1108 1519 2342 1571 Künstlers und Ronés Fichtner zu seinem Sohn, das Kern¬
1721 1558 2339 1610 sich in wenigen unmittelbar
1115 1561 1720 1614 problem des Stückes, läßt
1114 1611 2341 1656 sich folgenden Scenen mit völliger Prägnanz darstellen.
1116 1628 2341 1682 Nicht einmal eine weiter greifende Umbildung wäre dazu
1109 1678 2350 1723 notwendig, man hätte nur das im Stück Zerstreute konzentrierend
1115 1716 2351 1763 aneinander zu reihen. Und auch die Begegnung Fichtners mit seiner
1122 1750 2344 1802 früheren Liebe, der Schauspielerin Herms, dem leichtlebigen, an¬
1119 1781 2357 1842 scheinend so oberflächlichen Geschöpf, das sich nun im verzehrenden
1112 1829 2339 1888 Mutterinstinkt nach einem Kinde sehnt, ist ein Einakter im Keime,
1117 1874 2359 1925 ebenso die allerdings recht dunkle Liebesepisode zwischen der mystisch
1113 1904 2359 1953 schwärmenden Johanna und Stephan v. Sala, dem eisig kalten
1123 1943 2341 1989 Egoisten. Die Verbindung zu einem Schauspiel hebt bei Schnitzler
1123 1981 2341 2025 nicht das Einzelne, sie hemmt es nur in seiner freien Entfaltung;
1126 2025 2350 2072 die Teile drücken, pressen und beengen sich. Der Einheit gebende Ge¬
1114 2042 2359 2105 danke aber, daß der Weg der Genußsüchtigen und Pflichtenlosen, wenn
1114 2097 2355 2145 die Lebenshöhe überschritten, ein einsamer Weg ist voller Furcht
1119 2137 2356 2177 und Traurigkeit, blieb durch die Loslösung der Glieder von einander,
1124 2189 2339 2242 durch die Verwandlung des Dramas in eine Einakterreihe, un¬
1116 2223 1287 2281 berührt.
1200 2240 2350 2312 Der Maler Fichtner hat die Braut des Freundes verführt und
1114 2295 2359 2349 ist dann, als sie bereit war, ihm zu folgen, heimlich entflohen. Seine
2067 2348 2098 2371 01
1118 2342 2358 2403 Freiheit zu wahren, schien ihm kein Opfer fremden Menschenglücks zu¬
1287 2381 2357 2429 Mehr als zwanzig Jahre gingen seitdem ins Land.
1121 2391 1250 2439 groß.
1129 2424 2341 2476 Das Genie des einst Gefeierten ist in einem wilden, un¬
1126 2468 2350 2514 stäten Leben fruchtlos verzettelt, und nun leer, gebrochen,
1121 2494 2352 2557 hungernd nach Liebe, kehrt er nach Wien zurück. Der Sohn,
1124 2546 2351 2584 den Gabriele in der Ehe ihrem wackeren Gatten geboren, ist sein,
1121 2574 2356 2630 des Malers Fleisch und Blut. Fichtner, der sich um Felir früher
1115 2607 2343 2659 nicht gekümmert, meint, ernten zu können, wo er nicht gesät. In
1127 2658 2353 2709 der Angst der Einsamkeit soll ihm Felix ein Schutz und Schirm sein,
1121 2688 2357 2733 an dem jungen frischen Herzen will er sein erkaltendes wärmen. Ob
1124 2729 2356 2776 er ein Recht hat, nach allem, was geschehen, den Frieden des
1125 2767 2359 2828 Wegrathschen Hauses zu stören und, kurz nach der Mutter Felix
1132 2805 2355 2875 das Geheimnis seiner Geburt zu verraten, die Frage k## ihm
1123 2854 2350 2897 gar nicht in den Sinn. Was er zu brauchen meinte,
1121 2884 2368 2924 war er immer mit brutaler Hand zu nehmen gewöhnt.:
2278 2927 2343 2969 er
1138 2927 2283 2976 Diesmal gelingt es nicht. Felix empfindet zu weich,
1132 2969 2352 3014 ist zu sehr gezähmt, um, als er von Fichtner die Ge¬
1130 3001 2354 3049 schichte seiner Mutter hört, sich voll Empörung auf den Mann zu
1136 3051 2370 3093 werfen, der sie verführt und dann so feige verlassen hat. Er mag
1129 3080 2371 3139 nicht richten. Doch er fühlt, daß es aus ist auf immer zwischen
1140 3114 2367 3174 ihm und diesem Menschen. Dem, den er von Kind auf seinen
1132 3159 2363 3198 Vater nannte, dem armen Betrogenen, der in sorgender Liebe ihn,
1134 3199 2352 3259 die Schwester und die Mutter behütete, gehört sein Herz, kein Stück
1124 3238 2359 3296 davon dem Fremden. Klagend trägt Fichtner, trotzig still, mit
2175 3268 2363 3332 Stephan
1130 3281 2109 3337 eleganter Nonchalance sein konsequenterer Freund
2248 3315 2359 3360 ruft
1456 3309 2238 3378 die Einsamkeit. Haben wir denn,
1219 3320 1355 3376 Sala
1134 3325 1207 3364 v.
1969 3352 2223 3408 wie Liebe
2232 3345 2353 3415 giebt,
1775 3357 1971 3409 gegeben.
1137 3353 1697 3415 er dem Wehleidigen zu,
1693 3358 1775 3407 je
2245 3392 2359 3437 alles
1122 3396 2235 3443 waren wir nicht immer eigensüchtig bedacht, für
1132 3423 2366 3487 und jedes uns sofort bezahlt zu machen? Die Figur dieses
1130 3476 2370 3518 Weltmannes ist vortrefflich gezeichnet, aber leider nur durch melo¬
1135 3512 2372 3567 dramatisch romantische Fäden künstlich mit der Haupthandlung ver¬
1137 3545 2371 3594 lnüpft. Warum Johanna Wegrath, Felix' Schwester, die den vom¬
1138 3594 2363 3644 Arzte aufgegebenen Sala liebt, ins Wasser geht, bleibt
1137 3621 2363 3675 in der Motivierung völlig unklar. Der Dichter brauchte
1140 3657 2377 3715 den Effelt, um in dem melancholischen Schlußbild dieses
1135 3704 2377 3761 melancholischen Dramas uns die tragische Einsamkeit auch
1131 3741 2364 3798 dessen empfinden zu lassen, der, wie der alte Akademiedirektor
1183 3790 2368 3844 legrath, allzeit in selbstvergessender Hingabe für die Seinen ge¬
1218 3829 1327 3880 hat.
1207 3843 2370 3922 Die Darstellung war, wie nicht anders zu erwarten, ganz vor¬
1149 3908 2376 3952 züglich. Das interessanteste in diesem Schauspiel boten Else
1158 3946 2373 3991 Lehmann als Schauspielerin Herms, Oskar Sauer als
1157 3984 2370 4050 Akademiedirektor Wegrath und Bassermann in der Rolle des
1149 4017 1498 4089 Stephan v. Sala.
2210 4026 2302 4086 dt.
