3484 4384
165 318 438 396 — e Gr
177 350 810 443 us Mähren und Schlesien
221 433 455 511 Brünn.
181 484 512 585 Abendblatt
807 533 2009 608 kum aufgenommen worden. Auch diese Tragödie ist die
815 595 2020 678 Tragödie des epikuräischen Egoisten, der immer nur dem
830 647 2008 716 Genusse der Stunde lebt und der dann, wie „Jedermann“,
162 649 816 765 #ter vom Dezember
825 694 2022 764 in der Stunde des Todes und in der Stunde vor dem
815 740 2021 813 Tode einsam und allein dasteht. Man kennt die zwei
172 749 496 849 m März.
820 799 2018 870 egoistischen Helden dieses nachdenklichsten Dramas von
571 776 774 888 G 4
165 829 508 918 n v. Wymetal.
825 839 2016 910 Schnitzler, den Maler Fichtner, der zuerst die Schauspiele¬
822 892 2025 965 rin Irene und dann die schöne Gabriele im Stich läßt,
176 894 485 977 BBurgthegter.
831 934 2017 1009 nur um seine Freiheit als Unterpfand von zahllosen Ge¬
176 933 823 1032 iTheaterbriefen die Bühnen¬
828 990 2022 1051 nußmöglichkeiten nicht einzubüßen, und den Dichter Sala,
198 998 830 1073 Stadt Wien von zwei bis
838 1041 2019 1108 der eine Gattin zu Tode gequält hat und ein ihm zärt¬
199 1043 826 1120 Eine solche, von außen her
833 1070 2027 1159 lich entgegenblickendes Mädchen nicht zur rechten Zeit als
195 1098 831 1163 der kritischen Analyse zeigt
832 1125 2039 1205 Lebensgefährtin an sich zieht, aus dem Buche, das schon
188 1142 823 1213 bergänglich und vergünglich die
832 1171 2037 1260 1904 im Verlage von S. Fischer erschienen ist, und von
184 1186 833 1271 nisse ist, über die man sonst
842 1224 2023 1301 einem Ensemblegastspiel Otto Brahms (im Mai 1906)
180 1239 830 1315 lich und pflichtgemäß zu be¬
844 1271 2028 1357 her. Die Grundstimmung des mittelalterlichen Mysteriums
172 1292 829 1367 Adas mit dem Lärm einer gan¬
833 1324 2030 1405 und des modernen Schauspiels ist merkwürdig verwandt.
176 1338 831 1416 Sensation auftauchte, ist nach
836 1368 2036 1462 Der einsame Weg ist ein Irrweg. Nur sieht der mittel¬
187 1388 833 1473 eder schon ganz verklungen oder
832 1415 2028 1516 alterliche Dichter die Erlösung vor allem in den guten
180 1450 408 1514 geworden!
843 1463 2038 1561 Werken und im Glauben, der moderne Dichter findet sie
190 1464 829 1554 kt sich der Vierteljahrsrückblick
837 1526 2035 1626 aber ausschließlich in der Liebe und in den Opfern der
199 1540 831 1612 die ganze Zeit hindurch dar¬
841 1571 2032 1650 Liebe ... Der Vergleich der Darstellung des „Einsamen
185 1583 828 1674 lche Dichtungen neu oder neu
847 1626 2039 1710 Weges“ fällt nicht so sehr zuungunsten des Burgtheaters
173 1643 826 1702 en Wirksamkeit in Wien ent¬
843 1674 2041 1748 aus. Den einen Lebensartisten Sala spielte hier Herr
177 1684 835 1773 ker selbst oder aber an anderer
844 1711 2042 1803 Walden, mehr mondän und mehr kühl, aber gleichwohl
188 1732 832 1812 wurden als Novitäten „Das
844 1764 2037 1843 nicht weniger wirksam als seinerzeit Bassermann.
188 1783 834 1855 Ermann“ von Hugo v. Hof¬
844 1815 2045 1887 Den andern, scheinbaren Lebenskünstler Fichtner gab
204 1832 838 1905 einsame Weg“ von Artur
841 1861 2041 1949 [Devrient um ein Beträchtliches weniger schwerfällig
186 1882 844 1955 e Auswahl von Neuheiten ist
852 1921 2046 2001 als damals Emanuel Reichar, aber auch noch immer
185 1933 833 2000 lgend und fesselnd wärc es ge¬
849 1954 2047 2056 nicht leicht und beweglich genug. Unendlich zurück stand
189 1973 839 2057 kater zum Beispiel von Hof¬
851 2005 2038 2095 leider das schöne, aber offenbar doch keiner schauspieleri¬
193 2032 835 2110 tete Venedig" und von
852 2071 2048 2151 schen Entwicklung fähige Fräulein Wohlgemuth gegen
198 2074 831 2149 nen „Schleier der Bea¬
858 2107 2049 2194 ihre Vorgängerin Triesch; die Rolle der problematischen
185 2134 845 2199 eides Schauspiele voller Eigen¬
859 2156 2048 2259 Hysterikerin Johanna, die den Anschauungen ihrer Familie
190 2184 840 2243 eides Stücke, die den Wienern
857 2208 2044 2305 zum Trotz Salas Geliebte wird und sich dann in einem
194 2232 843 2298 ich auch Stücke, bei denen man
853 2256 2056 2360 Teich in Salas Garten ertränkt, weil ein Herzleiden dem
205 2278 846 2351 herausgefordert worden wäre,
859 2310 2061 2414 geliebten Mann kein langes Leben mehr gestattet, bedarf
204 2330 839 2394 ner die Berliner Uraufführun¬
862 2356 2053 2452 eines ganz ungewöhnlichen Darstellungstalentes, um
213 2377 849 2445 „Jedermann, das Spiel vom
853 2394 2061 2498 glaubhaft zu wirken. Fräulein Wohlgemuth, die Heroine
192 2421 851 2497 nes“, hat erst im März und
858 2467 2063 2552 des Burgtheaters, die erst vor kurzem die edlen Verse von
222 2475 845 2546 dem zur Kirche umgestalteten
871 2497 2058 2601 „Tassos“ Prinzessin so klingend vorgetragen hat, sprach
198 2525 864 2598 hardts wirkungssicherer Regie
860 2550 2057 2642 diesmal auch auffallend schlecht, ein Mangel, der zur
191 2571 846 2648 bt. Die Aufführung des Burg¬
860 2609 2056 2693 vollendeten Redekunst ihres Partners Walden in ärger¬
205 2617 852 2696 hrem Gesamteindrucke mit der
863 2646 2068 2742 lichem Gegensatze stand und der in den feinsten Szenen
204 2673 850 2747 fn. Der Grundgedanke der In¬
868 2696 2069 2779 des Schauspiels Unruhe und Husten im Zuschauerraum
195 2712 852 2790 iers, der Reinhardtschen Fülle
863 2741 2064 2854 hervorrief. Besser am Platz und wahrscheinlicher, als die
207 2766 862 2842 klangeffekten eine große Spar¬
874 2791 2067 2880 Realistin Frau Lehmann, war Frau Bleibtreu
201 2804 866 2885 enüberzustellen, war gut. Allein
865 2839 2056 2940 als einstige Theaterdiva und ehemalige Geliebte Ficht¬
201 2864 867 2934 icht ganz vermieden werden, daß
869 2881 2074 2972 ners, die im Frieden des Landlebens Zuflucht gefunden
202 2919 857 2991 rblose Moralität gar zu ein¬
874 2935 2068 3033 hat. Frau Bleibtreu war auch die einzige, die den leisen
213 2961 864 3031 e. Im wesentlichen hat auch
871 2990 2069 3088 wienerischen Ton traf, den alle Personen dieses wieneri¬
219 3006 858 3091 stöckige Mysterienbühne beibe¬
871 3041 2066 3142 schen Schauspiels, wenn auch nur ganz schwach, festhalten
242 3063 861 3132 knappere Raum nach einer
873 3091 2069 3186 sollen und der sonderbarerweise im Wiener Burgtheater
248 3110 867 3176 Begrenzung. Überlegen war
876 3138 2079 3226 sonst völlig fehlte. Schnitzlers Stück selbst ist in dem Jahr¬
231 3159 864 3230 allein Treßlers Satanas,
880 3178 2080 3292 zehnt seines Daseins schmerzlich schnell nachgedunkelt; seine
218 3206 863 3298 enden Humor und seinem ellen¬
877 3237 2073 3324 Schönheiten glänzen matter, seine seither vom Verfasser
221 3257 864 3332 Stünde etwas gekürzten Teu¬
888 3282 2079 3382 selbst und von anderen noch oft abgewandelten Gedanken
222 3302 879 3381 e Kapriolen verübte. Dagegen
879 3332 2050 3440 wirken weniger tief, als sie ehemals scheinen mochten.
217 3358 876 3429 zenierung, so auch die Einzel¬
214 3403 876 3486 hrsteller schwächer, als die der
956 3379 2088 3486 Ein bißchen verblaßt schien auch Schnitzlers „Lite¬
239 3449 887 3519 die neuestens wieder mehr in
886 3452 2078 3548 ratur", als sie, als Schlußstück eines Novitäten=Ein¬
230 3501 887 3578 Frau Kallina als „Buhl¬
880 3498 2083 3601 akter=Abends zwischen den vorbeschriebenen zwei abend¬
234 3550 880 3625 Straßni als „dünner Vet¬
887 3551 2092 3642 füllenden Neuheiten, ebenfalls nicht zum erstenmal in
226 3589 882 3672 kaulsen mit seinem biederen
888 3601 2089 3693 Wien, wohl abor als Premiere des Burgtheaters vor uns
217 3646 883 3732 ochfahrenden, hochmütigen „Je¬
895 3648 2098 3741 hintrat. Für diesen Einakterabend gilt, was über die Ein¬
228 3694 886 3779 des Todes noch nicht berührt
894 3693 2093 3793 führung der „einsamen Wegs" und „Jedermanns“ ins
225 3747 877 3828 chten, demütigen, reuigen Sün¬
886 3747 2085 3846 Burgtheater gesagt wurde. Als Mittelstück des Abends
229 3792 871 3876 spern, wie das der hysterische,
888 3798 2084 3902 wurde Courtelines „Boubouroche“, als Einleitung
225 3848 884 3932 je brachte. Ebensowenig konnte
890 3847 2095 3940 Wedekinds „Kammersänger“ aufgeführt. Gewiß ist
209 3898 880 3976 gelle Kunst die urweltliche Alb¬
888 3895 2100 4004 es ein Verdienst, daß Direktor Thimig einem so re¬
231 3946 887 4023 rs grauenvollem „Mammon“
893 3944 2096 4044 präsentativen Zeitgenossen, wie es Wedekind ist,die bis¬
232 3992 892 4068 r Frau Medelsky als Ver¬
896 4000 2097 4092 her verschlossenen Tore des Burgtheaters endlich öffnet. Aber
223 4045 881 4118 ten Werke“ Jedermanns schlicht
908 4044 2099 4146 für diesen Zweck wäre unbedingt ein anderes Werk zu
220 4093 882 4174 doch die kleine Lia Rosen in
902 4091 2096 4194 wählen gewesen: für das in Wien noch nicht gegebene
221 4142 891 4222 stigkeit weitaus rührender und
895 4137 2097 4252 Versdrama „So ist das Leben“ hat hier nur das
244 4190 892 4267 e Fehlbesetzung war es, Jeder¬
908 4183 2104 4286 Burgtheater die geeigneten Darsteller, und zweifellos
244 4241 897 4313 Frau Senders spielen zu
238 4235 2105 4364 it. die in dieser Rolle mit ihr hätte Wedekind auch seine neueste Schöpfung, den „Sim¬
1492 4278 2109 4374 15esBurgtheaters gern gutr
2016 515 3207 596 hätte, so mußte er und durfte kein anderer den
2023 559 3210 649 „Kammersänger“ spielen! Eine Meisterleistung darstellen¬
2017 608 3211 702 der Kunst war der „Boubouroche“ Treßlers, der dick¬
2028 658 3224 741 bäuchige, klassische Spießer, dessen Verhängnis es ist, in
2023 704 3223 810 seiner Gutmütigkeit von den Frauen an der Nase her¬
2029 745 3226 832 umgeführt zu werden. Bloß ein ganz klein wenig zuviel
2026 805 3222 885 Kunstmäßigkeit war in der Figur, und mit Wehmut mußte
2028 855 3225 953 man des ersten Wiener Boubouroche, Balajthys, geden¬
2023 899 3235 982 ken, der dieselbe Rolle vor Jahren im Raimund=Theater
2038 947 3230 1038 noch zu Herzen gehender getroffen hat der dann unter
2029 1007 3233 1079 Berger ans Burgtheater kam und der nun, gleich Stella
2039 1042 3243 1145 Hohenfels, infolge einer seltsamen psychischen Hem¬
2038 1081 3253 1187 mung die Bühne überhaupt nicht mehr betritt. Frau
2031 1147 3246 1232 Retty als lieblich lächelndes, niederträchtig betrügeri¬
2033 1204 3256 1285 sches Weibsstück ist genau so graziös und anmutig, wie
2041 1228 3247 1329 es einstens Lili Petri war. — Die „Literatur“ war
2045 1277 3255 1370 in früheren Jahren bedeutend lustiger, oder aber, sie ist
2040 1333 3257 1426 viel munterer gespielt worden. Wenigstens hat man in an¬
2040 1380 3255 1485 deren Theatern über diese fröhlichste von den „Lebendigen
2041 1429 3257 1541 Stunden“ ungleich mehr gelacht als im Burgtheater. Ein¬
2044 1473 3251 1586 zeln betrachtet, war Treßler ein tadellos näselnder
2044 1546 3257 1617 Klemens, Heine der richtige ruppige Literaturzigeuner
2055 1586 3250 1683 und Fräulein Marberg eine entzückend-modern anger
2047 1622 3275 1724 zogene, mit einem hohen Altwiener Gesteck und anmutigen
2049 1677 3264 1772 Ringellöckchen sehr apart frisierte, graziös=schnippische
2060 1730 3269 1828 Margarete. Allein die drei guten Einzelleistungen schlossen
2053 1771 3267 1872 sich nicht zu einem ebenso guten Ganzen zusammen. Das
2049 1829 3268 1933 hochedle Burgtheater hat bereits zu Beginn den „Kam¬
2055 1861 3279 1971 mersänger“ und nachher „Boubouroche“ und erst recht zum
2061 1929 3266 2014 Schluß „Literatur“ viel zu feierlich und gewichtig genom¬
2052 1953 3275 2069 men. Just bei der Komödie Wodekinds und Schnitzlers ist
2057 2034 3287 2114 aber ein sausendes Tempo schon die halbe Bürgschaft des
2060 2081 3275 2163 Erfolges! Die Unkenntnis des Wiener Dialektes störte in
2064 2107 3271 2226 „Literatur“ bei Fräulein Marberg, die bisweilen, statt
2056 2171 3278 2289 zu wienern, jüdelte, und auch bei Treßler ziemlich arg.
2367 2251 2463 2294 4.— *
2136 2218 3275 2330 Diese Nicheveyerrschung des wienerischn Jargons
2073 2284 3280 2388 oder wenigstens des österreichisch=bajuvarischen Dialektes
2075 2332 3296 2435 war es auch, die Herrn Treßler in dem am Silvester¬
2065 2394 3302 2481 tage neu inszenierten „Verschwender“ als Valentin:
2063 2427 3312 2550 nicht den Gipfel erreichen ließ, den er sonst erreicht hätte
2066 2476 3319 2577 und den Girardi in dieser Rolle erklimmt. Immer¬
2063 2516 3305 2628 hin ist es erstaunlich, wie tief sich der norddeutsche Künst¬
2066 2550 3331 2667 ler in diese durch und durch süddeutsche Figur eingelebt
2072 2622 3330 2712 hat! Ganz unvergleichlich ist seine Gegenspielerin Fraus
2079 2665 3344 2771 Medelsky als Rosl. Man staunt, welchen Reichtum von
2078 2720 3304 2818 urwüchsigem Humor und bodenständigem Wienertum die
2074 2762 3341 2878 Künstlerin vor uns ausbreitet, und man bedauert es leb¬
2081 2804 3316 2926 haft, daß ihr der Burgtheaterspielplan, der traurigermaßen
2077 2869 3314 2968 von Raimund und Anzengruber nur an Aus¬
2075 2904 3328 3006 nahmstagen etwas weiß, zum Entfalten dieser Seite ihren
2085 2977 3348 3066 Begabung so gar keine Gelegenheit gibt. Als Dritter in
2085 3013 3335 3117 Bunde ist Devrient zu nennen, der mit der Episodes
2090 3064 3348 3168 des Chevaliers Dumont das bietet, was man mit einen
2089 3115 3294 3220 abgegriffenen Ausdruck Kabinettstück nennt. Auch soni
2092 3157 3294 3267 bringt der neu inszenierte „Verschwender“ Nettes und An
2096 3223 3339 3314 genehmes: Reimers ist ein eleganter Flottwell, Fräu
2090 3266 3284 3374 lein Wohlgemuth eine hoheitsvolle Fee Cheristane
2086 3314 3282 3429 Heine ein genügend verschlagener Wolf, Baun
2092 3358 3282 3459 gortner ein ergötzlicher Schwindelbaumeister Socken
2091 3407 3276 3515 Frau Senders ein drolliges altes Weib, und Zeske
2085 3459 3297 3564 benutzt als dienstbarer Geist Azur die Gelegenheit, seines
2101 3503 3297 3605 angenehmen Bariton erklingen zu lassen. Eine Schand
2095 3579 3297 3665 sind aber die Dekorationen, deren unehrwürdiges Alte¬
2093 3611 3301 3717 der stolzen Ankündigung: „Neu inszeniert" Hohn spricht
2178 3671 3299 3762 In der neuen Inszenierung von Hardts „Tantris
2104 3705 3316 3817 der Narr“, die als vorletzte Gabe der Berichtszeit zu
2105 3758 3308 3855 erwähnen ist, sind die dekorotiven Rahmen noch unver¬
2107 3807 3305 3909 blichen, und leuchtend und groß sind auch die erhaben
2103 3856 3295 3957 Königin Isot der Frau Bleibtreu und der ehern
2108 3901 3298 4006 Herzog Denovalin des Herrn Devrient geblieben. Da¬
2105 3945 3297 4059 gegen vermag Heine als König Marke mit all seiner
2104 3986 3300 4097 Geistigkeit und Persönlichkeit nicht die strahlende Güte
2110 4051 3303 4151 Sonnenthals und Treßler bei all seiner Viel
2115 4089 3300 4197 seitigkeit als Tristan von Lonnois nicht Kainzensge
2114 4142 3304 4251 heimnisvollen Nimbus zu ersetzen. Und ist es die Minde
2109 4202 3310 4288 rung der Kraft zweier Hauptdarsteller oder die nagende
2109 4234 3309 4339 Gewalt der Jahre — auch „Tantris der Narr“ hat vor
3258 4257 3401 4321 4—.
