3436 4352
1419 342 1855 423 box 23/1
245 342 1253 448 18. Der einsane Neg
1606 675 1778 768 —
1063 782 1501 865 Ausschnitt aus
1007 971 1650 1086 (Scutsche Warte, Bertir
1176 1034 1284 1089 —.—
1146 1151 1417 1244 FEB. MUN
1064 1174 1169 1269 94
939 1396 1818 1495 Warfe ung- Mfür Kunst,
922 1473 1820 1565 IWisenschaft ue und Lifferatur
902 1595 1840 1657 ## Deutsches Theater. Erstaufführung
899 1654 1844 1702 von Artur Schnitzlers fünfaktigem
912 1689 1853 1733 Schauspiel: „Der einsame Weg.“ Das
920 1734 1849 1782 neue Stück ist trotz der Mühe, welche sich die beifall¬
907 1780 1847 1829 spendenden Freunde des Dichters mit ihrem Applaus
905 1818 1839 1888 gaben, als abgelehnt zu betrachten. Zischen und Ge¬
915 1864 1843 1907 lächter überwogen bei den letzten Aktschlüssen, nament¬
905 1906 1849 1965 lich bei dem vierten. Die vorurteilslose Kritik kann
906 1951 1858 1999 das abfällige Urteil des Publikums nur gut heißen¬
911 1993 1844 2039 Es wird in diesem Stücke so viel geredet, „so
914 2032 1846 2098 schön und manchmal so gediegen geredet, sdaß
913 2085 1849 2143 man mindestens ein halbes Dutzend netter Feuillzions
903 2129 1848 2180 über das Thema: „Heiraten oder nicht heiratzn?“
1758 2167 1857 2224 ein
912 2165 1746 2238 daraus zurechtschneiden könnte. Aber auch
913 2214 1855 2274 Dutzend geistreicher Plaudereien geben noch kein P#tes
904 2265 1846 2313 Theaterstück. Die packende Hundlung fehlt, des Ge¬
915 2302 1852 2351 dankens Blässe waltet fast allein. Der einsame Weg
906 2339 1850 2406 ist derjenige der alten Junggesellen, die fessellosen Genuß
902 2378 1860 2443 und unbeschränkte Freiheit in der Jugend mit Einsam¬
913 2436 1850 2490 keit und Liebeleere im Alter büßen. Die unstillbare Sehn¬
914 2482 1857 2519 sucht nach der Liebe zum Linde und nach der Liebe
908 2522 1859 2572 des Kindes ist die Sühne für den ehrlosen Egoismus.
903 2564 1849 2624 Der Maler Julian Fichtner hat ein junges Mädchen
922 2611 1846 2655 verführt, entzieht sich aber der Ehe mit ihr. Sein
909 2653 1856 2695 Freund, auch ein Maler, der Gabriele ebenfalls liebt,
908 2692 1857 2750 nimmt sie zum Weibe und erzieht den Sohn Fichtners
906 2735 1853 2798 im Glauben, er sei sein eigener. Nach dem Tode
916 2781 1856 2839 Gabrielens kehrt der gealterte Fichtner zu dem in¬
915 2822 1853 2872 zwischen zum Akademiedirektor avancierten Freunde zu¬
919 2869 1852 2911 rück und entdeckt, der Stimme des Blutes gehorchend,
908 2912 1854 2971 dem Sohne Gabrielens, seinem Sohne, das Geheimnis
910 2958 1857 3018 seiner Herkunst. Aber das Ergebnis dieser Enthüllung
913 2999 1857 3045 ist nicht das gewünschte. Der Sohn weist den egoisti¬
910 3039 1852 3096 schen Verführer der Mutter von sich und nimmt Partei
915 3082 1851 3129 für den Mann, der ihn in väterlicher Liebe erzogen hat.
920 3130 1842 3176 Einsam bleibt der Altersweg des unglücklichen Fichtner.
912 3165 1845 3230 Daneben geht noch ein zweiter skeptischer, egoistischer,
920 3215 1847 3287 alter Junggeselle, der Dichter von Sala, welcher
915 3255 1858 3313 noch an der letzten Grenze des Mannes¬
902 3313 1854 3355 alters mit zerstörter Gesundheit die Liebe der
905 3356 1849 3407 etwas hypernervös und hellseherisch veranlagten
917 3394 1849 3439 Tochter des Akademiedirektors gewinnt. In der
903 3435 1846 3491 Hoffnungslosigkeit dieser Liebe geht sie freiwillig in
905 3480 1851 3517 den Tod, den selbstischen Liebhaber nach sich ziehend.
917 3521 1849 3577 Nur eine ältere unverheiratete Dame, die ehemalige
908 3567 1855 3621 Schauspielerin Irene Herms, verzehrt sich einsam in
904 3604 1850 3655 der Sehnsucht nach dem Kinde, das sie beinahe aus
915 3661 1659 3711 einem Verhältnis mit Fichtner gehabt hätte.
948 3682 1861 3748 Die Darstellung war keineswegs so musterhaft, die
912 3735 1905 3813 Rollenbesetzung keine so geschickt gewählte, wie man sie 1
1860 1287 2798 1361 sonst im Deutschen Theater gewöhnt ist. Am besten
1861 1355 2797 1422 waren Albert Bassermann (von Sala) und
1864 1390 2812 1469 Rudolf Rittner (Fichtner), während Else
1862 1441 2800 1487 Lehmann zwar im Spiel eine vortreffliche, frisch
1867 1483 2798 1546 humoristische Irene Herms war, jedoch in ihrer äußeren
1869 1528 2810 1577 Erscheinung nicht zu der dramatischen Figur paßte,
1876 1576 2802 1621 wie sie vom Autor gezeichnet war. Oskar Sauer und
1868 1619 2802 1672 Kurt Stieler als Wegrath sen. und jun. fanden
1866 1664 2806 1705 sich mit ihren Rollen leidlich ab, doch kann man selbst
1861 1702 2808 1754 dieses mäßige Lob nicht einmal Irene Triesch (Jo¬
1871 1748 2794 1804 hanna Wegrath) und Hans Godeck (Dr. Reu¬
1868 1789 2805 1836 mann) zuerkennen. Artur Schnitzler wohnte
1865 1838 2801 1887 selbst der Erstaufführung seines Stückes bei und erschien
1871 1876 2809 1930 bei den Aktschlüssen dankend vor dem Auditorium. R.
