3484 4352
1403 325 1879 408 box 23/1
265 326 1270 423 18. Der einsane Neg
740 1111 1211 1243 e Post, Beriin
667 1424 1047 1504 44 FBN990
1475 1431 2327 1510 W
1412 1501 2344 1546 Wien herübergewandert sind. Und der Magus des
447 1518 1249 1603 Deutsches Theater.
1421 1543 2341 1591 Nordens scheint selber seinen, mit der sittlichen
1416 1588 2334 1634 Forderung aufdringlich hausierenden Gregers Werle
670 1572 1408 1648 ersten Male: „Der einsame
546 1585 623 1662 31
1426 1626 2339 1669 aus der „Wildente“, zu widerlegen, wenn einer
477 1624 1410 1687 Weg.“ Schauspiel in fünf Akten von Arthur
2288 1652 2346 1698 es
1422 1649 2258 1701 der Raisonneure des Schnitzlerschen Stückes —
487 1676 774 1735 Schnitzler.
1419 1699 2344 1743 ist der übliche Arzt — den Gedanken prägt oder
558 1686 1412 1756 Der Dichterkreis, dessen Werke uns die
1422 1729 2349 1787 besser aus dem Schauspiel selbst als reinsten Kern
483 1746 1415 1812 Bühne Otto Brahms übermittelt, ist klein. Der
1418 1767 2345 1817 herausholt: eine Lüge, die sich so stark erwiesen
478 1783 1425 1836 peinlichen Mühe, neue Talente zu suchen, irgend
1423 1807 2338 1855 hat, daß sie den Frieden eines Hauses tragen
489 1825 1414 1879 einen Unbekannten hinter dem spärlichen, ewig
1431 1849 2339 1898 kann, ist mindestens so verehrungswurdig, als eine
487 1873 1412 1925 staubigen Ephengerank, das den Orchesterraum in
1427 1881 2340 1924 Wahrheit, die nichts anderes vermöchte, als das
476 1903 1413 1959 der Schumannstraße sinnig überspinnt, zu Worte
1426 1920 2346 1967 Bild der Vergangenheit zu zerstören, das Gefühl
480 1942 1412 2013 kommen zu lassen, unterzieht man sich nicht. Das
1415 1960 2351 2023 der Gegenwart zu trüben und die Betrachtung der
486 1980 1359 2030 Theater hat seinen wohlbegründeten Ruf, und
1419 1990 2343 2050 Zukunft zu verwirren. Diese lebende Lüge aber
496 2015 1414 2085 so sehr ihm der ärgerliche Abfall mancher Stütze
1437 2030 2341 2081 ist der Sohn des Akademieprofessors Wegrath.
478 2042 1429 2115 und die schlaue und geschickte Konkurrenz am
1434 2069 2338 2114 Sein wahrer Vater ist der Maler Julian Fichtner,
480 2094 1412 2147 Schiffbauerdamm auf die Dauer schaden würden
1431 2105 2344 2153 der knapp vor ihrer Hochzeit mit dem Freunde die
2161 2141 2347 2191 — in rich¬
482 2139 1412 2192 — sein kleiner Zuschauerraum mit den folterartig
1430 2151 2148 2196 hübsche Gabriele verführte, ohne aber —
488 2170 1418 2240 engen Sitzen ist bald gefüllt. Der Besitzer des
1431 2176 2346 2236 tiger Erkenntnis seines alles seßhafte Glück ver¬
1430 2227 2345 2281 schmähenden Charakters — die Konsequenzen zu
480 2222 1424 2275 Hauses, der gern in Volksstücken das treue teutsche
1425 2260 2350 2314 ziehen und die Geliebte zu seinem Weibe zu
488 2263 1424 2304 Gemüt nach außen hängt, hat sogar die Damen¬
1435 2305 2271 2345 machen. Er flieht vor ihr statt mit ihr.
475 2293 1421 2344 spende eines Wiener literarischen Unternehmers
1426 2307 2358 2384 Nach Jahren und Jahren wird er erst wie¬
491 2320 1422 2394 für den geeigneten Platz gehalten, in einem sonst
1431 2366 2344 2419 der von dem ahnungslosen Wegrath als Freund
482 2370 1414 2424 nicht bemerkenswerten Verslein davon zu handeln,
1423 2404 2348 2472 in die Familie eingeführt, und die Sehn¬
491 2409 1423 2464 daß offenbar der blanke, blasse Neid alle Dichter
1438 2449 2348 2506 sucht, den kräftig und stolz emporgeschos¬
481 2441 1421 2510 und Kunstindustriellen verfolgt, die viel Geld verdie¬
1432 2487 2345 2528 senen Jungen, der jetzt ein schmucker Leut¬
485 2486 1425 2538 nen. Es wäre schade, wenn der minder volkstüm¬
1434 2523 2340 2571 nant von 23 Jahren ist, als Sohn an sein altern¬
494 2527 1417 2575 lich bemühte, aber klügere Direktor des Deutschen
1425 2558 2349 2614 des Herz zu nehmen, quält den Vereinsamten, der
478 2559 1422 2629 Theaiers, der bald den größeren, von Blumenthal
1424 2608 2358 2654 auch langsam die Begeisterung zu seiner Kunst
493 2617 1422 2666 in witziger Stunde auf Lessings Namen getauften
1431 2633 2344 2684 und den Glauben an sein Genie weichen fühlt.
493 2642 1425 2695 Kunstttempel beherrschen wird, die Ansicht eines
1426 2684 2353 2724 Andeutungen der sterbenden Mutter haben Felix,
489 2682 1431 2746 Mannes zu der seinigen machen wollte, der bei
1433 2712 2353 2757 den Sohn, vorbereitet auf seltsame Geheimnisse,
482 2719 1423 2773 jedem seiner kritischen Widersacher nur den dum¬
1422 2756 2356 2798 von denen ihm die Schleier fallen sollen. Und
493 2762 1420 2819 men Aerger zu vermuten scheint, daß „Mein
1434 2797 2361 2847 als er nun bei dem unerkannten Vater ein Ju¬
488 2796 1420 2849 Leopold“ nicht sein Leopold war. Als Direktor
1438 2834 2360 2883 gendbildnis der Mutter aus jener Zeit der heißen
496 2837 1419 2891 des Lessing=Theaters wird sich Brahm kaum die
1439 2871 2351 2925 Sünden betrachtet, steigt ihm eine jener Ahnungen
482 2873 1419 2925 Bequemlichkeit auf die Dauer leisten können,
1429 2917 2353 2964 auf, die für das Schicksal der Personen dieses
486 2912 1418 2973 immer wieder das alte Kränzlein derselben Ge¬
1435 2953 2353 3000 Stückes eine fast so verhängnisvolle Rolle spielen,
483 2962 1422 3016 treuen abzuspielen und durch jeden Winter immer
1425 2985 2357 3038 wie für das Stück selbst. Gewohnheit, Neigung,
494 2997 1152 3052 denselben einsamen Weg zu gehen.
1438 3030 2356 3074 Dankbarkeit und Treue aber haben ihn dem, der
582 3033 1422 3085 Das sind Betrachtungen, die uns eine ge¬
1446 3065 2347 3114 ihm durch Kindheit und Jünglingsjahre als Va¬
489 3066 1431 3115 rechte Freude an den wenigen Premièren nicht
1437 3109 2350 3152 ter gegolten, so herzlich verbunden, daß er in
497 3110 1433 3168 rauben soll, die das „Deutsche Theater“ unter
1447 3143 2353 3192 ihm nur den wahren Vater ehrt, als schweres
491 3137 1429 3198 seiner jetzigen Leitung noch herausbringt. Voraus¬
1430 3192 2355 3235 Schicksal über das Haus horeingebrochen. Die
495 3183 1432 3239 gesetzt, daß sie Besseres bringen, als die heutige.
501 3229 1423 3269 Auf Hauptmann und Fulda folgte heute Arthur
1426 3224 2360 3286 einzige Schwester, Johanna, hat sich in einen
1433 3268 2353 3312 lebensklugen, vornehmen, kranken Mann verliebt,
496 3259 1416 3316 Schnitzler mit seinem fünfaktigen Schauspiel,
1318 3293 1419 3343 Ein
495 3300 1317 3362 das er „Der einsame Weg“ nennt.
1423 3292 2351 3348 Stephan von Sala, eine jener Naturen, die hinter
501 3333 1426 3388 Drama, dessen Vorgeschichte, kunstvoll und lang¬
1432 3344 2352 3389 eisiger Verstandeskühle ein für das Schöne em¬
497 3373 1431 3423 sam vor uns entrollt, uns interessanter scheint, als
1432 3370 2361 3429 pfängliches Herz vor Neugier und Mitleid des
488 3410 1420 3476 seine Handlung, und dessen Menschen als Kinder
1438 3417 2365 3468 Pöbels verbergen. Wohl plant er noch einen gro¬
497 3443 1431 3491 einer Zeit, die noch mehr auf Geist als auf Hal¬
1431 3455 2360 3511 ßen Zug nach Asien, uralte Herrlichkeit aus dem
495 3482 1424 3535 tung gibt, anziehender wirken, als seine roman¬
1435 3500 2365 3565 Schutt zu graben, aber sein Grab liegt auf dem
496 3518 1423 3574 tischen Geschehnisse. Die Fäden, die vom Grund¬
1431 3538 2367 3585 Wege. Er ahnt das nahe Ende nicht. Aber die
494 3562 1421 3611 gedanken sowohl wie von einzelnen Figuren zu Ge¬
1442 3578 2371 3630 Geliebte weiß es von ihrem Bruder; der vom Arzt.
497 3594 1417 3658 danken und Figuren Ibsens hinüberführen, wären
1433 3617 2370 3671 Und an dem Abend, da er der Geliebten, die hein
492 3636 1419 3683 leicht aufzufinden. Der geistreiche Mann, der den
1431 3652 2358 3706 lich längst die Seine war, seine Hand anbietet †¬
493 3678 1422 3718 Tod vor Augen hat, das stolze Mädchen mit dem
1428 3700 2376 3757 geht sie ihm voraus in den Tod. Freiwillig und
498 3710 1423 3771 visionären Zug, der Ahnungslose, dem die nie ent¬
1436 3721 2375 3780 ohne sentimentalen Abschied. Der nächste Mär¬
499 3744 1433 3796 deckte Lüge seines Familienlebens den letzten
1444 3771 2364 3837 gen gibt Stephan die Gewißheit des nahen Endes,
785 3784 1430 3841 das sind Gestalten, die aus des
499 3789 738 3841 Trost gibt
488 3807 2389 3900 Norwegers Ideenwelt nach dem Schnitzlerschen! und er kommt zurück und solat der Freunvin. Fe¬
3001 1430 3307 1507 K
2346 1496 3285 1562 lian Fichtner aber, verleugnet von seinem Sohn,
2353 1538 3284 1581 dem er nichts weiter gab, als — das Leben, wird
2345 1574 3288 1631 seinen einsamen Weg weiter schleichen, und die
2346 1614 3280 1671 freudlosen Tage werden ihn finden ohne Kind
2344 1657 3280 1723 und ohne Freund, ohne Trost und ohne Ver¬
2352 1700 2526 1755 trauen
2436 1714 3281 1787 Das ist das Stück. Es ist viel Sprunghaf¬
2348 1766 3282 1818 tes darin. Wie z. B. in der klugen Johanna eine
2348 1815 3282 1866 LLiebe wird und wächst, die sie dem reichen Spötter
2343 1852 3279 1894 Sala bedingungslos in die Arme legt und zum
2350 1890 3291 1951 Todesentschluß treibt, das ist kaum angedeutet.
2356 1926 3283 1975 Wir müssen uns damit abfinden: es ist so.
2357 1969 3279 2017 Schlimmer noch sind die „Ahnungen“, an denen
2344 1993 3288 2058 alle diese Menschen leiden. Im ersten Akt scheints
2359 2045 3277 2097 geradezu, als sollte eine heftige okkultistische Pro¬
2363 2089 3281 2144 paganda gemacht werden. Nicht nur die gute Jo¬
2354 2125 3283 2173 hanna hat die wunderlichsten Ahnungen, auch
2356 2157 3290 2218 Felix „ahnt“ mit großem Glück und liest aus dem
2357 2201 3293 2257 Jugendbilde seiner Mutter mit einer für einen so
2356 2229 3290 2298 jungen Menschen erstaunlichen Sicherheit ihr gan¬
2351 2265 3292 2344 zes Liebesschicksal. Kommt hinzu, daß manches
2350 2304 3288 2379 andere — wie die Gartenszene im vierten Akt —
2359 2346 3297 2405 romanhaft wirkt; daß endlose Dialoge, übrigens
2359 2384 3298 2461 von sehr hübschen feuilletonistischen Einfällen
2361 2440 3288 2488 lustig durchblitzt, den ersten Akten etwas Schlep¬
2350 2477 3284 2532 pendes geben; daß der erste Aktschluß ganz wir¬
2356 2521 3295 2567 kungslos bleibt, der vierte hart an die Grenzen
2363 2556 3283 2606 des Komischen streift. So konnte es kein Erfolg
2354 2595 3281 2638 werden und war auch keiner; obschon sich Schnitz¬
2356 2638 3257 2690 ler, von einigen freundlichen Händen gelockt, mehr
2364 2674 3240 2742 fach nach den Mittelakten an der Rampe zeigte.
2445 2711 3255 2776 Unter den Darstellern ragten hervor Rud#
2353 2755 3252 2811 Rittner, der den Julian Fichtner schlich
2377 2788 3213 2859 und eindringlich gab, Kurt Stieler, der
2359 2818 3197 2878 frischer, liebenswürdiger Bursche war, und
2362 2861 3209 2919 Lehmann, die, als Schauspielerin a. D., se
2351 2903 3255 2978 mit den Klagen ihrer unfreiwilligen Kinderlosigke
2368 2943 3243 2993 eine heitere Note geschmackvoll in das düstere Bi
2365 2979 3260 3029 brachte. In der besten Figur des Stückes, de
2364 3016 3270 3058 kühl=überlegenen, vornehmen Stephan von Sals
2356 3051 3258 3123 der vom guten alten Raisonneur der Franzosen al
2362 3093 3223 3144 stammt und Norwegen mit Nutzen bereist hat, so
2364 3134 3272 3186 Albert Bassermann in der Anlage einen in
2360 3170 3285 3219 teressanten modernen Typus; aber er hat nie
2363 3209 3271 3257 mals pfälzischer gesprochen, als an diesem Abend
2368 3247 3279 3291 da er sich um den Wiener Tonfall mühte. Irens
2359 3284 3270 3341 Triesch sah heute ungemein un=arisch aus, un
2367 3320 3280 3366 ihre Kunst blieb nicht ganz frei von Süßlichkeiten
2369 3362 3275 3405 Den letzten Abschied spielte sie mit schönen, ver
2360 3385 3294 3458 haltenen Herzenstönen, und daß man ihre Todesh
2361 3427 3328 3505 schauer auslachte, ist nicht ihre Schuld. R. P.
